4196 6294
736 527 777 585 4
1681 505 2146 577 PRINCIPIUM
2186 505 2466 573 SACRAE
2504 505 2991 581 SCRIPTURAE.

736 659 803 723 et
840 669 973 719 non
1006 650 1244 732 aliena,
1284 650 1369 714 sit
1406 649 1598 715 etiam
1638 647 1877 712 virtute
1902 661 2045 710 sua.
2075 641 2276 726 Prop-

734 767 911 830 terea
954 757 1462 844 frequentissime
1500 755 1570 820 in
1611 753 1938 838 Scriptura
1951 801 1972 832 ,
2004 752 2087 816 ad
2127 751 2283 816 insi-

734 872 1061 941 nuandam
1101 870 1212 935 Dei
1243 867 1659 954 primitatem‚
1692 864 1925 929 dicitur
1955 866 2017 927 ¹:
2057 884 2087 922 α
2114 860 2281 926 Deus

735 983 1002 1049 deorum
1020 1029 1040 1060 ‚
1097 998 1216 1044 rex
1263 994 1530 1058 regum,
1593 973 1900 1038 Dominus
1942 972 2278 1037 dominan-

734 1091 923 1156 tium.
960 1111 991 1150 υ
1022 1087 1294 1153 Includit
1331 1085 1528 1150 etiam
1565 1099 1802 1147 nomen
1840 1079 1949 1144 Dei
1980 1098 2112 1144 non
2143 1082 2283 1143 tan-

735 1203 876 1264 tum
931 1198 1320 1283 primitatem
1371 1188 2002 1276 imprincipiabilem,
2048 1206 2281 1253 verum

736 1308 931 1372 etiam
967 1308 1339 1388 potestatem
1388 1302 1526 1366 sive
1562 1297 2106 1366 universalitatem
2153 1295 2279 1359 illi-

735 1414 1108 1493 mitabilem,
1137 1420 1252 1496 per
1270 1429 1466 1495 quam
1493 1408 1753 1475 evidens
1779 1406 2050 1470 efficitur
2073 1404 2282 1469 invio-

732 1524 943 1590 labilis
996 1523 1234 1589 divinae
1296 1518 1647 1603 majestatis
1705 1514 2067 1581 auctoritas.
2130 1508 2282 1579 Haec

734 1635 948 1698 autem
996 1630 1106 1695 Dei
1146 1631 1423 1712 potestas
1464 1629 1559 1690 est
1606 1621 2033 1699 inimitabilis,
2081 1622 2146 1685 et
2185 1620 2293 1683 in-·

733 1737 1125 1806 coarctabilis
1156 1759 1175 1801 ε
1242 1730 1707 1799 incoarctabilis
1761 1728 2054 1812 quidem,
2126 1727 2284 1810 quia

732 1848 1222 1914 universitatem
1262 1847 1626 1909 creatorum
1654 1837 1958 1916 includit;
1999 1836 2282 1900 illimita-

732 1955 876 2020 bilis
901 1973 1058 2022 vero
1071 2004 1091 2035 ,
1121 1954 1273 2038 quia
1299 1952 1648 2016 terminum
1682 1945 2033 2011 durationis
2060 1945 2282 2008 exclu-

731 2063 846 2127 dit.
875 2061 1037 2127 Nam
1074 2061 1145 2124 in
1177 2058 1417 2125 Judith
1453 2056 1695 2138 legitur
1722 2060 1787 2118 ¹:
1828 2076 1858 2113 α
1895 2051 2061 2116 Deus
2090 2053 2281 2117 coelo-

732 2190 879 2237 rum
892 2219 913 2252 ‚
955 2171 1212 2237 Creator
1259 2183 1578 2252 aquarum
1600 2212 1620 2243 ‚
1669 2168 1732 2227 et
1774 2161 2084 2227 Dominus
2134 2161 2284 2226 uni-

730 2297 937 2346 versae
966 2282 1301 2355 creaturae,
1331 2297 1361 2336 n
1397 2277 1710 2358 quantum
1738 2269 1821 2334 ad
1846 2267 2283 2333 universitatis

732 2388 1167 2470 subjectorum
1220 2382 1664 2448 inclusionem.
1716 2377 1798 2442 Et
1838 2376 1908 2439 in
1954 2374 2186 2443 Exodo
2214 2375 2237 2411 ⁸
2256 2394 2279 2439 .·

740 2521 773 2559 α
800 2496 1105 2561 Dominus
1131 2490 1433 2574 regnabit
1458 2490 1528 2553 in
1556 2491 1891 2564 aeternum,
1923 2486 1988 2548 et
2011 2484 2213 2563 ultra,
2244 2505 2275 2542 n

734 2605 1048 2688 quantum
1074 2602 1155 2666 ad
1171 2598 1429 2665 termini
1448 2592 1804 2661 durationis
1824 2590 2278 2656 exclusionem.

734 2713 893 2779 Cum
941 2712 1117 2778 enim
1159 2711 1229 2774 in
1283 2707 1581 2774 omnibus
1634 2702 1979 2785 agentibus
2032 2700 2157 2793 hoc
2204 2700 2286 2764 sit

734 2820 1180 2886 universaliter
1235 2834 1462 2882 verum
1477 2863 1495 2894 ,
1558 2812 1751 2895 quod'
1783 2811 2026 2894 quanto
2077 2824 2283 2888 agens

733 2925 1076 3011 perfectius
1102 2924 1296 2988 habet
1328 2922 1604 2986 sormam
1630 2935 1761 3001 qua
1791 2916 1959 2998 agit,
1990 2918 2166 2978 tanto
2195 2914 2287 2996 ip-

744 3054 892 3100 sum
915 3039 1011 3098 est
1036 3033 1356 3116 potentius
1382 3030 1454 3093 in
1479 3026 1770 3110 agendo:
1799 3027 1878 3089 ut
1905 3026 2147 3107 quanto
2175 3021 2288 3085 ali-

738 3143 896 3228 quid
923 3144 1020 3207 est
1045 3141 1340 3220 calidius,
1377 3139 1553 3201 tanto
1595 3132 1914 3218 potentius
1951 3133 2047 3197 est
2078 3131 2150 3195 in
2186 3149 2287 3195 ca-

672 3293 685 3306 ·
739 3252 1119 3331 lefaciend03
1150 3253 1215 3314 et
1247 3248 1300 3314 si
1339 3245 1510 3312 calor
1556 3245 1719 3308 esset
1756 3241 2044 3305 infinitus
2084 3240 2156 3302 in
2191 3257 2289 3303 ca-

736 3360 899 3439 lido,
934 3359 1200 3424 haberet
1234 3356 1459 3439 utique
1496 3351 1772 3417 calidum
1806 3348 2156 3433 potentiam
2184 3347 2284 3410 in-

743 3468 992 3532 finitam
1038 3466 1121 3531 ad
1176 3461 1703 3540 calefaciendum3
1761 3476 1843 3522 ex
1889 3474 2018 3539 quo
2068 3456 2288 3522 divina

742 3579 1037 3659 essentia,
1060 3594 1176 3660 per
1198 3592 1394 3658 quam
1421 3570 1843 3652 intelligimus
1859 3567 2035 3631 Dmm
2064 3582 2286 3647 agere,

745 3692 841 3754 est
866 3687 1152 3767 infinita,
1183 3700 1437 3749 necesse
1464 3684 1559 3745 est
1593 3677 1941 3763 potentiam
1978 3692 2114 3738 esse
2141 3673 2286 3736 inss-

744 3797 971 3860 nitam.
1004 3795 1240 3858 Omnes
1275 3786 1636 3875 philosophi
1669 3784 2104 3850 attribuerunt
2138 3781 2288 3846 inss-

745 3904 952 3969 nitum
980 3901 1315 3987 principi0‚
1344 3902 1420 3964 ut
1446 3896 1599 3962 dicit
1616 3891 1989 3978 *Aristoteles
2014 3890 2059 3954 ⁸.

843 4007 1332 4093 Comprehendit
1393 4005 1580 4069 tertio
1654 3996 2296 4083 incomprehensibile

745 4137 981 4186 nomen
1016 4116 1126 4182 Dei
1163 4112 1690 4197 inobliquabilem
1728 4106 2096 4192 aequitatem
2116 4153 2132 4184 ‚
2178 4122 2292 4187 per

746 4248 941 4315 quam
998 4226 1353 4293 ostenditur
1409 4220 1758 4288 immobilis
1814 4221 1879 4281 et
1922 4212 2290 4280 inflexibilis

745 4338 981 4404 divinae
1013 4333 1407 4400 auctoritatis
1436 4329 1708 4414 Justitia.
1741 4327 1811 4391 Si
1836 4324 2012 4390 enim
2038 4320 2291 4387 formali

743 4445 1115 4530 probatione
1154 4442 1323 4506 Deus
1366 4441 1463 4504 est
1499 4438 1734 4505 veritas
1771 4452 1886 4518 per
1921 4430 2287 4508 essentiam,

740 4558 818 4619 ut
849 4555 921 4618 in
958 4553 1198 4620 Joanne
1232 4549 1464 4614 dicitur
1485 4548 1547 4612 ⁸:
1585 4569 1617 4608 α
1645 4544 1787 4627 Ego
1814 4560 1960 4606 sum
1985 4540 2122 4619 via,
2173 4557 2291 4606 ve-

743 4663 898 4727 ritas
926 4666 989 4726 et
1013 4661 1175 4739 vita;
1206 4675 1239 4719 »¹
1265 4660 1330 4721 et
1355 4656 1623 4721 nomina
1648 4654 1716 4716 in
1742 4651 2055 4716 abstracto
2083 4664 2292 4711 essen-

743 4772 901 4837 tiam
960 4767 1389 4851 significantia
1450 4765 1660 4830 dicant
1721 4756 2290 4842 impossibilitatem

742 4873 1197 4958 permixtionis
1224 4868 1707 4955 oppositorum:
1736 4861 1903 4927 nihil
1929 4863 2025 4926 est
2052 4878 2288 4925 eonve-

740 4981 1051 5059 nientius,
1082 4999 1279 5063 quam
1311 4983 1387 5043 ut
1417 4974 1727 5041 rectitudo
1760 4971 1999 5038 divinae
2019 4969 2288 5054 justitiae

739 5089 1122 5173 reprehendi
1147 5075 1280 5153 n'on
1323 5084 1538 5171 possit.
1570 5082 1769 5147 Fovet
1808 5083 2027 5144 autem
2070 5077 2288 5142 divina

730 5197 984 5280 justitia
1008 5199 1073 5261 et
1112 5194 1419 5280 approbat
1452 5192 1659 5271 bona3
1698 5185 1866 5254 delet
1898 5190 1962 5251 et
1988 5184 2289 5268 reprobat

801 5400 815 5430 ¹
845 5398 1013 5462 Dent„
1050 5409 1106 5461 x,
1145 5399 1241 5462 ¹73
1274 5396 1290 5447 Ι
1325 5395 1471 5458 Tim.‚
1508 5404 1582 5456 vr,
1622 5395 1712 5456 153
1742 5391 1915 5456 Apoc„
1951 5399 2091 5452 xvii,
2126 5389 2202 5437 14.
2225 5411 2288 5426 -

738 5471 758 5503 ²
779 5470 984 5526 Iudith.
1017 5481 1091 5535 1¹,
1122 5471 1201 5520 Π.
1223 5468 1326 5509 —-⁸
1349 5465 1533 5531 Emod„
1561 5477 1650 5529 xv,
1685 5466 1764 5515 18.
1782 5489 1845 5503 -
1866 5462 1891 5498 δ
1910 5460 2085 5523 Arist„
2115 5457 2289 5523 Phys„

733 5540 825 5596 lib.
854 5546 945 5610 ΙΙΙ,
971 5547 1101 5597 text.
1129 5546 1211 5596 25.
1238 5569 1294 5583 —
1325 5543 1345 5575 ⁶
1370 5543 1535 5604 Joan„
1558 5550 1669 5603 xw,
1697 5539 1744 5587 6.
1764 5563 1825 5575 -
1844 5535 1865 5571 ⁸
1888 5533 2077 5597 Eat-od„
2102 5543 2285 5593 xxxw,

2392 644 2585 727 mala,
2640 648 2997 714 secundum
3048 648 3222 733 quod
3275 648 3527 734 Moyses
3570 652 3838 717 testatur
3862 658 3926 717 ⁸:

2401 775 2432 814 α
2459 753 2628 819 Deus
2656 774 2928 838 magne,
2968 758 3335 825 misericors
3375 762 3444 824 et
3478 759 3783 842 clemens,
3815 778 3928 844 pa·

2392 860 2557 925 tiens
2592 866 2655 926 et
2688 865 2914 930 multae
2954 866 3377 932 miserationis
3397 915 3418 948 ,
3464 870 3527 932 et
3563 886 3790 947 verax,
3823 867 3934 952 qui

2393 970 2669 1035 custodis
2696 972 3193 1039 misericordiam
3228 976 3298 1040 in
3325 976 3556 1054 millia,
3589 976 3701 1059 qui
3727 976 3936 1041 aufers

2391 1076 2818 1161 iniquitatem,
2844 1084 2907 1144 et
2924 1081 3181 1162 scelera,
3203 1085 3394 1166 atque
3412 1086 3697 1166 peccata;
3721 1081 3936 1147 nullus

2393 1187 2564 1270 apud
2605 1191 2666 1253 te
2709 1207 2827 1272 per
2873 1209 2942 1255 se
2978 1191 3283 1257 innocens
3321 1195 3438 1257 est.
3476 1211 3506 1251 n
3546 1191 3625 1256 Et
3663 1191 3732 1254 in
3773 1190 3936 1255 libro

2392 1296 2753 1378 Sapientia.»
2778 1298 2840 1361 ⁷:
2879 1322 2909 1360 α
2948 1299 3105 1365 Cum
3132 1302 3350 1383 ,iustus
3375 1300 3494 1380 εἰς,
3519 1302 3692 1382 juste
3719 1298 3937 1364 omnia

2393 1402 2717 1487 disponis,
2761 1406 2970 1472 virtus
3010 1408 3183 1473 enim
3221 1412 3334 1474 tua
3373 1408 3640 1491 justitiae
3677 1406 3933 1472 initium

2394 1515 2511 1576 est.
2542 1536 2572 1572 n
2609 1512 2737 1577 Has
2770 1515 3331 1582 excellentissimas
3357 1516 3748 1581 auctoritatis
3773 1533 3938 1581 con-

2393 1620 2684 1703 ditiones,
2719 1623 2836 1688 soli
2862 1623 2989 1688 Deo
3013 1626 3325 1708 proprias,
3357 1626 3674 1689 succincto
3699 1627 3761 1688 et
3781 1624 3938 1688 sub-

2391 1729 2490 1794 tili
2528 1748 2824 1798 sermone
2857 1733 3297 1818 complectitur
3335 1734 3676 1817 Dionysius
3713 1733 3801 1797 sic
3836 1733 3942 1797 in-

2393 1837 2621 1920 quiens
2649 1842 2711 1902 ⁸:
2753 1862 2784 1899 «
2819 1838 3175 1906 Dominatio
3214 1841 3323 1907 Dei
3359 1860 3491 1907 non
3536 1840 3938 1906 subditorum

2394 1946 2766 2011 excellentia
2793 1951 3046 2012 tantum
3077 1952 3206 2028 est',
3240 1949 3350 2014 sed
3390 1950 3708 2014 bonorum
3736 1953 3801 2014 et
3825 1967 3939 2033 op·

2391 2054 2697 2120 timorum
2720 2057 3175 2140 perfectissima
3199 2061 3262 2122 et
3286 2058 3656 2123 omnimoda
3684 2075 3936 2141 posses-

2393 2164 2525 2244 si0,
2554 2182 2712 2230 vera
2747 2169 2810 2230 et
2844 2165 3264 2230 immutabilis
3300 2166 3590 2230 firmitas.
3620 2187 3653 2227 ι)
3685 2164 3852 2233 Vera
3882 2168 3943 2230 et

2393 2271 2813 2338 immutabilis
2841 2275 3111 2338 firmitas
3138 2274 3358 2357 arguit
3385 2274 3758 2358 aequitatem
3795 2274 3937 2338 ino-

2393 2379 2838 2463 bliquabilem3
2872 2382 3240 2447 omnimoda
3282 2381 3623 2465 possessio,
3668 2380 3940 2447 univer-

2395 2486 2711 2554 salitatem
2749 2489 3231 2570 illimitabilem3
3284 2488 3746 2574 perfectissima
3785 2505 3942 2554 vero

2394 2596 2765 2677 dominatio,
2793 2599 3185 2682 primitatem
3207 2599 3837 2683 imprincipiabilem.
3856 2597 3944 2663 De

2393 2703 2498 2768 his
2526 2705 2991 2771 conditionibus
3019 2707 3266 2792 Moyses
3292 2708 3380 2772 ait
3400 2709 3422 2743 ⁹
3450 2726 3469 2771 ε
3503 2730 3534 2768 <1
3561 2706 3664 2772 En
3691 2706 3946 2772 Domini

2394 2809 2506 2876 Dei
2533 2813 2630 2876 tui
2657 2814 2893 2879 coelum
2922 2819 3050 2898 est,
3081 2820 3148 2881 et
3170 2817 3406 2882 coelum
3432 2816 3608 2895 coeli3
3644 2819 3818 2881 terra
3836 2863 3855 2894 ‚
3885 2817 3950 2879 et

2396 2923 2647 3003 omnia,
2673 2942 2819 3007 quae
2843 2924 2914 2989 in
2940 2944 3018 2990 ea
3045 2929 3233 2991 sunt:
3263 2948 3294 2987 n
3322 2944 3464 2991 ecce
3490 2929 3771 3009 potestas
3797 2923 3945 2989 uni-

2395 3032 2684 3097 versalis.
2724 3058 2755 3096 a
2797 3034 3104 3100 Dominus
3163 3035 3333 3101 Deus
3387 3039 3603 3100 noster
3659 3035 3797 3118 ipse
3850 3036 3947 3097 est

2396 3138 2564 3206 Deus
2596 3141 2895 3225 deorum,
2924 3147 2988 3210 et
3025 3144 3331 3210 Dominus
3360 3143 3877 3210 dominantium:
3905 3162 3936 3203 n

2397 3265 2541 3312 ecce
2564 3248 3115 3336 imprincipiabilis
3150 3251 3467 3336 primitas.
3507 3275 3539 3314 α
3569 3250 3697 3329 Qui
3726 3268 3944 3334 perso-

2397 3375 2550 3422 nam
2590 3376 2721 3422 non
2758 3359 3016 3443 accipit,
3056 3378 3174 3424 nec
3203 3378 3515 3424 munera:
3540 3333 3588 3421 ἰ
3623 3377 3768 3425 ecce
3805 3360 3946 3423 ino·

2397 3463 2757 3547 bliquabilis
2780 3468 3074 3551 aequitaS.
3103 3467 3202 3532 Ex
3226 3469 3366 3550 jam
3394 3468 3579 3532 dictis
3612 3467 3821 3533 elucet
3847 3467 3950 3531 in·

2397 3571 2715 3637 violabilis
2736 3575 2973 3641 divinae
3001 3576 3352 3659 majestatis
3381 3576 3751 3641 auctoritas,
3785 3574 3949 3640 Nam

2398 3675 2606 3743 virtus
2636 3682 2910 3744 auctoris
2917 3729 2941 3762 ,
2967 3685 3031 3745 et
3055 3682 3306 3765 pondus
3331 3681 3754 3760 auctoritatiS‚
3788 3699 3951 3745 sem·

2398 3805 2515 3872 per
2550 3795 2912 3872 aequantur.
2943 3790 3122 3856 Unde
3157 3788 3378 3857 divina
3412 3791 3760 3856 auctoritas
3786 3808 3950 3856 ven-

2399 3896 2566 3961 dicat
2590 3897 2712 3961 sibi
2735 3898 3053 3964 inflnitam
3095 3898 3565 3964 absolutionem
3583 3949 3602 3981 ‚
3648 3903 3713 3963 et
3759 3899 3950 3964 abso-

2399 4003 2605 4070 lutam
2647 4006 3052 4072 inssnitatem.
3084 4004 3349 4090 Propter
3391 4007 3564 4090 quod
3609 4007 3764 4073 dicit
3807 4007 3947 4073 Au·

2398 4114 2700 4196 gustinus
2727 4113 2806 4179 ¹⁰:
2847 4136 2879 4175 α
2905 4113 3108 4197 Major
3129 4118 3224 4197 est
3260 4114 3497 4180 divinae
3529 4113 3702 4196 legis
3729 4118 3948 4180 aucto·

2398 4221 2575 4302 ritas,
2608 4239 2804 4305 quam
2827 4221 3098 4287 humani
3124 4222 3366 4305 ingenii
3394 4222 3884 4306 perspicacitas:
3911 4243 3942 4283 n

2399 4347 2547 4393 cum
2580 4333 2795 4420 tamen
2837 4331 3054 4394 anima
3088 4329 3412 4394 rationalis
3451 4347 3660 4412 capax
3685 4331 3767 4394 sit
3797 4329 3951 4394 inss-

2397 4435 2516 4499 niti
2543 4436 2884 4519 objective‚
2916 4455 3049 4502 non
3071 4437 3421 4522 tantumin
3445 4437 3681 4503 affectu
3711 4456 3828 4522 per
3853 4437 3954 4502 di-

2397 4542 2765 4624 lectionem,
2795 4544 2906 4608 sed
2933 4545 3128 4609 etiam
3157 4542 3227 4607 in
3259 4549 3521 4626 aspectu
3559 4564 3676 4629 per
3715 4563 3948 4629 appre-

2396 4651 2794 4717 hensionem.
2836 4651 3139 4730 Quamvis
3180 4656 3397 4716 autem
3432 4652 3539 4718 lex
3585 4653 3803 4718 omnis
3840 4672 3953 4720 or-

2397 4761 2614 4826 dinata
2659 4778 2917 4825 causam
2971 4760 3348 4827 efficientem
3397 4766 3461 4827 et
3504 4764 3951 4847 exemplarem

2395 4869 2629 4934 habeat
2652 4868 2879 4950 Deum,
2909 4870 3022 4953 qui
3048 4873 3145 4934 est
3170 4889 3275 4935 ars
3300 4870 3488 4951 plena
3514 4872 3818 4937 omnium
3843 4891 3951 4939 ra·

2397 4977 2649 5042 tionum
2686 4979 3082 5059 viventium,
3132 4983 3208 5045 ut
3264 4980 3413 5044 dicit
3457 4979 3875 5062 Augustinus
3902 4989 3948 5023 ¹²

2400 5088 2589 5165 (nam
2619 5091 2859 5152 aeterna
2876 5090 2941 5152 et
2956 5105 3211 5152 summa
3235 5087 3340 5153 lex
3367 5092 3484 5167 est,
3511 5107 3551 5151 a
3569 5107 3704 5172 qua
3738 5091 3951 5154 omnis

2395 5190 2503 5259 lex
2535 5196 2828 5278 inferior,
2871 5213 3018 5281 quae
3050 5197 3368 5280 justitiam
3401 5194 3630 5277 habet,
3658 5201 3947 5277 emanat,

2394 5392 2448 5455 6,
2483 5394 2532 5442 ’1.
2558 5417 2623 5431 -
2665 5393 2683 5425 ⁷
2712 5392 2857 5459 Sap„
2899 5404 2994 5459 111,
3036 5397 3113 5448 15.
3144 5419 3208 5434 -
3250 5394 3269 5426 ⁸
3303 5391 3477 5457 Dion„
3516 5392 3578 5444 de
3615 5393 3734 5447 Diu.
3777 5396 3947 5461 Nom„

2397 5477 2446 5514 c.
2469 5476 2564 5516 111.
2596 5490 2658 5503 —
2688 5465 2709 5497 ³
2747 5466 2918 5528 Deut„
2954 5478 3010 5533 x,
3047 5469 3124 5531 u,
3165 5466 3243 5518 17.
3281 5492 3337 5503 -
3383 5467 3423 5504 ¹⁰
3448 5469 3606 5533 Aug„
3636 5467 3701 5519 de
3729 5468 3853 5521 Gen.
3883 5469 3953 5521 ad

2397 5534 2522 5600 litt„
2547 5534 2637 5588 lib.
2667 5536 2732 5603 11,
2756 5551 2802 5593 c.
2831 5550 2882 5590 v.
2905 5564 2969 5578 —
2995 5539 3036 5586 .¹¹
3066 5538 3162 5601 td„
3187 5537 3249 5590 de
3276 5536 3480 5603 Trina„
3504 5537 3597 5590 lib.
3629 5539 3719 5604 Vl,
3748 5553 3796 5593 c.
3828 5554 3884 5592 x.
