4196 6294
759 450 880 511 452

760 584 839 638 De
860 579 1030 638 tertio
1062 592 1304 653 quoque
1342 575 1596 650 legimus
1617 585 1637 620 ι
1669 593 1685 631 :
1723 595 1751 628 α
1780 573 1947 631 Viam
1985 571 2308 646 iniquitatis

762 690 975 732 amove
1003 689 1042 731 a
1066 688 1163 730 me
1195 689 1211 731 ε
1242 693 1270 723 »
1305 686 1441 730 ecce
1468 669 1568 729 via
1594 667 1919 744 iniquitatis
1945 664 2302 726 amovenda.

1408 833 1666 899 Epilogus.

832 961 900 1016 Et
944 958 1062 1015 hoc
1110 961 1234 1027 est,
1292 955 1459 1032 quod
1507 955 1589 1013 ait
1636 955 1967 1029 Propheta,
2019 957 2310 1028 tanquam

760 1069 1021 1129 persona
1059 1067 1279 1110 serenae
1329 1049 1735 1119 conscientiae,
1780 1052 1839 1107 et
1881 1065 2100 1107 securae
2118 1068 2137 1121 3
2183 1064 2308 1106 non

759 1148 1003 1223 pavida,
1032 1146 1138 1205 sed
1166 1145 1343 1204 avida
1366 1142 1769 1202 retributionis
1794 1143 2003 1201 futurae
2033 1161 2048 1200 ε
2079 1146 2123 1199 Α
2155 1160 2310 1200 man-

760 1243 910 1300 datis
961 1244 1109 1313 tuis,
1156 1256 1290 1314 quae
1337 1241 1473 1296 sunt
1523 1237 1952 1312 proeeeptiones
2007 1236 2086 1294 ad
2142 1237 2308 1295 aliud

761 1335 1081 1407 ordinatae3
1132 1335 1418 1404 Intellexi,
1463 1331 1684 1389 scilicet
1725 1330 2182 1405 promissiones»,
2228 1330 2308 1388 ad

759 1446 909 1505 quas
953 1433 1088 1487 sunt
1131 1427 1449 1499 ordinatae3
1494 1428 1719 1499 Propter
1761 1440 1826 1482 ea
1867 1426 2051 1496 odivi,
2086 1424 2308 1483 scilicet

755 1525 999 1598 propter
1033 1521 1458 1597 promissiones
1466 1562 1487 1592 ,
1528 1536 1661 1594 quae
1708 1535 1832 1577 non
1876 1522 2013 1577 sunt
2059 1518 2307 1578 ulterius

756 1617 1042 1676 ordinatae
1074 1637 1087 1674 :
1141 1617 1360 1673 Omnem
1400 1618 1550 1672 viam
1593 1616 1912 1686 iniquitatis
1930 1655 1952 1685 ,
1993 1629 2128 1688 quoe
2170 1616 2307 1670 sunt

755 1710 1015 1770 actiones
1040 1709 1382 1786 prohibitas,
1406 1712 1465 1768 et
1487 1708 1858 1767 inordinata).

1306 1936 1640 1982 vuusmums
1664 1937 1741 1979 1¹.

833 2098 954 2154 105.
983 2097 1225 2152 Lucerna
1259 2094 1486 2166 pedibus
1522 2096 1689 2162 meis,
1717 2094 1828 2149 etc.
1858 2090 2120 2150 Charitas
2146 2089 2304 2147 intus

754 2190 986 2248 fervens
1037 2187 1351 2263 occupavit
1405 2186 1775 2245 octonarium
1825 2185 2300 2259 praecedentem3

753 2283 1006 2341 charitas
1050 2282 1194 2342 foris
1223 2281 1429 2339 lucens
1463 2283 1712 2355 occupat
1736 2279 1896 2337 hunc
1931 2281 2300 2353 sequentem.

754 2376 1063 2435 charitatis
1089 2380 1287 2434 autem
1305 2374 1552 2433 lucentis
1572 2373 1811 2431 interest
1829 2372 1991 2430 viam
2013 2371 2304 2429 moralem

754 2470 1072 2544 disponere
1088 2510 1109 2539 ,
1136 2470 1286 2527 sicut
1316 2468 1610 2527 intimavit
1648 2466 2059 2542 quaternarius
2098 2465 2297 2539 prior3

753 2568 811 2623 et
848 2564 1032 2622 vitam
1071 2563 1384 2623 mortalem
1432 2578 1766 2637 exponere,
1817 2562 1968 2619 sicut
2011 2559 2302 2618 indicabit

749 2658 1062 2734 posterior.
1102 2658 1269 2717 Viam
1309 2663 1506 2717 autem
1545 2657 1806 2732 disponit
1832 2658 1895 2715 in
1931 2672 2301 2732 prosequen-

752 2752 845 2809 dis
853 2794 874 2824 ,
902 2753 966 2809 in
990 2753 1420 2827 persequendis
1438 2794 1458 2822 ,
1484 2751 1549 2809 in
1575 2750 1942 2826 perferendis
1963 2792 1982 2822 ,
2010 2752 2072 2808 in
2098 2749 2300 2825 profe-

749 2846 948 2904 rendis
959 2865 976 2918 3
1006 2846 1157 2903 sicut
1179 2845 1406 2919 patebit
1441 2845 1506 2903 in
1544 2849 1801 2920 quatuor
1844 2845 2115 2903 versibus
2158 2860 2301 2919 pro-

748 2940 915 2998 ximo
942 2940 1247 2998 secuturiS.
1279 2940 1503 2998 Primus
1541 2939 1741 3014 itaque
1786 2955 1990 2996 versus
2032 2939 2096 2995 in
2124 2937 2301 2996 bonis

750 3033 1183 3110 prosequendis
1231 3033 1393 3091 viam
1445 3033 1751 3107 disponit,
1810 3032 1959 3090 sicut
2008 3035 2171 3106 patet
2225 3048 2300 3089 ex

751 3130 1008 3203 quatuor
1033 3126 1291 3186 articulis
1317 3143 1472 3202 quos
1497 3127 1799 3202 proponit.
1840 3127 1998 3186 Sicut
2043 3126 2205 3183 enim
2233 3125 2298 3184 in

751 3222 851 3281 via
888 3222 1144 3280 naturali
1179 3220 1605 3296 proficiscentis
1630 3221 1888 3296 pedibus
1921 3220 2296 3295 providetur,

750 3331 890 3374 cum
928 3316 1137 3375 semita
1179 3314 1535 3389 praevidetur
1543 3335 1562 3389 3
1606 3315 1689 3373 sic
1730 3315 1795 3373 in
1852 3314 2069 3373 morali
2114 3308 2299 3389 profi-

751 3409 955 3469 cientis
1020 3407 1432 3467 affectionibus
1492 3409 1841 3483 providetur
1871 3451 1890 3481 ,
1947 3424 2086 3465 cum
2144 3408 2298 3466 actio

751 3503 1124 3578 praevidetur.
1181 3506 1325 3560 Ecce
1373 3507 1628 3577 quatuor
1685 3506 1959 3561 contenta
2002 3502 2064 3559 in
2120 3501 2299 3573 hujus

749 3613 956 3657 versus
1009 3596 1398 3669 continentia3
1446 3595 1667 3654 scilicet
1720 3595 1984 3671 provisio
2042 3594 2301 3653 affectio-

749 3707 933 3760 num,
971 3694 1028 3748 et
1079 3688 1352 3765 praevisio
1406 3687 1707 3747 actionum
1758 3707 1774 3746 ε
1830 3690 1893 3746 in
1947 3689 2298 3763 provisione

750 3784 1077 3856 subtilitas3
1122 3784 1185 3840 in
1230 3782 1543 3841 affectione
1587 3782 1937 3855 mobilitas3
1982 3783 2043 3841 in
2087 3783 2300 3857 praevi-

751 3878 913 3935 sione
958 3876 1208 3950 utilitas3
1238 3877 1302 3934 in
1328 3876 1558 3935 actione
1600 3875 1866 3935 facilitas
1905 3877 1963 3935 Si
1991 3893 2135 3949 ergo
2162 3880 2301 3934 tuus

718 3974 728 3983 ⁴
751 3969 992 4030 affectus
1017 3970 1193 4029 fuerit
1217 3969 1459 4029 mobilis
1487 3970 1568 4028 ad
1595 3973 1793 4029 aetum
1813 4014 1834 4042 ,
1863 3970 1967 4046 qui
1995 3969 2069 4028 sit
2088 3970 2302 4043 faciIiS,

750 4066 1064 4142 provideat
1114 4065 1430 4124 mobilitati
1500 4064 1791 4123 subtilitas
1830 4107 1851 4136 ,
1909 4064 2298 4139 praevidendo

754 4166 953 4220 utrum
979 4161 1041 4218 in
1086 4159 1359 4219 facilitate
1398 4158 1473 4218 sit
1510 4158 1746 4217 utilitas.
1777 4158 1940 4217 Unde
1969 4160 2260 4233 Propheta
2281 4201 2299 4231 ,

752 4259 1038 4330 tanquam
1061 4269 1321 4328 persona
1347 4252 1628 4311 charitate
1654 4251 1876 4322 lucens,
1905 4252 2105 4310 lucem
2128 4269 2300 4311 suam

754 4348 1029 4424 exprimit
1049 4347 1132 4406 ita
1150 4347 1353 4407 dicens
1374 4365 1389 4404 :
1412 4347 1648 4405 Lucerna
1670 4346 1899 4418 pedibus
1913 4388 1933 4417 ,
1964 4350 2097 4420 etc.,
2121 4347 2294 4422 quasi

754 4443 914 4502 dicat
941 4462 956 4502 τ
987 4442 1246 4501 Verbum
1281 4445 1452 4501 tuum
1492 4445 1577 4499 est
1617 4441 1881 4515 provisio
1919 4443 2069 4501 meis
2113 4443 2294 4502 affec-

751 4537 1014 4598 tionibus
1023 4580 1042 4611 ,
1071 4541 1128 4596 et
1153 4536 1428 4611 proevisio
1454 4535 1604 4594 meis
1630 4535 1983 4597 actionibus.

1256 4696 1536 4752 Articulus
1568 4696 1795 4766 primus.

821 4824 1223 4885 Provisionem
1277 4821 1455 4894 igitur
1505 4819 1776 4879 indicans
1792 4860 1813 4891 ,
1861 4819 1943 4879 ait
1988 4838 2004 4877 :
2060 4820 2300 4878 Verbum

750 4925 904 4977 tuum
932 4923 1012 4977 est
1039 4921 1283 4985 lucer-nm
1318 4931 1387 4973 ac
1416 4914 1467 4972 si
1497 4914 1694 4974 dicat:
1725 4913 1988 4972 Verbum
2015 4916 2184 4971 tuum
2213 4917 2300 4973 est

747 5013 1114 5087 provisivum
1149 5008 1476 5079 moraliter,
1502 5007 1652 5067 sicut
1685 5008 1933 5066 lucerna
1971 5007 2300 5082 corporali-

746 5109 835 5165 ter
847 5125 865 5179 3
911 5105 1056 5180 quia
1091 5103 1371 5180 providet
1408 5102 1638 5163 homini
1677 5101 1971 5174 interiori,
2002 5101 2151 5159 sicut
2189 5101 2298 5161 illa

812 5257 824 5284 ¹
855 5252 991 5304 Psat.
1020 5253 1149 5318 hoc,
1177 5255 1258 5303 29.
1279 5279 1341 5291 -
1366 5253 1389 5287 ¹
1413 5253 1581 5317 prov„
1609 5262 1700 5315 xx,
1728 5253 1811 5302 27.
1838 5278 1894 5289 --
1922 5251 1945 5286 ⁸
1970 5250 2114 5302 Psal.
2144 5262 2289 5315 κων,

746 5330 792 5376 2.
823 5352 884 5364 -
928 5328 945 5355 ⁴
973 5324 1159 5387 Exod„
1202 5337 1378 5386 xxvu,
1426 5328 1505 5374 20.
1541 5351 1605 5361 -
1650 5325 1668 5354 ⁸
1695 5323 1876 5388 Eccli„
1917 5335 2114 5386 xnvui,
2152 5328 2205 5381 l.
2230 5345 2293 5361 -

744 5399 765 5431 ⁸
788 5403 962 5463 apoc„
988 5409 1099 5461 xxx,
1125 5402 1202 5448 23.
1235 5424 1287 5434 -
1321 5399 1337 5428 ⁷
1367 5399 1537 5461 Apoc„
1566 5408 1682 5461 xix,
1714 5400 1797 5447 11.
1825 5421 1885 5435 -
1912 5395 1935 5430 ⁸
1962 5397 2133 5460 Cant„
2161 5407 2210 5455 v,
2238 5397 2287 5443 3.

1806 435 2223 503 EXPOSITIO
2269 434 2347 500 ΙΝ
2391 435 2911 504 PSALTERIUM.

2415 573 2711 631 exteriori.
2761 577 2828 632 Et
2869 576 3014 632 nota
3045 615 3065 645 ,
3110 571 3278 648 quod
3320 573 3573 632 verbum
3616 576 3676 631 et
3719 574 3944 633 lucerna

2414 671 2550 724 sunt
2573 666 2748 726 valde
2790 682 3055 726 consona
3082 685 3101 725 ε
3133 671 3422 726 consonat
3461 667 3622 725 enim
3659 667 3841 726 verbo
3865 667 3940 725 lu·

2417 776 2594 819 cerna
2603 781 2621 835 ;
2649 762 2879 820 interno
2923 761 3156 821 interna
3168 780 3189 834 3
3222 764 3467 821 externo
3496 766 3737 821 externa
3746 781 3766 836 3
3793 765 3945 820 aeter·

2414 871 2495 912 no
2540 860 2775 914 aeterna.
2824 859 2903 914 De
2948 857 3191 915 lucerna
3234 856 3465 916 interna
3503 853 3526 887 ¹
3570 873 3586 913 ε
3638 876 3667 911 α
3702 859 3944 914 Lucerna

2415 950 2648 1009 Domini
2667 952 3030 1027 spiraculum
3053 951 3332 1009 hominis.
3364 972 3391 1006 n
3417 953 3494 1009 De
3518 951 3706 1009 verbo
3732 951 3941 1008 interno

2415 1045 2679 1103 similiter
2725 1037 2833 1122 p'er
2883 1046 3418 1120 psalmographum
3463 1048 3485 1082 ⁸
3534 1065 3548 1102 :
3600 1066 3628 1099 ι
3670 1044 3944 1103 Eructavit

2415 1154 2518 1196 cor
2563 1155 2767 1197 meum
2811 1140 3066 1198 verbum
3103 1140 3355 1199 bonum.
3387 1160 3416 1195 ν
3464 1143 3543 1199 De
3585 1140 3826 1198 lucerna
3859 1156 3941 1197 ex-

2413 1234 2579 1291 terna
2613 1235 2636 1269 ⁸·
2680 1253 2695 1291 :
2741 1235 3004 1294 «Ardeat
3031 1235 3273 1293 lucerna
3308 1252 3542 1309 semper
3586 1235 3651 1293 in
3687 1235 3940 1293 taberna-

2416 1327 2571 1384 culo.
2594 1349 2622 1382 ιο
2651 1331 2727 1386 De
2764 1330 2951 1387 verbo
2984 1333 3228 1387 externo
3261 1331 3282 1365 ⁸
3317 1328 3660 1387 :averbum
3686 1328 3890 1403 ipsius,
3912 1347 3937 1380 ι

2414 1420 2633 1480 scilicet
2649 1422 2805 1496 Eliae,
2831 1443 2858 1475 α
2874 1423 3046 1497 quasi
3072 1422 3269 1482 facula
3287 1423 3557 1481 ardebat.
3580 1443 3609 1478 u
3629 1426 3705 1481 De
3719 1422 3942 1479 lucerna

2413 1519 2629 1573 aeterna
2655 1516 2675 1551 ⁶
2704 1534 2718 1572 :
2757 1537 2787 1571 α
2815 1517 3027 1576 Civitas
3056 1534 3180 1574 non
3209 1521 3341 1589 eget
3368 1516 3494 1575 sole
3515 1560 3535 1588 ,
3562 1533 3757 1591 neque
3781 1516 3940 1582 luna,

2415 1614 2479 1666 ut
2517 1610 2754 1669 luceant
2779 1611 2842 1670 in
2871 1628 2974 1684 ea3
3016 1627 3160 1669 nam
3199 1611 3434 1669 claritas
3461 1611 3562 1670 Dei
3604 1609 3943 1669 illuminabit

2413 1717 2546 1761 eam
2570 1745 2591 1774 ,
2639 1708 2696 1762 et
2740 1704 2982 1764 lucerna
3031 1706 3159 1779 ejus
3211 1709 3298 1763 est
3340 1711 3563 1779 Agnus.
3594 1728 3625 1762 w
3660 1708 3737 1763 De
3762 1702 3939 1761 Verbo

2411 1801 2630 1856 aeterno
2659 1801 2681 1835 '¹
2729 1818 2744 1857 :
2797 1819 2827 1853 α
2867 1800 3202 1858 Vocabatur
3250 1816 3470 1860 nomen
3525 1801 3656 1873 ejus
3702 1797 3940 1857 Verbum

2415 1891 2533 1949 Dei.
2567 1911 2595 1946 ι

2886 1967 3172 2024 Articulus
3207 1966 3488 2025 secundus.

2482 2081 2865 2140 Affectionem
2893 2087 3093 2142 autem
3120 2084 3458 2156 insinuanS,
3486 2082 3657 2141 addit
3683 2099 3699 2138 ε
3730 2079 3938 2139 Pedibus

2410 2178 2546 2232 meis
2576 2194 2594 2231 ε
2632 2175 2786 2234 sicut
2812 2177 2972 2234 enim
2992 2177 3177 2252 pedes
3205 2182 3443 2252 portant
3467 2177 3776 2235 hominem
3800 2176 3941 2231 exte·

2410 2269 2631 2327 riorem
2659 2287 2768 2344 per
2793 2271 2956 2329 viam
2979 2272 3334 2343 naturalem,
3354 2272 3438 2328 sic
3466 2270 3805 2330 affectiones
3818 2281 3938 2341 por-

2410 2367 2536 2422 tant
2578 2365 2918 2424 interiorem
2961 2383 3069 2443 per
3112 2367 3274 2425 viam
3322 2367 3637 2425 moralem.
3675 2368 3741 2422 Et
3781 2366 3939 2432 nota,

2412 2456 2580 2533 quod
2625 2458 2797 2518 dictis
2842 2459 3105 2534 pedibus
3144 2459 3463 2535 providere
3522 2460 3840 2525 debemus,
3871 2468 3937 2510 ne
3977 2485 4106 2533 affl,

2411 2551 2826 2627 inquinentur,
2855 2570 2931 2612 ne
2959 2554 3387 2629 illaqueentur,
3418 2570 3493 2611 ne
3521 2550 3935 2618 subvertantur3
3987 2560 4102 2652 p‘ffi,

2410 2646 2516 2704 sed
2541 2647 2708 2721 puri,
2741 2648 2947 2721 liberi,
2978 2652 3036 2707 et
3077 2648 3234 2706 firmi
3276 2651 3604 2708 serventur.
3635 2643 3939 2720 Inquinan-
3958 2615 4023 2659 ω

2410 2747 2503 2801 tur
2530 2748 2727 2802 autem
2757 2761 2865 2818 per
2891 2744 3226 2819 luxuriam3
3254 2745 3657 2819 illaqueantur
3679 2757 3784 2818 per
3809 2753 3936 2797 ava-

2408 2837 2603 2896 ritiam
2619 2857 2637 2909 3
2681 2839 3104 2898 subvertuntur
3138 2857 3246 2917 per
3291 2839 3637 2914 superbiam
3646 2858 3666 2909 3
3702 2835 3806 2894 sed
3831 2847 3938 2890 ser-

2409 2933 2621 2989 vantur
2664 2949 2772 3006 per
2799 2934 3270 2992 sanctimoniam.
3314 2936 3392 2991 De
3417 2932 3617 3008 primo
3653 2934 3675 2968 ⁸
3707 2950 3722 2989 ε
3756 2947 3784 2983 ι(
3815 2923 3938 2985 Lavi

2409 3017 2592 3098 pedes
2618 3042 2806 3092 meos,
2837 3047 2865 3083 »
2907 3027 3130 3086 scilicet
3153 3044 3260 3102 per
3285 3027 3724 3101 poenitentim3
3757 3043 3784 3077 α
3801 3034 3937 3095 quo·

2409 3119 2594 3179 modo
2623 3121 2956 3197 inquinabo
2988 3123 3166 3182 illos?
3192 3143 3221 3180 n
3246 3122 3467 3181 scilicet
3488 3139 3602 3198 per
3626 3117 3933 3181 luxuriam:

2408 3230 2546 3273 ecce
2591 3215 2818 3289 pedum
2861 3216 3222 3292 inquinatio.
3269 3220 3348 3274 De
3393 3217 3660 3297 secundo
3688 3217 3753 3272 ⁹:
3790 3233 3818 3266 α
3847 3212 3937 3267 La·

2410 3324 2596 3382 queos
2624 3309 3068 3368 absconderunt
3111 3312 3369 3386 pedibus
3413 3312 3604 3370 meis:
3628 3331 3654 3366 n
3690 3322 3817 3367 ecce
3843 3317 3936 3377 pe-

2411 3401 2557 3460 dum
2582 3402 2947 3478 illaqueatio,
2967 3406 3044 3462 De
3072 3405 3240 3462 tertio
3261 3403 3303 3440 ¹⁰
3325 3423 3340 3461 ε
3369 3424 3398 3459 α
3416 3404 3782 3463 calamitates
3802 3409 3934 3455 meae

2407 3493 2569 3554 illico
2597 3501 2979 3555 surrexerunt
2989 3517 3007 3571 3
3037 3498 3222 3571 pedes
3250 3514 3417 3557 meos
3444 3494 3851 3558 subverterunt
3874 3506 3929 3546 :u

2409 3605 2545 3648 ecce
2585 3591 2810 3665 pedum
2854 3592 3177 3651 subversio.
3209 3595 3286 3649 De
3334 3595 3549 3666 quarto
3583 3592 3666 3649 ¹¹:
3709 3608 3737 3643 α
3772 3582 3936 3644 pedes

2410 3688 2750 3743 sanctorum
2794 3702 3039 3747 suorum
3103 3686 3363 3745 servabit
3408 3706 3423 3744 ι
3471 3708 3499 3743 ι)
3555 3702 3689 3747 ecce
3731 3679 3936 3758 pedum

2409 3779 2681 3838 servatio.

2913 3854 3196 3910 Articulus
3236 3855 3446 3910 tertius.

2482 3968 2893 4033 Praevisionem
2938 3984 3083 4027 vero
3133 3968 3449 4042 designans
3467 4010 3488 4040 ,
3534 3968 3719 4027 dicit:
3757 3964 3824 4020 Et
3857 3958 3931 4013 lu·

2409 4079 2570 4129 men,-
2610 4064 2753 4137 quia
2776 4079 2885 4138 per
2909 4063 3115 4121 lumen
3141 4064 3406 4138 pericula
3444 4060 3865 4137 praevidentur,
3886 4050 3933 4105 θ(

2410 4157 2660 4232 praevisa
2702 4162 3128 4233 praecaventur.
3179 4158 3295 4217 Sed
3338 4163 3510 4230 nota,
3545 4153 3710 4233 quod
3746 4150 3804 4206 in
3835 4144 3932 4200 ista

2409 4252 2759 4326 praevisione
2802 4251 3019 4310 diversi
3060 4252 3297 4310 diverso
3333 4252 3668 4324 diriguntur
3707 4239 3927 4303 lumssne·

2411 4348 2507 4403 Est
2549 4346 2709 4405 enim
2750 4346 2954 4405 lumen
3007 4346 3353 4405 naturaliter
3399 4345 3654 4404 inditum
3690 4359 3708 4410 ;
3749 4336 3931 4392 lumen

2413 4440 2812 4500 doctrinaliter
2855 4440 3248 4515 acquisitum3
3280 4441 3482 4498 lumen
3519 4432 3832 4498 liberaliter
3853 4422 3931 4480 in·

2409 4533 2607 4594 fusum
2617 4554 2636 4608 3
2661 4540 2806 4611 puta
2830 4535 3038 4594 lumen
3062 4534 3366 4593 industrioe
3380 4575 3401 4606 ,
3431 4531 3705 4600 scientiae,
3732 4516 3928 4596 gratim·

2411 4632 2490 4688 De
2517 4630 2713 4704 primo
2743 4629 2783 4664 ¹²
2816 4648 2831 4687 ε
2867 4649 2897 4684 ιι
2923 4630 3109 4703 Super
3138 4644 3318 4703 quem
3360 4643 3486 4686 non
3524 4622 3717 4697 surget
3748 4616 3931 4710 lumen

2409 4722 2569 4783 illius
2588 4727 2617 4782 ἵ
2645 4743 2676 4780 n
2709 4723 2881 4800 quasi
2908 4722 3069 4782 dicat
3095 4742 3111 4780 :
3141 4722 3364 4780 Nullus.
3395 4725 3539 4781 Ecce
3567 4722 3765 4778 lumen
3792 4701 3929 4763 indl-

2410 4820 2557 4875 tum.
2592 4820 2669 4875 De
2696 4816 2958 4876 secundo
2989 4817 3033 4853 ²³
3062 4835 3079 4873 ε
3110 4834 3141 4872 α
3163 4817 3378 4888 Omne,
3423 4814 3591 4890 quod
3618 4797 3928 4870 manifesta·

2410 4916 2539 4984 tur,
2566 4911 2770 4970 lumen
2810 4915 2941 4969 est:
2979 4932 3006 4964 η
3044 4926 3179 4969 ecce
3223 4909 3429 4968 lumen
3473 4902 3829 4983 acquisitum·
3858 4890 3928 4944 ΒΘ

2407 5006 2579 5064 tertio
2609 5002 2685 5063 ¹⁸:
2716 5024 2744 5059 ιι
2770 5008 2989 5063 Domus
3013 5005 3220 5077 Jacob,
3249 5005 3465 5076 venite,
3497 5008 3554 5063 et
3580 4990 3927 5059 ambulemus

2409 5100 2473 5157 in
2499 5099 2726 5157 lumine
2760 5099 2860 5157 Dei
2886 5098 3074 5159 nostri
3105 5117 3121 5158 ε
3150 5119 3179 5155 »
3212 5114 3347 5157 ecce
3372 5098 3576 5156 lumen
3599 5090 3860 5153 infusum-

2407 5276 2469 5287 ·-
2496 5252 2515 5281 ⁹
2540 5250 2745 5312 let-em„
2771 5260 2926 5315 xvnr,
2953 5252 3033 5301 22.
3053 5275 3115 5289 -
3142 5250 3186 5286 ¹⁰
3212 5249 3321 5313 Job,
3355 5260 3482 5313 xxx,
3510 5251 3586 5299 12.
3616 5267 3669 5280 --
3696 5239 3729 5268 ¹¹
3757 5235 3774 5283 l
3802 5228 3924 5287 Κεφ,

2408 5333 2469 5442 :2’
2492 5324 2540 5443 ἓ·
2567 5348 2630 5360 “”
2661 5323 2699 5356 ¹¹
2718 5320 2827 5385 ¹¹⁰⁶·
2855 5332 2980 5385 XXV,
3009 5324 3059 5372 3·
3091 5347 3155 5359 -
3183 5322 3229 5357 ²⁸
3256 5318 3457 5383 Ephe-s„
3485 5331 3535 5382 v,
3568 5319 3641 5368 13.
3668 5335 3728 5349 ·-
3755 5301 3791 5336 ¹⁸
3815 5298 3922 5351 18⁰2
