4196 6294
706 456 824 517 384

705 593 828 646 esto
856 586 1332 661 congregationis
1359 589 1475 645 tuoe
1494 607 1512 657 ς
1534 607 1561 642 n
1595 587 1770 662 quasi
1798 588 1991 648 dicat:
2020 589 2248 665 sapien-

702 683 794 741 tis.
844 685 922 740 De
958 681 1322 741 secundariis
1375 681 1640 742 canimus
1673 684 1693 719 ¹
1733 700 1749 739 ε
1794 703 1824 738 α
1866 687 2087 743 Memor
2123 688 2246 742 esto

699 777 1204 852 improperiorum
1230 779 1467 834 tuorum
1496 776 1704 835 eorum
1722 821 1741 849 ,
1792 795 1927 853 quoe
1976 779 2055 836 ab
2102 778 2243 836 insi-

700 876 897 949 piente
926 877 1060 931 sunt
1087 878 1207 931 tota
1236 871 1351 930 die.
1373 894 1400 925 ι»
1434 875 1512 930 De
1541 872 1673 930 aliis
1700 873 1957 946 legimus
1981 876 2044 930 ¹:
2074 893 2104 928 α
2131 879 2245 935 Me-

701 985 836 1027 mor
861 972 985 1026 esto
1003 1012 1022 1041 ,
1050 968 1324 1039 Domine,
1361 965 1625 1023 filiorum
1654 967 1844 1026 Edom
1864 987 1884 1040 3
1904 988 1934 1025 n
1967 967 2138 1043 quasi
2162 967 2246 1025 di-

703 1067 797 1122 cat
827 1081 842 1119 :
871 1077 1305 1136 perversorum.
1356 1060 1519 1119 Unde
1558 1061 1833 1119 subditur
1879 1061 1956 1119 de
2000 1061 2247 1119 illorum

700 1157 1076 1231 perversitate
1110 1174 1124 1213 t
1167 1157 1275 1225 Qui
1300 1157 1489 1214 dicunt
1534 1176 1551 1211 ε
1605 1158 1943 1220 Eoeinanitc,
1991 1158 2242 1213 eminam-

705 1257 757 1308 te
771 1295 790 1324 ,
823 1254 932 1309 etc.

1165 1322 1456 1379 Articulus
1489 1322 1768 1382 secundus.

770 1440 1038 1499 Secunda
1066 1437 1459 1497 consideratio
1506 1438 1829 1498 advertitur
1870 1439 1932 1496 in
1957 1440 2072 1498 hoc
2101 1440 2242 1499 arti·

699 1535 834 1593 culo
875 1552 890 1591 :
941 1535 1104 1593 Verbi
1138 1535 1242 1589 tui.
1285 1535 1405 1590 Hoc
1440 1533 1695 1591 verbum
1744 1537 1831 1591 est
1875 1538 2239 1608 praeceptum

698 1629 1066 1689 dominicum
1084 1670 1105 1699 ,
1159 1643 1282 1702 quo
1341 1628 1678 1702 proecipitur
1721 1628 1906 1686 servis
1945 1629 2241 1703 subjectos

697 1739 822 1781 esse
851 1725 873 1760 ⁸
895 1742 925 1777 α
943 1721 1235 1793 dominia,
1262 1737 1385 1779 non
1412 1722 1609 1780 solum
1633 1721 1811 1780 bonis
1838 1725 1896 1780 et
1920 1721 2208 1781 modestis
2224 1766 2238 1781 .

696 1817 803 1874 sed
832 1816 1010 1874 etiam
1054 1814 1336 1890 dyscolis,
1367 1835 1394 1870 n
1428 1818 1548 1873 Hoc
1570 1821 1929 1892 proeceptum
1973 1821 2059 1875 est
2103 1833 2242 1893 pro-

697 1911 1029 1983 mulgatum
1053 1926 1090 1967 a
1113 1910 1364 1969 Domino
1399 1926 1501 1968 ore
1528 1910 1878 1985 apostolico.
1911 1914 2029 1970 Hoc
2055 1911 2241 1986 impe-

696 2004 853 2062 rium
899 2004 979 2061 ob
1025 2005 1140 2061 hoc
1185 2004 1480 2077 subjectus
1521 2003 1883 2076 considerat,
1938 2005 2081 2079 quia
2116 2020 2240 2063 non

697 2097 1005 2156 modicum
1047 2097 1475 2172 subjectionem
1519 2100 1871 2175 imperatam
1918 2103 2238 2173 temperat,

698 2192 1072 2252 considerare
1092 2236 1111 2265 ,
1166 2195 1260 2250 cui
1305 2194 1691 2268 obtemperat.
1741 2196 1806 2252 Et
1848 2197 1991 2252 nota
2014 2235 2033 2265 ,
2070 2193 2239 2267 quod

696 2288 812 2344 hoc
859 2287 1111 2344 verbum
1166 2287 1615 2362 imperatorium
1673 2291 1759 2345 est
1806 2286 2183 2346 retinendum
2218 2328 2238 2357 ,

698 2382 1145 2453 continendum,
1165 2386 1222 2439 et
1241 2380 1648 2439 sustinendum
1673 2400 1687 2437 ε
1713 2381 1996 2440 retinetur
2017 2385 2237 2452 autem,

697 2479 761 2533 ut
799 2474 1107 2533 fructificet
1123 2494 1142 2547 ;
1186 2476 1535 2547 continetur,
1564 2480 1629 2533 ut
1661 2474 1943 2547 aedificet;
1984 2474 2236 2533 sustine-

694 2573 809 2641 tur,
839 2572 907 2627 ut
928 2569 1240 2628 beatificet.
1270 2573 1350 2627 De
1375 2567 1648 2644 primo‚⁸:
1678 2588 1707 2623 α
1729 2569 1838 2638 Qui
1866 2568 2047 2626 corde
2069 2568 2235 2626 bono

697 2669 755 2723 et
781 2666 1007 2740 optimo
1045 2664 1349 2723 audientes
1374 2663 1630 2721 verbum
1664 2663 1947 2734 retinent,
1979 2667 2035 2721 et
2078 2662 2235 2720 fruc-

696 2764 821 2817 tum
857 2759 1109 2817 afferunt
1151 2760 1215 2817 in
1261 2757 1544 2834 patientia
1570 2776 1585 2815 z
1611 2779 1639 2813 ι
1673 2774 1809 2816 ecce
1853 2758 2109 2817 verbum
2146 2774 2238 2815 re-

693 2857 947 2926 tentum,
995 2858 1060 2911 ut
1101 2852 1426 2912 fructificet.
1479 2854 1556 2909 De
1598 2851 1862 2909 secundo
1897 2852 1917 2887 ⁸
1960 2870 1976 2909 :
2018 2870 2049 2905 (ι
2084 2855 2238 2910 Inter

693 2966 846 3024 quos
878 2950 1084 3008 lucetis
1104 2994 1123 3023 ,
1153 2949 1303 3007 sicut
1347 2948 1666 3007 luminaria
1689 2948 1751 3005 in
1791 2948 2057 3019 mund0,
2105 2962 2236 3004 ver-

693 3045 839 3102 bum
864 3044 997 3103 vitoe
1026 3044 1386 3103 continentes
1418 3061 1432 3100 ε
1458 3063 1486 3097 n
1515 3057 1649 3101 ecce
1689 3042 1942 3100 verbum
1990 3046 2235 3099 conten·

694 3143 853 3211 tum,
881 3143 946 3199 ut
983 3138 1249 3198 aedificet.
1288 3140 1366 3196 De
1392 3136 1563 3196 tertio
1608 3135 1883 3194 scribitur
1902 3137 1924 3173 ⁸
1955 3154 1971 3193 ε
2011 3153 2040 3190 α
2059 3134 2236 3194 Susti-

692 3235 821 3292 nuit
846 3233 1046 3292 anima
1071 3249 1207 3291 mea
1234 3232 1297 3292 in
1323 3232 1510 3290 verbo
1547 3232 1704 3304 eJus,
1750 3229 2007 3304 speravit
2034 3229 2236 3288 anima

694 3344 828 3387 mea
840 3329 904 3386 in
926 3328 1177 3388 Domino
1203 3346 1217 3385 :
1243 3346 1272 3385 ι
1294 3342 1428 3386 ecce
1456 3326 1710 3384 verbum
1726 3327 2112 3384 sustentatum
2131 3323 2232 3398 (a),

693 3425 758 3480 ut
783 3422 1096 3482 beatificet.

1203 3563 1484 3619 Articulus
1521 3563 1735 3618 tertius.
1767 3608 1778 3624 ,

760 3706 948 3765 Tertia
977 3705 1372 3765 consideratio
1415 3703 1711 3776 colligitur
1746 3718 1819 3760 ex
1855 3703 1970 3760 hoc
2008 3716 2178 3760 ramo
2212 3720 2228 3756 ε

689 3804 979 3860 semotae.
1009 3802 1153 3858 Ecce
1182 3814 1436 3858 onerosa
1462 3796 1744 3855 servitus:
1774 3811 1908 3854 ecce
1937 3810 2089 3854 onus
2114 3793 2229 3851 im-

686 3894 947 3968 positum
1002 3893 1284 3952 divinitus
1312 3936 1335 3964 ,
1393 3889 1562 3966 quod
1615 3889 1839 3949 idcirco
1894 3887 2230 3947 considerat

688 3994 1003 4058 oneratus;
1057 3989 1200 4063 quia
1239 3985 1631 4047 consideratio
1676 3983 1974 4044 onerantis
2009 4025 2030 4054 ,
2075 3996 2228 4041 onus

448 4160 465 4200 t
496 4094 660 4203 30:ss
687 4082 926 4141 alleviat
948 4082 1266 4142 tolerantis,
1309 4081 1426 4139 Sed
1462 4082 1604 4138 nota
1647 4079 1801 4137 circa
1832 4092 2072 4135 servum
2112 4076 2226 4133 hu·

466 4170 492 4199 u
533 4170 554 4199 Ι
689 4177 702 4189 ·

448 4221 583 4265 modi.

679 4175 1011 4250 Juscemodi
1022 4217 1043 4247 ,
1066 4175 1232 4251 quod
1258 4176 1537 4248 leguntur
1564 4172 1857 4240 servitutis
1883 4176 2000 4230 tres
2019 4171 2220 4229 modi:

687 4273 773 4328 est
799 4286 1059 4344 namque
1087 4270 1335 4328 servitus
1362 4285 1436 4328 ex
1461 4267 1833 4340 necessitate,
1874 4265 2124 4326 servitus
2151 4280 2225 4324 ex

682 4364 1009 4423 humilitate
1030 4407 1053 4437 ,
1078 4365 1323 4424 servitus
1352 4380 1426 4422 ex
1453 4364 1732 4422 charitate
1764 4380 1779 4419 ε
1811 4376 2069 4437 quarum
2108 4361 2226 4435 pri-

683 4476 785 4518 ma
806 4457 1117 4518 toleranda
1135 4499 1156 4529 ,
1185 4458 1445 4517 secunda
1471 4455 1898 4529 desideranda,
1929 4455 2096 4513 tertia
2122 4471 2222 4513 ve-

682 4554 970 4613 neranda.
1001 4556 1080 4611 De
1101 4552 1297 4627 prima
1314 4555 1337 4590 '¹
1367 4571 1382 4610 ε
1407 4571 1437 4607 α
1453 4553 1665 4610 Servus
1690 4554 1940 4610 vocatus
1968 4567 2030 4609 es
2043 4553 2074 4608 ‘r
2095 4566 2223 4608 non

682 4650 758 4709 sit
806 4648 916 4707 tibi
966 4665 1155 4722 ουτως
1184 4669 1214 4704 ιο
1247 4647 1415 4721 quod
1449 4645 1704 4721 pertinet
1750 4647 1829 4705 ad
1880 4646 2223 4705 servitutem

682 4744 1054 4804 necessitatis.
1099 4747 1179 4802 De
1222 4742 1486 4802 secunda
1515 4743 1538 4778 ⁸
1581 4761 1594 4799 ε
1639 4764 1666 4796 «
1702 4743 2069 4816 Quicumque
2117 4756 2223 4798 vo-

679 4838 861 4897 luerit
887 4839 1035 4896 inter
1052 4853 1162 4896 vos
1186 4836 1416 4911 primus
1436 4852 1585 4910 esse,
1600 4837 1709 4894 erit
1728 4839 1920 4894 vester
1940 4851 2141 4895 servus
2158 4854 2171 4893 :
2186 4855 2214 4891 n

684 4932 852 5006 quod
879 4934 1101 5007 spectat
1125 4931 1205 4990 ad
1232 4930 1570 4990 servitutem
1596 4928 1958 4988 humilitatis.
1996 4932 2075 4986 De
2105 4931 2218 4987 ter-

681 5025 762 5084 tia
780 5025 803 5059 ⁹
834 5044 848 5083 ε
882 5046 908 5080 α
926 5029 1074 5085 Cum
1099 5026 1254 5085 liber
1282 5043 1470 5084 essem
1500 5041 1571 5084 ex
1602 5025 1881 5086 omnibus
1897 5066 1918 5096 ,
1949 5024 2221 5082 omnium

680 5136 779 5180 me
805 5136 1043 5181 servum
1063 5120 1198 5194 feci,
1225 5123 1292 5179 ut
1315 5121 1516 5195 plures
1535 5119 1940 5180 lucrifacerem
1957 5136 1977 5193 ς
1996 5138 2025 5174 ιο
2051 5118 2219 5193 quod

682 5214 1019 5273 servitutem
1047 5215 1322 5291 exprimit
1345 5213 1658 5275 charitatis.

745 5344 762 5376 ¹
806 5340 938 5392 psat.
983 5352 1181 5404 Lxxm,
1223 5345 1304 5393 22.
1351 5368 1412 5381 —
1454 5343 1477 5378 ¹
1522 5342 1659 5393 Psal.
1704 5355 1923 5405 cxxxv1,
1972 5345 2031 5404 7,
2079 5343 2129 5393 8.
2155 5366 2218 5380 -—

680 5412 698 5442 ³
727 5413 742 5462 Ι
774 5413 939 5475 Petr„
964 5424 1025 5476 11,
1048 5415 1125 5463 18.
1143 5436 1207 5453 -
1232 5413 1255 5449 ⁴
1277 5415 1412 5476 Luc„
1438 5425 1552 5477 vm,
1578 5416 1657 5465 15.
1685 5417 1789 5453 ..⁸
1811 5413 2023 5479 Philip„
2049 5426 2111 5478 11,
2137 5415 2214 5464 16.

1746 451 2161 520 EXPOSITIO
2205 451 2288 519 IN
2329 453 2855 522 PSALTERIUM.

2848 657 3138 714 Articulus
3173 662 3419 730 quartus.

2429 781 2644 849 Quarta
2687 782 3080 841 consideratio
3118 783 3401 856 accipitur
3444 799 3519 840 ex
3562 782 3678 841 hoc
3717 783 3853 842 loco
3882 805 3898 843 z

2356 875 2422 931 In
2447 891 2552 946 quo
2577 877 2719 933 mihi
2745 892 2893 950 spem
2918 877 3163 945 dedisti3
3190 878 3361 952 quasi
3389 876 3547 936 dicat
3575 895 3591 933 t
3623 881 3689 936 ln
3711 878 3897 936 verbo

2355 966 2768 1041 imperatorio,
2795 969 2998 1028 salutis
3037 970 3339 1029 meritorio
3354 1014 3374 1044 ,
3413 987 3537 1046 quo
3575 970 3895 1045 imperasti,

2353 1061 2502 1119 mihi
2527 1077 2695 1137 spem
2720 1063 3035 1138 inspirasti.
3069 1064 3244 1124 Plane
3291 1068 3613 1138 imperator
3650 1064 3895 1123 coelestis

2352 1152 2605 1229 imperat
2632 1160 2826 1215 actum
2854 1156 3102 1230 virtutis,
3143 1158 3247 1233 qui
3272 1157 3606 1217 meritorius
3633 1163 3718 1216 est
3740 1158 3891 1217 salu-

2353 1248 2462 1320 tis;
2491 1252 2548 1307 et
2574 1249 2795 1309 idcirco
2812 1294 2835 1322 ,
2864 1252 3011 1310 dum
3038 1252 3323 1327 imperat,
3351 1253 3891 1328 obtemperantibus

2352 1355 2522 1415 spem
2546 1343 2812 1418 insPirat.
2843 1348 2910 1404 Et
2935 1350 3078 1406 nota
3094 1362 3263 1421 spem
3289 1347 3637 1421 tripartitam
3665 1349 3891 1407 obtem·
3916 1368 4033 1421 sp„
4059 1371 4126 1411 ffi.

2351 1437 2696 1510 Pffl'flnfibus
2717 1440 3082 1514 inspiratam,
3119 1441 3395 1501 videlicet
3420 1459 3589 1518 spem
3615 1443 3888 1502 laboran-
3914 1431 4096 1484 1²⁸⁸&-

2350 1530 2542 1602 tium,
2594 1547 2763 1607 spem
2813 1534 3229 1609 tolerantium,
3284 1553 3455 1611 spem
3509 1538 3833 1597 amantium
3872 1558 3886 1595 ε

2351 1638 2612 1698 quarum
2653 1627 2850 1701 prima
2888 1630 3208 1703 respondet
3249 1631 3507 1689 servituti
3532 1632 3776 1706 primae;
3804 1648 3890 1689 se-

2352 1717 2570 1791 cunda,
2615 1721 2921 1794 secundoe5
2972 1723 3162 1795 tertia,
3200 1724 3397 1783 tertiae.
3445 1727 3524 1782 De
3580 1726 3777 1800 prima
3799 1726 3885 1783 ¹⁰:

2357 1836 2386 1868 «ι
2413 1813 2594 1875 Debet
2634 1817 2698 1875 in
2741 1835 2867 1893 spe,
2914 1819 3018 1893 qui
3065 1823 3211 1892 arat,
3258 1835 3463 1879 arare:
3513 1843 3541 1874 u
3575 1836 3709 1879 ecce
3759 1837 3888 1896 spes

2349 1909 2773 1970 laborantium.
2823 1915 2902 1971 De
2948 1913 3214 1972 secunda
3237 1914 3278 1950 ¹¹
3319 1933 3333 1970 ε
3372 1933 3401 1968 α
3438 1915 3714 1987 Scientes,
3753 1916 3888 1989 quia

2349 2003 2651 2063 tribulatio
2678 2005 3022 2079 patientiam
3046 2011 3353 2081 operatum
3386 2009 3667 2083 patientia
3693 2012 3886 2067 autem

2347 2096 2792 2173 probationem3
2820 2100 3099 2175 probatio
3127 2118 3271 2161 vero
3298 2118 3465 2176 spem
3495 2122 3510 2160 ε
3542 2124 3569 2156 υ
3592 2118 3728 2161 ecce
3754 2118 3886 2178 spes

2347 2190 2744 2251 tolerantium.
2791 2196 2870 2253 De
2913 2196 3082 2254 tertia
3122 2199 3166 2233 ¹²
3213 2215 3229 2254 ι
3286 2215 3317 2251 ι
3352 2195 3666 2255 Audientes
3709 2196 3887 2255 fidem

2347 2287 2604 2344 vestram
2629 2287 2694 2345 in
2718 2288 2943 2347 Christo
2969 2292 3102 2348 Jesu
3116 2333 3135 2362 ,
3177 2294 3236 2348 et
3269 2289 3679 2362 dilectionem,
3711 2306 3886 2365 quam

2346 2376 2576 2438 habetis
2602 2380 2665 2438 in
2692 2386 2926 2441 sanctos
2964 2399 3207 2456 omneS,
3236 2388 3476 2460 propter
3514 2400 3716 2458 spem,
3755 2401 3885 2458 quae

2345 2473 2604 2546 reposita
2631 2479 2715 2533 est
2739 2477 2913 2536 vobis
2945 2477 3010 2535 in
3049 2478 3212 2537 coelis
3244 2498 3258 2536 ε
3287 2500 3316 2535 ι)
3358 2495 3495 2537 ecce
3521 2494 3657 2553 spes
3683 2494 3884 2537 aman·

2346 2565 2514 2624 tium.

2987 2644 3249 2709 Epilogus.

2418 2755 2507 2814 Ait
2530 2771 2672 2829 ergo
2701 2758 2988 2832 Propheta
3005 2801 3024 2831 ,
3052 2776 3157 2819 seu
3183 2774 3443 2834 persona
3468 2760 3756 2833 subJ'ecta,
3783 2759 3886 2817 sed

2344 2850 2471 2926 spei
2521 2852 2925 2912 consolatione
2973 2853 3224 2925 refecta,
3271 2869 3416 2913 voce
3471 2854 3814 2929 prophetica
3868 2873 3882 2910 ε

2345 2943 2547 3002 Memor
2586 2950 2693 3004 esto
2710 2990 2726 3014 ,
2777 2945 2883 3021 qui
2925 2962 3270 3006 remuneras
3287 2989 3308 3019 ,
3356 2964 3536 3023 quem
3582 2948 3852 3006 desidero
3866 2968 3883 3020 ;

2351 3039 2516 3096 Verbi
2555 3044 2669 3107 tui,
2719 3040 2824 3114 qui
2866 3040 3124 3115 imperas
3140 3082 3161 3112 ,
3192 3042 3287 3099 cui
3316 3043 3665 3116 obtempero
3681 3061 3701 3113 ;
3734 3041 3888 3099 Semo

2347 3135 2464 3198 tuo,
2523 3131 2587 3190 id
2633 3136 2748 3205 est,
2793 3133 2914 3206 tui,
2967 3134 3073 3208 qui
3128 3151 3361 3205 oneraS,
3414 3140 3655 3210 propter
3708 3151 3886 3210 quem

2342 3225 2529 3285 tolero
2543 3243 2562 3298 3
2593 3230 2660 3284 In
2684 3244 2788 3300 quo
2820 3229 2959 3286 mihi
2987 3245 3133 3301 spem
3164 3230 3398 3302 dedisti,
3427 3229 3531 3304 qui
3559 3245 3798 3301 oneraS,
3825 3228 3886 3286 in

2344 3334 2526 3394 quem
2553 3335 2747 3393 spero.

2907 3538 3240 3582 vmtcums
3273 3539 3337 3581 11.

2411 3704 2501 3760 50.
2519 3703 2643 3759 Hoec
2659 3718 2743 3760 me
2767 3705 3040 3761 consolata
3064 3707 3165 3773 est,
3195 3707 3304 3762 etc.
3323 3703 3712 3776 Subjectionis
3738 3720 3874 3763 con-

2338 3794 2550 3854 solatio
2576 3795 2715 3855 satis
2736 3795 2947 3854 claruit
2972 3797 3034 3854 in
3050 3813 3228 3855 versu
3252 3798 3658 3872 proeambu103
3685 3799 3874 3870 abjec-

2336 3889 2515 3949 tionis
2555 3890 2879 3949 consolatio
2916 3906 3040 3949 non
3073 3890 3273 3949 minus
3315 3891 3497 3950 claret
3534 3892 3599 3949 in
3625 3892 3737 3951 isto
3752 3935 3770 3964 ,
3816 3893 3873 3948 in

2337 3998 2460 4058 quo
2488 3987 2724 4044 notatur
2768 4000 2904 4060 spes
2947 3983 3284 4044 confortans
3302 4027 3322 4058 ,
3358 3990 3713 4060 supportans
3734 4028 3752 4055 ‚
3780 3985 3874 4043 de·

2334 4074 2607 4151 hortans,
2637 4081 2695 4137 et
2728 4079 3062 4138 exhortans.
3103 4078 3319 4140 Dicitur
3350 4082 3552 4139 autem
3576 4095 3710 4155 spes
3737 4095 3872 4138 eon-

2333 4170 2558 4230 fortans
2608 4188 2718 4246 per
2769 4172 3268 4247 aequanimitatem
3290 4217 3311 4246 ,
3364 4178 3721 4247 supportans
3771 4189 3871 4249 per

2334 4265 2843 4340 longanimitatem
2860 4308 2881 4338 ,
2929 4266 3248 4325 dehortans
3302 4267 3868 4342 pusillanimitatem,

2335 4359 2392 4417 et
2417 4359 2731 4420 exhortans
2758 4360 3324 4435 magnanimitatem.

2833 4521 3116 4579 ,articulus
3147 4525 3380 4595 primus.

2402 4649 2529 4705 Haec
2551 4663 2635 4705 me
2662 4650 2934 4704 consolata
2959 4654 3058 4706 est.
3090 4647 3192 4707 Hic
3217 4648 3617 4723 proculdubio
3645 4651 3870 4707 notatur

2329 4741 2458 4816 spei
2512 4741 2883 4814 confortatio,
2937 4760 3057 4818 qua
3109 4744 3475 4803 confortatur
3519 4744 3724 4814 homo,
3776 4740 3869 4799 vel

2328 4837 2570 4897 interius
2614 4854 2652 4896 a
2691 4839 2941 4913 Domino
2984 4840 3485 4914 aequanimitatem
3519 4839 3868 4914 inspirante,

2328 4930 2422 4991 vel
2451 4932 2704 4990 exterius
2742 4948 2777 4990 a
2820 4931 3095 5007 proximo
3123 4933 3622 5009 aequanimitatem
3654 4948 3866 5008 procu-

2327 5030 2512 5085 rante.
2551 5030 2619 5084 Et
2660 5031 2824 5100 nota,
2878 5028 3045 5103 quod
3088 5028 3273 5089 homo
3318 5028 3619 5103 tripliciter
3660 5025 3869 5085 dicitur

2330 5119 2582 5177 exterius
2631 5121 2885 5180 alterum
2940 5123 3234 5183 consolari
3258 5165 3277 5195 ,
3329 5122 3607 5181 videlicet
3651 5119 3863 5190 verbe,

2327 5271 2425 5308 ...o
2462 5269 2607 5320 Psal.
2636 5283 2824 5333 cxxxx,
2861 5276 2982 5326 4.-
3016 5274 3032 5303 ⁷
3059 5274 3074 5323 1
3112 5271 3251 5334 σόν..
3288 5284 3382 5334 vn,
3409 5273 3490 5324 21.
3522 5297 3588 5310 -
3614 5271 3637 5306 ⁸
3663 5267 3864 5330 naith„

2327 5353 2428 5405 xx,
2457 5344 2533 5393 17.
2560 5368 2625 5382 -·-
2659 5344 2679 5375 ⁹
2719 5345 2736 5393 1
2774 5343 3027 5408 Cor.,1x‚
3069 5348 3148 5396 19.
3179 5371 3234 5384 -·
3276 5345 3315 5375 ¹·
3355 5345 3373 5393 Ι
3408 5343 3547 5405 cor„
3585 5353 3665 5405 tx,
3700 5344 3773 5391 10.
3803 5365 3868 5377 -

2330 5415 2364 5445 ¹¹
2396 5415 2624 5481 Rom.,v,
2641 5418 2692 5479 4,
2711 5419 2824 5470 5.-
2848 5420 2888 5453 ¹⁸
2913 5416 3126 5482 ealon..
3155 5430 3192 5482 1,
3221 5418 3413 5482 5.—(a)
3433 5417 3864 5486 1⁴29·⁸¹¹⁸t⁰¹¹t¹²m.
