4196 6294
815 616 1103 700 peritatis
1149 619 1359 701 magis
1408 621 1711 684 consonat
1737 619 1932 685 statui
1975 620 2356 687 innocentiae

816 729 880 793 et
911 726 1135 808 gloriae
1156 744 1173 791 ε
1198 728 1309 792 sed
1336 728 1506 811 quod
1534 727 1807 793 similius
1832 731 1928 793 est
1956 729 2228 811 meliori,
2261 735 2355 795 est

816 833 1045 899 melius
1075 853 1093 899 ε
1128 853 1311 918 ergo.
1359 836 1724 920 Respondeo
1769 837 2109 903 dicendum
2124 888 2140 920 ,
2184 840 2355 921 quod

816 943 1020 1006 status
1047 944 1500 1025 prosperitatis,
1529 948 1592 1009 et
1617 944 2017 1010 adversitatis
2036 994 2057 1025 ‚
2088 949 2357 1029 possunt

814 1050 1172 1133 comparari
1198 1051 1281 1116 ad
1306 1052 1527 1133 bonoS,
1561 1055 1623 1117 et
1646 1053 1726 1117 ad
1751 1053 1954 1118 malos
1975 1076 1992 1133 ;
2020 1054 2075 1117 si
2105 1054 2185 1119 ad
2213 1072 2356 1119 ma·

813 1156 909 1222 los
934 1157 1050 1241 qui
1076 1158 1407 1224 elevantur
1447 1160 1518 1225 in
1557 1161 1875 1244 prosperis
1888 1208 1909 1240 ,
1949 1164 2013 1226 et
2042 1161 2358 1245 dejiciun-

815 1267 923 1329 tur
945 1265 1018 1329 in
1046 1265 1347 1346 adversis,
1380 1270 1608 1331 neuter
1632 1270 1730 1331 est
1755 1267 1949 1348 utilis,
1981 1268 2107 1332 nisi
2151 1269 2236 1351 (a)
2268 1269 2357 1333 di·

814 1374 967 1440 vina
996 1375 1206 1455 gratia
1229 1376 1497 1441 interius
1523 1377 1821 1459 adjuvet,
1850 1381 1925 1442 ut
1949 1379 2205 1461 quando
2238 1378 2356 1442 fla-

815 1481 1010 1563 gellat
1023 1483 1329 1564 exterius,
1360 1484 1684 1549 illuminat
1709 1466 2012 1562 interius3
2045 1486 2136 1550 sic
2163 1485 2356 1570 inspi-

814 1589 1059 1654 ratione
1123 1591 1461 1656 comitante
1526 1591 1858 1673 flagellum
1881 1641 1902 1671 ,
1961 1593 2135 1676 quod
2187 1611 2356 1676 saepe

814 1696 1146 1779 contingit,
1181 1702 1381 1763 status
1422 1699 1820 1766 adversitatis
1860 1704 1958 1766 est
1994 1700 2235 1765 utilior.
2285 1698 2355 1765 Si

813 1807 1029 1870 autem
1068 1805 1399 1889 loquimur
1425 1825 1536 1889 per
1561 1809 2098 1891 comparationem
2140 1808 2219 1872 ad
2246 1809 2356 1874 bo-

811 1931 948 1993 nos,
979 1913 1071 1977 sic
1096 1914 1435 1979 dicendum
1475 1916 1646 1999 quod
1693 1918 1845 1983 boni
1891 1917 2158 2001 quidam
2206 1921 2355 1982 sunt

809 2021 1101 2103 perfecti,
1150 2020 1228 2085 de
1269 2022 1506 2104 quibus
1550 2023 1779 2089 dicitur
1819 2023 1978 2089 illud
2004 2025 2024 2061 ¹
2064 2047 2080 2088 :
2136 2046 2168 2084 α
2213 2023 2354 2089 Non

808 2128 1202 2193 contristabit
1220 2131 1492 2212 justum,
1521 2130 1835 2214 quidquid
1854 2132 1913 2195 ei
1940 2130 2235 2197 acciderit
2267 2153 2283 2194 ε
2311 2153 2343 2191 ιο

808 2235 897 2300 sic
923 2235 1216 2317 perfectis
1255 2237 1485 2302 melior
1523 2241 1585 2302 et
1620 2237 1838 2302 utilior
1864 2240 1960 2302 est
2003 2241 2205 2302 status
2237 2238 2351 2303 ad-

808 2343 1143 2424 versitatis,
1175 2343 1330 2426 quia
1355 2348 1424 2408 in
1452 2362 1529 2409 eo
1554 2345 2029 2425 examinantur,
2054 2344 2218 2410 sicut
2243 2364 2355 2411 au-

806 2468 955 2515 rum
980 2451 1289 2533 probatur
1332 2452 1402 2516 in
1441 2452 1635 2533 igne;
1664 2455 1867 2517 status
1914 2456 2134 2518 autem
2182 2470 2354 2535 pros-

804 2558 1091 2640 peritatis
1115 2576 1249 2623 non
1274 2562 1371 2624 est
1388 2559 1478 2624 eis
1493 2559 1690 2640 utilis,
1713 2564 1825 2623 aut
1842 2559 1996 2643 quia
2012 2577 2143 2625 non
2162 2562 2354 2642 profl-

805 2665 1005 2745 ciunt,
1051 2668 1163 2730 aut
1203 2665 1357 2749 quia
1398 2669 1759 2749 tepescunt,
1799 2672 1911 2732 aut
1953 2667 2107 2750 quia
2151 2667 2352 2732 animi

804 2790 1029 2837 eorum
1057 2772 1377 2852 decidunt,
1408 2774 1570 2837 sicut
1597 2771 1870 2837 dicitur:
1908 2796 1939 2835 α
1970 2773 2093 2852 Qui
2120 2775 2188 2837 in
2216 2775 2350 2839 bel-

805 2878 884 2942 lis
909 2879 1091 2943 fortis
1112 2927 1131 2958 ,
1166 2880 1235 2943 in
1276 2883 1535 2962 aspectu
1579 2878 1867 2944 mulieris
1901 2879 2126 2944 cecidit
2156 2902 2172 2943 ε
2205 2902 2236 2941 1>
2273 2881 2354 2945 si-

805 2992 914 3053 cut
938 2992 1001 3052 et
1026 2987 1158 3067 alii,
1190 2986 1306 3071 qui
1336 2992 1487 3052 sunt
1516 2987 1890 3071 imperfecti,
1922 2988 2038 3072 qui
2067 2989 2354 3071 diligunt

806 3094 1030 3175 Deum,
1061 3098 1125 3160 et
1150 3094 1543 3161 inducuntur
1577 3113 1693 3177 per
1733 3096 2112 3180 temporalia
2156 3096 2348 3164 bene-

805 3204 972 3283 ficia,
1006 3206 1071 3269 et
1096 3220 1247 3267 cum
1285 3221 1417 3267 non
1463 3202 1743 3268 habeant
1787 3205 2165 3270 charitatem
2210 3226 2351 3290 per-

805 3311 1055 3387 fectam,
1087 3310 1164 3375 de
1189 3310 1355 3374 facili
1382 3309 1614 3375 cadunt
1646 3330 1662 3375 :
1702 3310 1936 3376 talibus
1962 3313 2351 3396 prosperitas

806 3423 903 3485 est
934 3418 1156 3483 utilior
1197 3440 1212 3484 ε
1257 3422 1320 3483 et
1362 3418 1516 3502 quia
1558 3419 1834 3484 Ecclesia
1885 3419 2122 3485 multos
2161 3420 2354 3488 habet

806 3528 1072 3594 tenellos
1129 3532 1194 3593 et
1245 3528 1537 3593 infirmos
1589 3529 1808 3612 plures
1829 3577 1848 3610 ‚
1880 3549 2077 3613 quam
2132 3531 2346 3614 forteS,

807 3637 949 3701 ideo
974 3636 1230 3718 cogitur
1258 3654 1441 3701 orare
1469 3654 1586 3719 pro
1630 3654 1804 3719 pace.
1855 3636 2034 3714 Quod
2057 3656 2216 3720 ergo
2244 3629 2351 3704 bo-

805 3745 908 3809 nis
934 3745 1103 3809 mala
1130 3745 1436 3812 eveniunt
1479 3745 1547 3808 in
1595 3746 1928 3827 praesenti,
1959 3746 2204 3811 donum
2239 3748 2350 3813 Dei

806 3856 937 3933 est,
978 3855 1169 3936 juxta
1206 3852 1363 3917 illud
1405 3859 1429 3894 ⁸
1469 3873 1485 3916 ε
1529 3874 1561 3914 α
1585 3852 1817 3917 Datum
1862 3857 1958 3918 est
2008 3853 2194 3918 vobis
2219 3873 2350 3921 non

807 3959 1020 4024 solum
1070 3963 1145 4024 ut
1182 3961 1253 4024 in
1294 3978 1448 4026 eum
1488 3960 1790 4041 credatiS,
1840 3961 1951 4026 sed
1997 3962 2191 4027 etiam
2230 3981 2349 4047 pro
2399 4031 2405 4038 ,

806 4067 918 4133 illo
941 4066 1296 4151 patiamini.
1326 4089 1359 4128 n
2348 4150 2358 4159 ·

888 4178 1087 4244 16.Et
1104 4177 1378 4259 apposui
1389 4192 1496 4245 cor
1510 4192 1743 4258 meum,
1759 4179 1878 4241 etc.
1898 4176 2234 4242 Ostensum
2252 4182 2350 4243 est

807 4285 1129 4368 quomodo
1150 4285 1402 4351 vanitas
1435 4284 1787 4350 securitatis
1805 4284 2010 4349 oritur
2047 4303 2132 4349 ex
2159 4286 2349 4351 subli-

703 4440 712 4449 .
806 4393 1085 4458 matione
1111 4392 1431 4457 malorum
1446 4441 1465 4471 ,
1495 4396 1557 4457 et
1602 4393 1792 4457 etiam
1820 4409 1904 4455 ex
1944 4392 2348 4475 depressione

805 4500 1155 4579 bonorum;
1184 4499 1290 4564 hic
1322 4499 1511 4564 tertio
1554 4499 1905 4565 ostenditur
1938 4500 2113 4583 quod
2156 4502 2347 4567 modo

806 4605 1012 4671 oritur
1034 4623 1118 4670 ex
1161 4605 1626 4671 indistinctione
1679 4606 1918 4671 horum
1944 4611 2008 4673 et
2035 4606 2294 4672 illorum
2325 4627 2343 4673 t

803 4713 958 4797 quia
986 4712 1161 4778 enim
1188 4712 1340 4777 mali
1367 4730 1500 4777 non
1532 4717 1799 4796 possunt
1820 4714 2135 4798 distingui
2161 4734 2202 4780 a
2226 4717 2342 4780 bo-

805 4820 924 4900 nis,
968 4819 1112 4886 ideo
1155 4822 1308 4886 sunt
1348 4820 1591 4902 securi3
1624 4825 1687 4885 et
1713 4822 2018 4904 quoniam
2053 4823 2194 4888 haec
2242 4843 2344 4889 se-

805 4927 1044 4992 curitas
1085 4931 1302 4993 ortum
1344 4926 1539 4992 habet
1591 4946 1674 4992 ex
1723 4929 2094 5013 hujusmodi
2147 4931 2344 4997 indis-

803 5033 1137 5115 tinctione,
1169 5036 1398 5119 etipsa
1432 5036 1626 5101 etiam
1668 5040 1764 5101 est
1807 5038 2201 5122 principium
2226 5058 2341 5106 vo-

805 5140 1094 5226 luptatis,
1141 5144 1285 5210 ideo
1323 5145 1519 5210 habet
1543 5163 1693 5229 pars
1736 5145 1857 5209 ista
1888 5144 2051 5211 duas
2077 5149 2289 5229 partes
2323 5169 2339 5213 ε

803 5335 820 5354 -‚
871 5305 882 5332 ⁸
916 5302 1084 5368 Prov„
1114 5316 1208 5368 κη,
1235 5309 1314 5357 21.
1340 5334 1402 5344 -
1424 5309 1446 5342 ²
1471 5306 1680 5371 Philip„
1711 5320 1749 5372 1,
1782 5310 1859 5359 29.
1882 5333 1946 5345 -
1972 5308 1991 5338 ⁸
2014 5308 2169 5372 Rom„
2200 5322 2236 5372 1,
2263 5313 2344 5361 2⁰.

807 5373 904 5411 -ὗ
929 5378 1112 5440 Supra,
1133 5388 1214 5441 ιιι,
1239 5378 1584 5445 1o.-⁵11bid.‚
1617 5384 1755 5429 Η.-
1778 5381 1796 5410 ⁶
1821 5379 1995 5443 Eccli„
2026 5392 2177 5443 me,
2199 5383 2341 5433 34.—

1820 482 2234 551 EXPOSITIO
2275 483 2357 550 IN
2397 483 2997 552 ECCLESIASTEN.

2465 623 2675 706 primo
2701 623 3053 689 ostenditur
3077 625 3397 708 quomodo
3428 642 3508 691 ex
3526 624 3929 694 indistinctione

2465 729 2671 795 oritur
2693 731 3027 811 securitas3
3069 732 3363 812 secundo,
3411 734 3718 816 quomodo
3755 753 3825 799 ex
3854 754 3927 800 se-

2466 838 2729 904 curitate
2741 838 3058 922 voluptas,
3080 839 3167 903 ibi
3183 858 3201 903 ε
3218 840 3411 907 Nemo
3428 847 3542 920 est,
3564 842 3694 924 qui,
3707 845 3808 906 etc.
3826 843 3927 908 Pri-

2465 963 2647 1010 mum
2682 964 2840 1026 ergo
2889 945 3012 1011 hoc
3053 946 3276 1012 ordine
3305 948 3669 1013 describitur
3714 972 3728 1013 ε
3770 951 3929 1032 primo

2465 1072 2627 1135 ergo
2674 1056 2934 1118 notatur
2976 1054 3370 1120 discernendi
3397 1074 3570 1120 cassa
3586 1055 3926 1135 sollicitudo;

2464 1162 2741 1226 secundo
2766 1179 2923 1225 vero
2936 1209 2957 1240 ‚
2988 1160 3375 1227 discretionis
3417 1162 3804 1243 incertitudo;
3842 1168 3931 1229 ter-

2464 1269 2584 1350 tio,
2608 1269 3066 1334 incertitudinis
3104 1268 3295 1349 ratio;
3344 1273 3569 1353 quarto
3611 1274 3839 1335 notatur
3871 1290 3931 1335 ex

2463 1375 2593 1441 hoc
2619 1394 2802 1441 vanae
2826 1376 3182 1440 securitatis
3207 1376 3417 1458 origo.
3451 1375 3797 1442 Insinuatur
3828 1378 3917 1458 igi-

2465 1486 2574 1548 tur
2591 1482 2800 1566 primo
2825 1482 3222 1548 discernendi
3249 1501 3426 1547 cassa
3443 1483 3797 1565 sollicitudo,
3821 1502 3930 1566 quae

2464 1592 2585 1656 fuit
2612 1591 2911 1672 diligens3
2937 1591 3109 1657 unde
3122 1590 3238 1655 ait:
3258 1591 3341 1658 Et
3357 1592 3630 1674 apposui
3639 1607 3736 1659 cor
3752 1609 3928 1672 meum,

2462 1699 2526 1764 id
2556 1702 2684 1779 est,
2718 1699 3107 1764 intellectum
3161 1698 3454 1783 applicui,
3505 1705 3577 1766 ut
3621 1701 3819 1766 scirem
3851 1715 3930 1764 sa·

2459 1808 2803 1888 pientiam,
2828 1809 3145 1888 quantum
3172 1806 3252 1869 ad
3291 1805 3671 1886 invisibilia;
3701 1814 3754 1873 ct
3781 1806 3929 1873 intel·

2462 1913 2723 1997 liqerem
2761 1912 3239 1979 distinctionem
3279 1927 3518 1992 eorum,
3566 1928 3702 1996 ‹111oe
3721 1930 3932 1980 versan-

2464 2026 2572 2089 tur
2593 2022 2670 2088 in
2695 2025 2890 2098 terra,
2933 2022 3250 2102 quantum
3297 2019 3377 2083 ad
3416 2020 3709 2100 visibilia,
3736 2021 3930 2104 quia⁸2

2471 2150 2503 2189 a
2535 2126 2878 2192 Invisibilia
2921 2126 3030 2191 Dei
3072 2144 3187 2209 per
3228 2144 3325 2206 ea,
3375 2146 3526 2210 quae
3558 2130 3712 2193 facta
3748 2130 3885 2206 sunt,
3905 2144 3933 2190 a

2463 2238 2754 2298 creatura
2798 2233 3023 2298 mundi
3075 2232 3391 2298 intellecta
3433 2236 3885 2318 conspiciuntur.
3904 2254 3926 2291 ι

2461 2341 2540 2406 Et
2566 2341 2687 2405 ista
2708 2340 3065 2406 sollicitudo
3101 2359 3279 2405 cassa
3308 2344 3433 2421 est,
3462 2342 3617 2426 quia
3652 2344 3933 2426 quantum-

2462 2466 2739 2532 cumque
2767 2448 2964 2512 homo
2984 2446 3247 2527 laboret,
3282 2465 3413 2513 non
3438 2454 3642 2532 potest
3667 2448 3928 2513 invenire:

2460 2555 2602 2621 ideo
2649 2555 2868 2620 subdit
2922 2576 2938 2619 ι
2984 2555 3103 2623 Est
3142 2555 3359 2634 homo,
3406 2560 3529 2639 qui
3563 2559 3635 2624 in
3675 2556 3860 2623 diebus
3891 2558 3933 2619 tt

2459 2662 2753 2731 noctibus
2799 2678 3089 2729 somnum
3131 2678 3263 2729 non
3303 2665 3487 2745 capit
3517 2666 3730 2744 oculis,
3755 2661 3932 2727 imola-

2460 2771 2644 2835 borat
2663 2772 2961 2835 continue
2980 2770 3060 2835 ad
3076 2772 3533 2854 inquirendum
3551 2778 3574 2813 ⁸
3597 2771 3781 2836 :uvidi
3792 2769 3932 2834 afflic-

2458 2879 2720 2957 tionem,
2752 2896 2948 2960 quam
2999 2877 3171 2942 dedit
3215 2877 3379 2947 Deus
3422 2880 3578 2943 filiis
3626 2878 3929 2952 hominum,

2458 2992 2534 3054 ut
2559 2987 2999 3052 distendantur
3016 2985 3176 3049 inea
3192 3007 3210 3064 ;
3229 3007 3260 3045 n
3294 2989 3357 3050 et
3399 2986 3687 3051 subdit⁸:
3711 2984 3931 3048 «Cuncta

2442 3094 2605 3161 fecit
2632 3096 2823 3174 bona,
2854 3097 2917 3159 et
2942 3092 3263 3159 mundum
3308 3092 3571 3159 tradidit
3594 3085 3933 3176 disputationi

2457 3197 2713 3282 eorum3
2741 3224 2772 3263 υ
2803 3205 2867 3267 et
2898 3201 3045 3266 licet
3083 3204 3334 3265 tantum
3369 3200 3636 3276 laboret,
3663 3197 3805 3263 nihil
3826 3212 3934 3279 pro-

2457 3310 2603 3375 fecit
2636 3328 2654 3374 :
2690 3308 2834 3375 ideo
2856 3308 3070 3372 subdit
3100 3307 3185 3391 (v.
3217 3309 3315 3386 17)
3332 3321 3364 3369 ‘z
3387 3307 3486 3375 Et
3508 3306 3791 3375 intellexi
3811 3298 3935 3386 quod

2457 3434 2717 3502 operum
2767 3416 2884 3483 Dei
2929 3416 3177 3482 nullam
3215 3416 3422 3497 possit
3483 3415 3665 3482 homo
3706 3411 3935 3480 invenire

2457 3526 2777 3594 rationem
2804 3540 3042 3602 eorum,
3077 3522 3312 3587 scilicet
3337 3540 3631 3605 operum,
3654 3537 3783 3606 qnoe
3812 3518 3936 3599 fiunt

2457 3634 2573 3701 sub
2608 3632 2757 3700 sole.
2785 3632 2809 3668 ⁸
2857 3655 2888 3693 α
2910 3630 3002 3696 Ne
3038 3629 3370 3707 laboretis,
3422 3648 3556 3694 non
3599 3630 3760 3695 enim
3808 3639 3936 3688 com·

2456 3740 2877 3825 prehendetis.
2896 3761 2927 3799 υ
2962 3738 3046 3805 Et
3072 3741 3311 3820 quanto
3337 3736 3489 3819 plus
3523 3726 3939 3804 laboraveritad

2459 3847 2895 3933 quoerendum,
2932 3849 3107 3913 tanto
3131 3848 3347 3912 minus
3379 3846 3680 3913 inveniet.
3715 3841 3863 3909 Unde
3886 3843 3937 3898 ⁷:

2464 3981 2495 4020 α
2519 3957 2786 4023 Accedet
2839 3955 3034 4018 homo
3087 3953 3167 4017 ad
3226 3970 3336 4017 cor
3375 3953 3603 4033 altum,
3652 3956 3712 4017 et
3752 3946 3941 4013 exalta·

2455 4066 2630 4132 bitur
2674 4063 2863 4139 Deus,
2896 4085 2927 4123 υ
2957 4062 3022 4126 id
3064 4063 3161 4124 est
3177 4109 3198 4140 ,
3232 4060 3661 4142 elongabitur.
3688 4050 3940 4137 Augusti-

2453 4192 2580 4238 nus
2597 4177 2621 4213 ⁸
2648 4193 2664 4235 ι
2702 4193 2734 4232 α
2753 4171 2938 4236 Altus
2964 4173 3059 4240 est
3085 4169 3251 4234 Deus
3275 4188 3292 4231 t
3316 4168 3530 4234 elevas
3571 4172 3654 4244 te,
3682 4169 3740 4230 et
3761 4162 3941 4243 fugite

2452 4278 2896 4362 tethumilias
2940 4281 3039 4356 te,
3094 4280 3157 4340 et
3199 4275 3378 4341 venit
3415 4275 3496 4339 ad
3542 4279 3675 4340 te.»
3716 4265 3943 4341 Etiamsi

2454 4387 2706 4455 dixerit
2746 4387 3009 4469 sapiens
3060 4400 3127 4451 se
3173 4399 3373 4463 nosse,
3403 4399 3537 4449 non
3558 4382 3781 4466 poterit
3803 4389 3940 4456 rept-

2452 4498 2618 4576 rire3
2646 4495 2713 4559 id
2748 4497 2864 4573 est,
2893 4494 2946 4557 si
2975 4510 3044 4557 se
3063 4491 3275 4556 credat
3301 4490 3484 4570 scire,
3518 4490 3727 4554 minus
3750 4479 3938 4549 intelli-

2456 4604 2577 4686 git,
2597 4602 2749 4685 quia
2766 4601 2995 4666 dicitur
3020 4603 3085 4664 ⁹:
3120 4620 3151 4660 α
3176 4597 3465 4662 Dicentes
3499 4614 3569 4661 se
3593 4612 3724 4660 esse
3739 4590 3937 4673 sapien·

2452 4717 2569 4789 tes,
2595 4710 2768 4775 stulti
2784 4709 2930 4774 facti
2948 4711 3122 4772 sunt.
3177 4729 3208 4767 α
3233 4704 3311 4770 Et
3335 4705 3382 4741 ¹⁰
3422 4723 3442 4769 z
3473 4728 3503 4765 α
3521 4704 3698 4768 Dixi:
3729 4698 3940 4782 Sapiens

2451 4820 2723 4899 efficiar3
2771 4821 2834 4882 et
2871 4817 3012 4899 ipsa
3055 4814 3313 4896 longius
3339 4814 3591 4878 recessit
3614 4830 3653 4875 a
3682 4827 3795 4874 me.
3820 4829 3845 4866 ι
3883 4799 3939 4865 Et

2450 4928 2678 5012 repetit
2711 4923 3197 4990 sollicitudinem
3210 4969 3228 5000 ‚
3259 4921 3497 4986 addens
3527 4918 3693 5003 quod
3727 4916 3832 4980 fuit
3854 4927 3941 4975 cu·

2451 5039 2620 5103 riosa
2643 5032 2982 5100 :adhibere
3006 5030 3181 5096 enim
3201 5027 3704 5104 sollicitudinem,
3724 5022 3823 5089 ubi
3840 5031 3939 5084 non

2451 5147 2549 5211 est
2574 5142 2837 5222 utilitas,
2866 5143 2965 5206 est
2988 5138 3336 5206 curiositas.

2454 5311 2469 5341 ⁷
2498 5310 2580 5360 Ps.
2611 5319 2767 5370 mu,
2803 5309 2918 5356 8.—
2942 5305 2966 5341 ⁸
2997 5307 3145 5369 Aug„
3176 5304 3354 5354 Enarr.
3386 5301 3441 5350 in
3473 5304 3553 5350 Ps.
3582 5310 3692 5348 L.—
3711 5295 3733 5330 ⁹
3758 5294 3938 5350 Roma»

2451 5383 2530 5435 22.
2556 5406 2615 5418 -··
2646 5380 2687 5416 ¹⁰
2713 5383 2894 5444 Supra,
2926 5388 3019 5441 vn,
3046 5379 3124 5428 24.
3145 5401 3209 5446 χ-
3239 5377 3308 5437 (ιι)
3334 5373 3479 5424 Edit.
3517 5370 3624 5420 Ven.
3653 5365 3760 5416 add.
3794 5364 3854 5413 in.
