4196 6294
1462 1032 2056 1128 PRAEFATIONIS
2111 1038 2328 1116 Loco

840 1262 913 1315 Ex
955 1262 1243 1342 Prodi-omo
1284 1265 1347 1315 ad
1387 1278 1549 1331 opera
1581 1265 1755 1317 omnis
1795 1266 1850 1318 S.
1893 1266 2268 1319 Bonaventurae
2309 1270 2648 1333 praenotanda
2691 1270 2945 1335 quodam.

946 1772 979 1845 ἓ
1002 1773 1126 1829 1.-
1143 1773 1441 1829 Pmemmu
1466 1772 1650 1830 Sscu
1673 1772 1973 1829 Seuerou
1996 1770 2321 1845 (Prodi-om„
2348 1772 2454 1830 col.
2483 1722 2589 1831 δὴ
2609 1778 2667 1830 et
2684 1772 2844 1848 seq.).

377 1936 595 2020 Ipsum
621 1936 873 2001 sermm
892 1933 1363 2001 Bonaventurae
1383 1933 1585 1998 nostri
1602 1932 1985 2017 opusculum
2003 1936 2382 2000 attestantur
2398 1934 2766 2003 Franciscus
2791 1935 3084 2018 Samson,
3103 1936 3484 2006 Octavianus

302 2052 376 2119 de
405 2051 724 2134 Muttinis,
752 2052 1111 2119 Alexander
1149 2051 1463 2130 Ariostus,
1491 2048 1813 2114 Marianus
1837 2048 2264 2128 Florentium,
2293 2048 2327 2114 J
2329 2066 2569 2114 oannes
2595 2049 3004 2131 Trithemius,
3025 2051 3296 2119 Jacohus
3319 2052 3482 2120 Phi-

303 2174 514 2258 lippus
554 2173 890 2253 Forestus,
922 2172 1221 2238 Albertus
1264 2171 1650 2239 castellanus
1666 2221 1683 2252 ,
1735 2171 2088 2236 Gulielmus
2119 2168 2620 2254 Eysengrenius,
2651 2165 2870 2233 Sixtus
2901 2166 3219 2249 Senensis,
3248 2173 3312 2235 et
3349 2169 3480 2237 alii.

302 2292 546 2371 Quibus
570 2290 1037 2374 adstipulantur
1064 2289 1393 2368 editiones,
1424 2308 1702 2373 quarum
1723 2289 1896 2372 apud
1922 2305 2042 2353 nos
2070 2288 2383 2354 vetustior
2407 2286 2888 2370 Argentinensis
2914 2304 3022 2352 an.
3056 2291 3237 2354 1495.
3266 2288 3488 2374 Neque

302 2412 377 2477 ad
413 2411 482 2476 id
521 2410 921 2475 suadendum
963 2408 1320 2474 rationibus
1359 2408 1791 2473 destituimur.
1831 2406 2133 2473 Fateatur
2178 2407 2351 2471 enim
2396 2404 2503 2472 vel
2552 2405 2673 2488 ipsi
2722 2403 3072 2470 adversarii
3090 2454 3110 2486 ,
3156 2410 3486 2475 auctorem

302 2527 495 2613 hujus
515 2527 836 2612 Principia·
863 2526 1159 2592 eumdem
1184 2544 1323 2592 esse
1347 2544 1420 2591 ac
1448 2524 1633 2590 illum
1659 2524 1869 2609 operis
1898 2543 2051 2590 mox
2072 2524 2396 2607 sequentis
2422 2523 2492 2587 in
2509 2523 2976 2590 Hexaemeron.
2997 2523 3082 2587 At
3106 2525 3316 2607 operis
3331 2544 3487 2594 mox

301 2645 624 2729 sequentis
650 2648 975 2709 auctorem
1003 2629 1076 2708 15.
1105 2641 1624 2708 Bonaventursm
1649 2641 2082 2725 probabimus.
2117 2640 2310 2723 Ergo.
2362 2639 2539 2705 Certe
2570 2637 2779 2723 stylus
2806 2638 2979 2704 haud
3004 2638 3312 2705 absimilis
3337 2644 3432 2707 est
3464 2664 3479 2705 :

301 2762 514 2828 itidem
546 2763 622 2826 in
647 2763 922 2844 utroque
947 2761 1023 2823 sst
1047 2759 1364 2825 distinctio
1406 2758 1596 2828 Verbi
1624 2758 1913 2837 increati,
1959 2757 2150 2826 Verbi
2179 2757 2520 2837 incarnati,
2576 2755 2764 2824 Verbi
2798 2756 3114 2840 inspirati.
3148 2757 3304 2835 Quae
3333 2757 3486 2841 qui-

301 2877 439 2942 dem
463 2877 791 2944 distinctio
815 2876 902 2942 ita
930 2880 1024 2942 est
1052 2876 1292 2941 Doctori
1319 2883 1535 2942 nostro
1568 2874 1902 2940 familiaris
1923 2923 1943 2955 ,
1969 2877 2048 2938 ut
2088 2891 2167 2938 ea
2211 2876 2445 2958 saepius
2485 2877 2708 2940 utatur
2735 2875 2807 2940 in
2841 2875 3134 2959 pluribus
3179 2875 3320 2941 aliis
3354 2877 3488 2943 suis

299 2994 660 3079 opusculis,
688 2999 846 3078 puta
882 2994 955 3058 in
995 2994 1424 3077 Breviloquio,
1455 2994 1662 3077 Liqno
1712 2993 1885 3073 vitoe,
1915 2992 1986 3056 in
2013 2993 2460 3077 manuscriptis
2489 2995 2813 3078 opusculis
2848 2993 2927 3059 de
2966 2995 3226 3080 Septem
3253 2996 3478 3078 DoniS,

300 3122 354 3180 tt
392 3113 472 3180 de
517 3114 862 3182 Parabolis
902 3114 1331 3199 Evanqelicis.
1375 3112 1642 3179 Perinde
1684 3112 1877 3178 etiam
1922 3130 1997 3177 sc
2030 3111 2104 3176 in
2158 3110 2565 3196 Breviloquio
2587 3159 2609 3191 ,
2653 3109 3054 3197 Centiloquio
3073 3160 3095 3192 ‚
3137 3129 3386 3178 necnon
3411 3113 3484 3180 in

298 3234 600 3299 continno
642 3233 1066 3318 subsequente
1095 3251 1286 3316 opere
1322 3232 1395 3297 in
1431 3233 1881 3299 Heaeaemnon
1897 3281 1919 3313 ‚
1958 3233 2031 3296 fit
2064 3231 2134 3296 in
2173 3230 2294 3296 hoe
2329 3230 2658 3314 Principio
2698 3229 2953 3313 partitio
2984 3228 3225 3296 Veteris
3263 3229 3481 3296 Testa-

298 3351 490 3415 menti
528 3350 604 3414 in
648 3350 872 3417 Libros
920 3351 1150 3435 Ζαραῖος
1168 3399 1186 3430 ,
1234 3349 1588 3414 historiales
1610 3397 1630 3427 ,
1688 3348 2087 3434 prophetales
2138 3351 2200 3413 et
2268 3346 2649 3432 sapientales
2664 3394 2684 3426 ,
2740 3363 2989 3411 necnon
3039 3362 3237 3431 prope
3284 3349 3481 3413 finem

298 3465 637 3532 alludendo
667 3466 750 3532 ad
775 3465 1096 3547 Ezechiel,
1130 3485 1267 3550 cap.
1299 3485 1324 3530 1
1339 3514 1361 3546 ,
1403 3465 1650 3530 dIcetur
1675 3463 1849 3547 quod
1893 3487 1925 3526 α
1960 3462 2218 3530 Novum
2245 3462 2722 3529 Testamentum
2748 3463 3146 3527 contineatur
3175 3463 3245 3528 in
3271 3461 3481 3530 Veteri

296 3580 451 3646 sicut
480 3587 632 3647 rota
669 3582 742 3646 in
775 3585 916 3648 rota
930 3630 951 3662 ,
995 3604 1028 3642 s
1075 3600 1210 3647 non
1255 3599 1437 3648 secus
1476 3600 1552 3647 ac
1582 3583 1652 3646 in
1691 3581 1970 3665 Prologo
2012 3581 2249 3647 laudati
2288 3579 2675 3663 Breviloquii
2689 3628 2707 3659 ,
2740 3579 2854 3644 ubi
2896 3578 3123 3646 Doctor
3161 3583 3375 3645 noster
3404 3579 3482 3645 de

292 3692 631 3760 latitudine
665 3713 863 3761 sacrae
909 3679 1253 3780 Scripturae
1300 3715 1534 3779 agens,
1577 3700 1932 3765 considerat
1965 3706 2180 3764 rotam
2211 3698 2281 3762 in
2313 3696 2524 3763 medio
2555 3703 2744 3776 rotoe,
2784 3718 2816 3757 α
2839 3696 2991 3781 quia
3032 3694 3226 3762 Vetus
3264 3694 3482 3761 Testa·

294 3816 585 3877 mentum
612 3817 710 3879 est
752 3814 822 3878 in
854 3812 1063 3895 Novo,
1098 3819 1164 3880 et
1197 3834 1234 3879 e
1273 3834 1601 3884 converso.
1632 3839 1664 3878 υ
1700 3815 1908 3883 Verba
1943 3815 2054 3880 illa
2097 3814 2542 3898 Apocalypsis,
2572 3832 2711 3898 cap.
2755 3830 2892 3877 xxn
2928 3835 2944 3877 ε
2998 3812 3287 3880 Ostendit
3318 3812 3484 3879 milti

294 3927 609 3995 Dominus
655 3930 932 4013 fluvium
966 3949 1158 4016 aquoe
1207 3933 1371 3997 vivoe
1390 3982 1408 4013 ,
1450 3937 1598 4015 etc„
1642 3934 1712 3998 in
1757 3934 1979 3999 eodem
2027 3932 2361 4016 Principio
2402 3933 2856 4016 interpretatur
2901 3936 3123 3997 auctor
3162 3931 3242 3997 de
3300 3950 3480 3998 sacra

296 4042 658 4130 Scriptura,
721 4049 885 4113 sicut
941 4047 1168 4114 Doctor
1215 4049 1585 4134 seraphicus
1641 4050 1713 4114 in
1775 4067 1893 4115 suo
1961 4048 2428 4115 Commentario
2491 4065 2681 4132 super
2735 4048 3179 4133 Apocalypsim
3209 4097 3234 4131 ,
3288 4048 3478 4115 citato

295 4179 422 4245 cap.
459 4182 606 4228 xxn
628 4212 646 4243 ,
689 4171 751 4230 1.
780 4163 1093 4231 Praeterea
1112 4214 1129 4245 ‚
1177 4166 1348 4250 quod
1387 4166 1557 4232 idem
1596 4167 1917 4251 Principii
1951 4170 2174 4232 auctor
2210 4165 2422 4249 inquit
2458 4164 2537 4230 de
2592 4168 2958 4232 sanctarum
3002 4164 3476 4252 scripturarum

295 4278 740 4361 profunditate,
767 4281 1077 4347 nimirum
1106 4304 1121 4345 :
1155 4306 1186 4344 α
1204 4281 1374 4348 Licet
1390 4284 1697 4368 abyssalis
1721 4283 2116 4368 profunditas
2134 4286 2501 4348 sanctarum
2529 4281 2662 4348 Scri
2669 4287 3006 4367 pturarum
3025 4285 3210 4351 nobis
3234 4285 3478 4352 inscru-

295 4394 490 4462 tabilis
520 4397 634 4475 sit,
658 4397 1082 4481 dispensative
1107 4404 1323 4465 tamen
1350 4419 1390 4465 a
1414 4400 1663 4485 Spiritu
1690 4405 1910 4467 sancto
1946 4403 2162 4467 actum
2186 4404 2302 4478 est,
2321 4404 2394 4465 ut
2421 4400 2492 4464 in
2517 4400 2734 4466 fluviis
2762 4399 3238 4487 scripturarum
3260 4421 3476 4488 agnus

298 4511 517 4590 peditat
535 4562 559 4593 ,
604 4518 673 4578 et
710 4514 967 4599 elephas
1004 4521 1218 4599 natet,
1263 4518 1617 4584 secundum
1659 4515 2080 4601 Gregorium‚
2127 4540 2160 4578 s
2207 4516 2365 4582 illud
2401 4516 2617 4599 ipsum
2654 4522 2778 4598 est,
2817 4519 2990 4603 quod
3027 4518 3475 4587 Bonaventura
3523 4591 3526 4598 ,

299 4632 497 4692 noster
521 4629 832 4697 adfirmat
853 4633 922 4697 in
948 4632 1227 4718 Prologo
1253 4653 1388 4702 suae
1414 4634 1699 4703 Postilloe
1723 4652 1917 4719 super
1942 4634 2213 4701 Ioannis
2238 4633 2671 4717 Evanqelium
2697 4634 2864 4700 infra
2887 4636 3247 4703 laudandae.

367 4742 727 4812 Occurrunt
743 4747 813 4812 in
829 4750 1047 4816 eodem
1063 4752 1416 4838 Principio,
1441 4773 1573 4821 non
1586 4773 1768 4820 secus
1790 4773 1987 4840 quam
2002 4755 2072 4819 in
2090 4753 2231 4819 aliis
2250 4754 2439 4820 certis
2453 4752 2921 4822 Bonaventurae
2935 4755 3281 4840 opusculis,
3297 4756 3474 4822 simi-

300 4857 425 4926 liter
436 4863 820 4942 desinentia,
835 4868 1098 4951 repetita
1114 4870 1523 4953 superlativa,
1541 4871 1845 4957 pleraque
1862 4872 2108 4938 illatina
2124 4869 2456 4949 vocabula,
2474 4873 2592 4936 etc.
2612 4867 2862 4954 Saepius
2879 4870 2958 4937 de
2975 4890 3154 4939 more
3169 4871 3472 4940 laudatur

301 4981 481 5043 sancti
507 4981 938 5063 Augustinus,
972 4984 1459 5073 alleganturque
1485 4989 1678 5054 etiam
1704 4990 1870 5055 inter
1896 4987 2146 5056 Graecos
2173 4988 2390 5054 Patres
2415 4985 2774 5069 Dionysius,
2810 4984 3138 5070 Origenes,
3175 4989 3468 5073 Basilius,

302 5088 753 5176 Damascenus3
786 5097 955 5164 inter
998 5099 1253 5168 Latinos
1290 5103 1741 5191 Hieronymus,
1784 5105 2210 5185 Cassiodorus,
2258 5101 2623 5186 Gregorius,
2671 5100 2968 5186 Isidorus,
3006 5102 3195 5186 Beda,
3242 5105 3472 5190 hisque

302 5209 614 5278 adduntur
646 5211 974 5298 Rabanus,
1002 5217 1190 5304 Hugo
1215 5224 1281 5288 et
1320 5221 1712 5302 Richardus3
1744 5225 1887 5288 tum
1916 5222 2095 5302 inter
2136 5218 2544 5304 philosophos
2584 5218 2972 5304 Aristoteles,
3005 5221 3160 5288 item
3199 5220 3469 5305 Tullius,

302 5338 365 5388 tt
386 5323 682 5410 Boetius,
711 5332 824 5416 qui
849 5350 1072 5401 omnes
1109 5339 1286 5407 fuere
1329 5340 1400 5406 D.
1432 5339 1901 5409 Bonaventurae
1943 5338 2258 5406 notissimi
2289 5360 2308 5402 ι
2351 5354 2561 5421 neque
2602 5335 2902 5404 credibile
2941 5338 3067 5422 ipsi
3105 5357 3240 5406 non
3279 5339 3468 5407 inno-

302 5439 473 5509 tuisse
510 5463 651 5512 una
700 5465 853 5514 cum
893 5451 1164 5534 praeratis
1215 5456 1561 5536 adductum
1604 5458 1882 5526 nobilem
1928 5457 2351 5557 expositorem
2392 5469 2585 5538 super
2628 5451 2982 5524 Leviticum
3025 5453 3437 5546 Rodzaplzum
3450 5499 3468 5534 ,
