4196 6294
140 1293 302 1350 Mytti-

101 1421 182 1461 tus
200 1419 276 1462 tri-

79 1482 292 1537 partitus.

99 3336 270 3392 telligi-

68 3399 162 3444 bili
210 3411 294 3442 no-

1592 479 1957 553 PSALMUS
1999 481 2258 553 cxviii.

328 620 530 681 Rstlier
553 624 686 682 orat
706 622 826 683 hoc
870 621 1056 681 modo
1080 632 1095 662 ¹
1129 640 1143 678 ε
1182 640 1212 678 α
1239 624 1323 681 Da
1360 621 1509 680 mihi
1554 620 1863 693 fiduciam,

330 716 578 776 Domine
604 719 728 776 Rex
757 717 1007 776 deorum
1036 735 1051 774 ε
1082 738 1112 774 ι»
1147 732 1281 775 ecce
1302 715 1510 776 datum
1533 714 1791 775 fiduciae.

839 877 1116 935 Articulus
1143 879 1359 934 tertius.

399 1003 692 1071 Quantum
726 1001 808 1060 ad
856 1002 1115 1073 tertium,
1162 1002 1426 1076 sequitur
1462 1019 1478 1059 z
1509 1002 1863 1073 Intellectum,

327 1094 550 1153 scilicet
574 1095 902 1169 Scripturas,
941 1112 1049 1154 seu
1074 1089 1345 1171 apertum
1385 1099 1688 1170 aspectum
1713 1094 1868 1153 veri·

325 1189 460 1247 tatis
486 1189 771 1248 obscurae.
803 1192 870 1249 Et
885 1189 1217 1250 notandum
1244 1190 1400 1248 circa
1444 1190 1752 1264 Scripturas
1774 1188 1867 1246 in-

326 1281 646 1355 tellectum,
677 1283 844 1358 quod
868 1284 1196 1343 intellectus
1232 1284 1542 1358 Scripturas
1586 1283 1867 1358 mysticus

328 1381 416 1434 est
466 1376 786 1450 tripartitus
837 1395 851 1433 ε
899 1394 1041 1436 nam
1090 1377 1241 1436 alius
1293 1377 1664 1450 allegoriam,
1719 1376 1867 1434 alius

328 1470 714 1544 anagogicus,
761 1470 913 1530 alius
960 1470 1367 1545 tropologicus
1397 1489 1412 1527 z
1441 1486 1699 1545 quorum
1745 1470 1865 1545 pri-

329 1582 464 1624 mus
478 1567 659 1624 servit
682 1566 861 1639 fidei3
891 1568 1208 1639 secundus,
1236 1568 1361 1642 spei
1370 1587 1388 1641 3
1428 1567 1651 1639 tertius,
1678 1566 1866 1626 chari-

331 1660 451 1718 tati.
480 1664 556 1718 De
575 1660 772 1735 primo
797 1663 821 1698 ¹
853 1679 868 1720 ε
905 1683 934 1716 ει
959 1662 1419 1721 sanctificabunt
1457 1665 1725 1720 sanctum
1774 1663 1865 1719 Ja-

330 1753 465 1824 cob,
521 1758 578 1812 et
633 1757 815 1813 Deum
869 1756 1045 1815 lsrael
1089 1755 1518 1831 praedicabunt,
1576 1759 1634 1813 et
1682 1755 1867 1813 scient

328 1853 587 1908 errantes
621 1850 829 1925 spiritu
854 1845 1217 1909 intellectum
1248 1868 1263 1907 z
1294 1870 1324 1906 ιο
1374 1866 1509 1908 ecce
1540 1850 1866 1909 intellectus

328 1941 681 2015 allegoricus
707 1943 969 2002 serviens
983 1944 1145 2004 fidei.
1166 1946 1246 2002 De
1273 1944 1532 2002 secundo
1553 1946 1609 2001 ³:
1635 1946 1865 2014 «Quam

326 2036 592 2109 speciosa
642 2039 932 2096 veteranis
986 2039 1304 2113 sapientia,
1340 2043 1396 2096 et
1433 2038 1726 2113 gloriosus
1777 2038 1865 2095 in·

325 2129 588 2189 tellectus
618 2135 631 2188 Ξ
662 2151 692 2187 »
726 2148 862 2192 ecce
875 2132 1204 2191 intellectus
1222 2132 1582 2206 anagogicus
1603 2131 1864 2191 serviens

324 2223 471 2296 spei.
525 2227 604 2283 De
632 2226 802 2285 tertio
826 2225 891 2284 ¹⁰:
926 2246 956 2282 α
986 2231 1051 2286 ln
1103 2227 1392 2285 thesauris
1431 2226 1734 2301 sapientioe
1781 2225 1865 2283 in·

324 2316 585 2376 tellectus
635 2323 694 2379 et
739 2321 993 2379 scientioe
1025 2320 1405 2394 religiositas3
1429 2322 1478 2376 ἰι
1507 2335 1642 2379 ecce
1693 2316 1864 2377 intel·

323 2398 507 2461 lectus
527 2404 930 2479 tropologicus
965 2406 1229 2466 serviens
1256 2404 1547 2465 charitati.

810 2568 1095 2642 Articulus
1121 2571 1370 2640 quartus.

398 2689 690 2757 Quantum
717 2689 799 2748 ad
826 2694 1126 2764 quartum,
1148 2690 1564 2764 subsequitur:
1604 2689 1672 2748 Ut
1699 2691 1864 2747 sciam

330 2787 636 2843 testimonia
654 2792 770 2844 tua.
805 2785 961 2844 Scire
992 2785 1195 2843 divina
1222 2783 1575 2855 testimonia,
1627 2786 1712 2841 est
1756 2788 1867 2840 tes-
1900 2861 1903 2864 Ι

329 2876 589 2936 tificandi
615 2878 711 2938 vel
735 2878 1071 2939 aedificandi
1094 2880 1359 2951 scientia,
1391 2878 1754 2937 voluntatem
1771 2877 1864 2935 di·

326 2971 530 3031 vinam
571 2973 909 3044 testificans,
965 2976 1021 3032 et
1076 2973 1404 3032 humanam
1450 2971 1770 3030 aedificans
1802 2974 1868 3029 Et

324 3068 487 3136 nota,
520 3067 688 3142 quod
709 3066 1003 3140 ejusmodi
1029 3067 1270 3126 scientia
1328 3082 1452 3125 esse
1500 3065 1868 3139 dignoscitur

242 3159 288 3242 ¹·
323 3159 627 3234 tripartita.
686 3162 844 3220 Sicut
901 3161 1058 3220 enim
1112 3161 1501 3220 aedificatores
1560 3159 1866 3217 sensibiles

208 3274 217 3283 ·
322 3254 512 3311 sciunt
535 3253 790 3314 formam
817 3255 1146 3329 elegantem
1171 3270 1529 3329 proponere,
1556 3253 1867 3311 materiam

323 3346 692 3406 differentem
747 3349 1083 3407 differenter
1132 3348 1447 3422 disponere
1466 3389 1483 3419 ,
1546 3351 1602 3405 et
1644 3346 1864 3404 infimis

68 3462 294 3507 oannis.
319 3440 661 3502 fulcimenta
686 3458 1050 3518 supponere3
1102 3441 1185 3500 sic
1229 3441 1613 3501 aedificatores
1644 3439 1864 3499 intelli-

321 3534 533 3609 gibiles
558 3536 777 3597 dehent
827 3536 1132 3595 scientiam
1183 3536 1403 3594 habere
1446 3535 1704 3595 formam
1730 3535 1866 3594 ido-

322 3644 501 3688 neam
533 3629 932 3705 proponendi,
968 3629 1275 3689 materiam
1320 3628 1614 3688 diversam
1670 3629 1863 3686 diver-

323 3723 554 3783 simode
591 3723 971 3797 disponendi,
1022 3726 1081 3782 et
1124 3722 1419 3781 debilibus
1474 3721 1866 3781 sustentacula

323 3816 700 3891 Supponendi
730 3836 749 3874 ε
779 3832 1032 3892 quarum
1071 3818 1265 3891 prima
1292 3816 1506 3876 dicitur
1557 3816 1621 3874 in
1669 3815 1863 3890 Scrip-

323 3911 456 3968 tura
507 3909 749 3969 scientia
819 3911 1239 3983 conversandi3
1306 3910 1569 3970 secunda
1653 3910 1867 3968 dicitur

324 4003 566 4064 scientia
626 4004 1058 4079 respondendi;
1133 4005 1302 4063 tertia
1352 4001 1595 4079 quoque
1652 4004 1867 4063 dicitur

324 4096 568 4156 scientia
617 4098 999 4158 sustentandi.
1065 4101 1143 4158 De
1199 4099 1395 4174 prima
1455 4098 1729 4157 scribitur
1785 4097 1862 4156 ab

325 4191 605 4266 Apostolo
631 4192 654 4228 ⁸
682 4212 697 4250 ι
734 4211 763 4248 α
789 4193 948 4253 Scias
1002 4210 1124 4268 quo
1177 4193 1362 4252 modo
1416 4195 1686 4268 oporteat
1719 4195 1774 4249 te
1800 4192 1865 4250 in

327 4284 509 4345 domo
573 4286 673 4363 Dei
731 4287 1087 4360 conversari,
1154 4304 1287 4362 quae
1343 4288 1431 4345 est
1482 4285 1739 4346 Ecclesia
1763 4286 1864 4344 Dei

324 4383 445 4442 vivi
482 4402 498 4442 ε
526 4404 556 4440 ι»
590 4400 726 4463 ecce
752 4385 991 4444 scientia
1031 4383 1443 4444 conversandi.
1494 4388 1573 4444 De
1601 4385 1865 4443 secunda

324 4477 572 4538 traditur
627 4479 706 4538 ab
760 4477 931 4554 ipso⁸
964 4498 978 4537 :
1015 4496 1044 4534 ιι
1069 4481 1271 4538 Sermo
1323 4483 1514 4538 vester
1557 4480 1645 4537 in.
1675 4479 1864 4553 gratia

323 4587 555 4648 semper
576 4572 650 4631 sit
674 4573 796 4632 sale
823 4572 1116 4646 conditus,
1168 4577 1234 4632 ut
1279 4573 1495 4645 sciatis,
1525 4589 1646 4648 quo
1673 4572 1860 4632 modo

324 4670 593 4740 oporteat
643 4683 753 4727 vos
804 4667 1124 4743 unicuique
1176 4667 1536 4741 respondere
1593 4684 1609 4723 t
1665 4687 1693 4722 »ι
1727 4681 1861 4724 ecce

322 4760 564 4820 scientia
586 4760 1010 4836 respondendi.
1042 4765 1120 4819 De
1159 4762 1327 4820 tertia
1358 4760 1571 4819 dicitur
1595 4775 1699 4819 ore
1723 4775 1863 4834 pro-

322 4853 557 4927 phetico
583 4857 607 4892 '¹
637 4873 652 4916 τ
690 4874 719 4911 ι(
744 4855 1029 4915 Dominus
1056 4855 1222 4914 dedit
1245 4855 1392 4914 mihi
1430 4856 1702 4929 linguam
1725 4870 1859 4913 eru·

324 4946 530 5019 ditam,
557 4952 625 5008 ut
646 4949 831 5009 sciam
857 4951 1178 5009 sustentare
1209 4965 1366 5022 eum,
1393 4949 1499 5023 qui
1530 4950 1731 5023 lapsus
1777 4954 1863 5007 est

325 5042 548 5103 verbo:
573 5064 602 5100 »
636 5060 769 5103 ecce
794 5043 1039 5103 scientia
1065 5042 1446 5102 sustentandi.

388 5198 407 5232 ¹
431 5197 599 5262 astla„
626 5209 736 5263 xiv,
763 5200 903 5250 12.-
929 5200 952 5234 ²
970 5199 1091 5262 Iso„
1121 5208 1266 5261 xxix,
1289 5199 1367 5249 24.
1394 5222 1457 5236 —
1483 5196 1506 5234 ⁸
1530 5195 1711 5259 Κιτιεῖ,
1736 5209 1858 5262 xxv,

324 5270 374 5321 Ἰ.
397 5294 460 5308 -
480 5271 499 5301 ⁴
524 5270 708 5333 Εαιιι·υ
735 5282 782 5336 1,
811 5273 892 5322 26.
924 5297 980 5309 -
1008 5272 1027 5302 ⁸
1056 5272 1074 5320 l
1111 5270 1255 5333 Tim„
1284 5279 1376 5333 111,
1406 5272 1484 5321 15.
1515 5296 1572 5307 -
1606 5269 1629 5305 ⁸
1654 5269 1860 5335 σαῶσι,

325 5353 397 5406 1v,
425 5343 473 5393 6.
502 5369 558 5379 —
594 5342 611 5372 ⁷
638 5343 757 5409 Im„
785 5355 842 5404 ι,
874 5346 921 5396 4.
947 5369 1013 5383 —
1041 5343 1061 5373 ⁸
1092 5340 1277 5406 Eccle„
1303 5352 1393 5405 111,
1419 5342 1470 5393 ι.
1499 5369 1561 5383 -
1585 5342 1606 5374 ⁹
1633 5341 1783 5408 ibid„
1809 5345 1857 5394 6.

390 5432 453 5497 (a)
484 5432 606 5484 coet.
630 5433 753 5486 east.
782 5435 1003 5500 quando.

3399 489 3520 558 ms

2618 686 2878 754 Epilogus.

2044 813 2136 872 Ait
2162 828 2307 887 ergo
2325 814 2843 889 Psalmographus,
2901 817 3189 890 tanquam
3242 816 3517 891 aequitate

1975 906 2235 979 adultuS,
2264 907 2571 967 aemulator
2594 908 2890 982 perfectus
2915 926 2955 982 ,ε
2982 907 3179 966 Servus
3231 914 3355 967 imas
3397 926 3517 968 sum

1976 1015 2090 1073 eqo,
2139 1000 2344 1074 quoad
2399 1004 2596 1059 actum
2642 1001 2961 1074 serviendi,
3004 1003 3396 1076 pertinentem
3437 1004 3517 1062 ad

1975 1094 2395 1153 mandatorum
2424 1095 2891 1153 observantiam
2903 1114 2921 1168 3
2973 1100 3059 1153 Da
3099 1098 3256 1166 mihi,
3310 1097 3516 1171 quoad

1976 1190 2174 1245 actum
2207 1188 2580 1262 proficiendi,
2635 1188 2976 1248 attinentem
3031 1188 3112 1247 ad
3165 1190 3515 1264 praevarica·

1973 1278 2173 1334 torum
2225 1280 2682 1338 convertentiam
2696 1298 2714 1353 ;
2770 1282 3123 1346 Intellectum,
3175 1280 3378 1354 quoad
3413 1297 3514 1340 ac-

1975 1374 2101 1428 tum
2127 1370 2512 1445 intelligendi,
2543 1376 2901 1448 spectantem
2919 1373 2996 1431 ad
3012 1372 3159 1446 legis
3180 1373 3362 1432 intelli
3370 1390 3513 1447 gen-

1974 1461 2147 1538 tiam3
2203 1466 2268 1522 Ut
2308 1469 2476 1522 sciam
2531 1469 2840 1524 testimonia
2894 1471 3011 1538 tua,
3066 1467 3272 1541 quoad
3317 1471 3514 1526 actum

1973 1556 2376 1617 testimonium
2402 1558 2774 1634 perhibendi,
2807 1559 3218 1634 respicientem
3248 1561 3331 1619 ad
3369 1576 3515 1635 pree-

1973 1650 2294 1730 dicationisj
2317 1653 2640 1712 scientiam.

2502 1877 2841 1923 vsnstcutns
2872 1879 2990 1921 XIV.

2044 2035 2171 2090 1⁰26.
2210 2034 2436 2106 Tempus
2460 2034 2720 2107 faciendi,
2751 2037 2861 2092 etc.
2887 2034 3174 2109 Propheta
3208 2034 3514 2108 praecinuit

1971 2125 2412 2185 aemulationem
2436 2126 2765 2201 profectus3
2806 2126 3111 2186 Psalmista
3136 2127 3382 2186 succinit
3409 2128 3515 2186 de-

1972 2218 2366 2279 hortationem
2390 2220 2671 2293 defectus,
2725 2221 3106 2280 connotando
3164 2221 3515 2296 quadrupli—

1974 2330 2106 2372 cem
2129 2314 2683 2382 considerationem,
2725 2314 2805 2373 ad
2851 2314 3108 2373 defectus
3133 2316 3378 2375 moralis
3406 2315 3512 2374 de-

1973 2408 2385 2468 hortationem.
2441 2407 2950 2468 Considerandum
2998 2409 3158 2467 enim
3220 2408 3369 2484 quid
3422 2425 3516 2469 ex·

1971 2501 2270 2576 penditur,
2303 2502 2436 2577 quis
2461 2502 2803 2575 offenditur,
2835 2503 2984 2579 quid
3010 2502 3513 2577 magnipendimr,

1973 2598 2033 2653 et
2080 2595 2229 2670 quid
2279 2596 2772 2671 parvipenditur:
2812 2597 3099 2671 quoniam
3144 2597 3297 2655 illud
3347 2595 3514 2655 inde-

1973 2694 2170 2748 center
2196 2691 2568 2766 expenditur,
2623 2707 2744 2766 quo
2801 2690 2950 2751 nihil
2999 2690 3348 2765 pretiosius3
3412 2690 3511 2750 ille

1972 2785 2359 2844 irreverenter
2403 2785 2741 2856 offenditur,
2788 2801 2911 2861 quo
2966 2785 3114 2844 nihil
3158 2785 3470 2859 gratiosius
3486 2788 3518 2855 ς·

1972 2877 2124 2936 illud
2177 2879 2552 2953 impudenter
2616 2878 3127 2954 magnipenditur,
3184 2896 3306 2954 quo
3362 2879 3513 2938 nihil

1971 2972 2388 3046 perniciosius3
2414 2973 2565 3032 illud
2591 2974 2997 3048 imprudenter
3037 2972 3507 3048 parvipenditur,

1975 3080 2096 3139 quo
2124 3067 2274 3124 nihil
2294 3066 2665 3126 fructuosius.
2687 3068 2842 3138 Quid
2883 3068 3044 3126 enim
3082 3071 3348 3142 tempore
3373 3082 3508 3142 pre-

1972 3160 2221 3220 tiosius?
2243 3162 2393 3232 Quid
2413 3162 2661 3221 Domino
2691 3162 3046 3236 gratiosius?
3089 3161 3236 3237 quid
3288 3177 3511 3235 praeva-

1972 3255 2277 3329 ricatione,
2307 3272 2413 3314 seu
2452 3256 2597 3330 legis
2650 3256 3031 3332 dissipatione
3081 3254 3508 3330 perniciosius?

1972 3348 2123 3422 quid
2152 3349 2355 3409 divina
2379 3349 2512 3424 lege
2549 3349 2920 3408 fructuosius.

2474 3509 2754 3568 Articulus
2782 3511 3016 3585 primus.

2041 3635 2238 3694 Prima
2265 3634 2654 3695 consideratio
2680 3633 3008 3710 praefertur,
3056 3650 3193 3693 cum
3244 3633 3458 3693 dicitur
3487 3653 3503 3693 ε

1975 3731 2203 3803 Tempus
2219 3730 2480 3798 faciendi.
2508 3731 2651 3787 Ecce
2678 3732 2932 3803 tempus,
2964 3744 3087 3803 quo
3121 3728 3269 3786 nihil
3291 3729 3507 3803 pretio-
3552 3750 3746 3805 rempu-

1969 3823 2092 3881 sius
2121 3839 2138 3880 ε
2167 3825 2528 3898 quapropter
2555 3836 2920 3896 magnopere
2956 3821 3330 3896 pensandum
3356 3837 3506 3897 qua—
3534 3822 3622 3915 ‘¹3²3
3648 3823 3746 3916 ἒξ·

1969 3916 2101 3975 liter
2128 3916 2615 3992 dispensandum,
2654 3931 2730 3974 ne
2756 3916 3017 3976 fortassis
3074 3915 3417 3975 indecenter
3444 3916 3507 3975 in
3547 3935 3744 3989 penden-

1971 4010 2296 4071 det'ectibus
2322 4010 2706 4086 expendatur.
2747 4013 2813 4067 Et
2841 4013 3004 4081 nota,
3055 4010 3224 4085 quod
3275 4014 3508 4085 tempus
3534 3996 3657 4039 ‘¹⁰¹¹'-

1968 4108 2273 4180 reputatur
2297 4105 2623 4180 pretiosum
2646 4103 2949 4178 potissime
2989 4102 3204 4178 triplici
3228 4104 3456 4163 ratione
3488 4124 3503 4162 ε

1970 4214 2042 4258 eo
2062 4199 2231 4274 quod
2259 4198 2333 4256 sit
2358 4203 2590 4272 tempus
2615 4196 2965 4271 plangendi,
3021 4199 3257 4272 tempus
3304 4198 3508 4273 acqui·

1967 4293 2161 4365 rendi,
2193 4296 2249 4351 et
2269 4295 2504 4367 tempus
2532 4291 2904 4349 custodiendi
2942 4307 2958 4348 2
3005 4307 3266 4365 quorum
3309 4292 3505 4367 primo

1968 4385 2118 4445 nihil
2151 4386 2463 4460 pretiosius
2514 4383 2840 4460 poenitenti,
2872 4384 3135 4444 secundo
3175 4384 3325 4443 nihil
3375 4401 3508 4460 pre-

1966 4480 2173 4539 tiosius
2196 4479 2556 4555 proficienti3
2589 4478 2759 4537 tertio
2786 4476 2935 4537 nihil
2959 4479 3271 4552 pretiosius
3299 4494 3509 4553 perve-

1966 4573 2169 4633 nienti.
2216 4577 2294 4631 De
2337 4573 2532 4650 primo
2573 4571 2847 4631 scribitur
2868 4573 2932 4629 ⁸:
2978 4591 3008 4626 α
3041 4574 3294 4647 Tempus
3337 4572 3507 4646 plau·

1968 4667 2170 4741 gandi,
2196 4670 2253 4726 et
2275 4672 2507 4742 tempus
2534 4665 2807 4725 saltandi.
2828 4687 2857 4722 n
2876 4665 3029 4724 Nulli
3057 4665 3332 4737 dubium,
3361 4665 3507 4740 quin

1965 4764 2200 4836 tempus
2226 4760 2552 4836 plangendi
2578 4761 2653 4819 sit
2676 4764 2907 4835 tempus
2930 4759 3358 4834 poenitentium,
3374 4776 3508 4834 pec·

1967 4862 2096 4917 cata
2122 4860 2455 4931 perpetrata
2496 4854 2942 4929 plangentium3
2981 4857 3212 4928 tempus
3252 4853 3507 4913 saltandi

1965 4952 2039 5009 sit
2076 4953 2309 5025 tempus
2339 4949 2770 5021 innocentium,
2810 4949 2874 5006 in
2897 4947 3079 5006 vitam
3104 4950 3380 5007 aeternam
3406 4963 3503 5007 sa·

1964 5043 2253 5103 lientium.
2293 5045 2371 5101 De
2415 5042 2678 5100 secundo
2724 5040 3149 5115 subsequenter
3190 5040 3504 5101 subsaribi-

1964 5141 2060 5197 tur
2084 5140 2143 5194 ἐ
2167 5158 2196 5193 α
2224 5141 2476 5211 Tempus
2504 5133 2872 5211 acquirendi,
2901 5137 2961 5194 et
2983 5137 3218 5210 tempus
3241 5135 3502 5211 perden-

1966 5231 2062 5291 di:
2084 5253 2114 5289 n
2130 5247 2241 5291 nec
2261 5229 2613 5304 ambiguum
2631 5228 2778 5305 quin
2797 5229 2870 5305 (α)
2898 5231 3132 5304 tempus
3157 5229 3504 5304 acquirendi

1964 5327 2040 5385 sit
2072 5329 2306 5401 tempus
2340 5322 2810 5400 proficientium,
2851 5322 3077 5384 alienas
3119 5322 3349 5385 animas
3383 5329 3502 5387 Do·

1964 5420 2130 5480 mino
2176 5417 2609 5495 acquir-entium
2621 5436 2640 5489 3
2686 5420 2919 5493 tempus
2962 5420 3161 5480 autem
3211 5420 3503 5496 perdendi
