4196 6294
658 420 776 481 456

652 553 717 611 in
739 549 1192 627 prosequendis,
1234 549 1299 607 in
1324 549 1770 625 persequendis,
1797 549 1861 608 in
1895 550 2196 625 perferen-

655 645 766 704 dis.
792 647 1011 715 Quarto
1033 644 1220 703 modo
1251 644 1512 718 disponit
1531 644 1595 702 in
1619 644 1950 720 proposito,
1978 644 2199 703 scilicet

653 740 718 798 in
750 737 1144 814 proferendis
1183 738 1350 795 Viam
1397 738 1571 796 istam
1616 736 1879 812 disponit
1923 739 2195 810 charitaS,

656 849 793 892 cum
818 848 927 906 per
953 847 1087 890 eam
1124 829 1439 889 inclinatur
1473 830 1772 903 voluntas,
1801 837 1865 889 ut
1889 831 2030 890 talia
2058 848 2198 890 con-

656 927 854 1003 cipiat,
881 925 1023 984 talia
1060 926 1269 1000 pariat,
1299 925 1500 999 qualia
1532 927 1683 983 Deus
1711 926 1979 1000 accipiat,
2024 929 2082 983 et
2107 942 2198 983 re-

655 1020 1028 1080 muneranda
1049 1019 1320 1077 diffiniat.
1351 1019 1440 1079 Ad
1480 1020 1647 1093 cujus
1673 1020 2002 1095 pleniorem
2025 1020 2199 1078 intel-

654 1118 898 1189 lectum,
926 1114 1236 1188 conjugale
1259 1117 1627 1189 proponatur
1654 1114 2013 1188 exemplum.
2044 1114 2204 1177 Sicut

659 1225 876 1285 sponsa
917 1224 1230 1284 procreare
1269 1208 1468 1265 sitiens
1502 1208 1694 1265 filium
1724 1207 1972 1267 Domino
2003 1208 2200 1266 domi-

659 1303 928 1362 nantium
955 1302 1350 1373 offerendum,
1371 1302 1451 1361 ad
1472 1302 1736 1361 futurum
1765 1301 2052 1375 gaudium
2069 1319 2206 1377 pro-

659 1397 1033 1468 merendum,
1079 1397 1162 1454 sio
1191 1396 1466 1454 voluntas
1494 1396 1730 1468 devota,
1774 1395 1988 1454 rationi
2023 1413 2203 1470 spon-

659 1496 816 1564 sata,
851 1494 1114 1549 eructare
1157 1490 1401 1565 cupiens
1443 1490 1699 1547 verbum
1749 1490 1981 1548 bonum
2022 1505 2206 1563 penes

660 1585 976 1644 Dominum
989 1583 1437 1658 deponendum,
1456 1587 1699 1658 propter
1717 1582 1970 1641 fructum
1988 1584 2206 1656 glorio-

660 1697 791 1738 sum
806 1679 984 1738 bonis
1000 1678 1311 1737 laboribus
1322 1678 1757 1753 reponendum,
1772 1678 1917 1753 petit
1932 1695 1966 1738 a
1985 1694 2206 1753 sponso

664 1775 953 1844 debitum,
982 1774 1100 1831 hoo
1127 1775 1214 1831 est
1238 1789 1277 1830 a
1312 1772 1542 1831 ratione
1579 1772 1891 1830 consilium
1920 1777 2206 1847 opportu-
2251 1777 2260 1784 '

662 1884 828 1926 num.
858 1870 1018 1925 Tunc
1045 1866 1362 1924 commisso
1390 1866 1633 1924 rationis
1659 1866 1905 1925 consilio
1928 1883 2066 1924 cum
2101 1884 2208 1925 vo-

664 1963 900 2021 luntatis
930 1961 1227 2020 desiderio
1242 2005 1263 2035 ,
1306 1962 1478 2037 quasi
1506 1961 1728 2037 duplici
1768 1962 2116 2032 seminario,
2147 1964 2209 2022 in

664 2058 855 2117 libero
884 2058 1149 2130 arbitrio,
1173 2060 1460 2133 tanquam
1500 2058 1819 2116 amborum
1847 2059 2206 2133 exceptorio,

666 2153 879 2211 exinde
920 2153 1174 2210 verbum
1219 2153 1624 2228 componitur,
1674 2152 1843 2226 quod
1887 2153 2210 2212 dicendum

668 2246 1022 2322 disponitur,
1050 2245 1267 2303 deinde
1294 2262 1403 2320 per
1438 2246 1558 2304 oris
1597 2245 1881 2317 officium,
1913 2247 2075 2305 velut
2101 2264 2208 2305 vo·

666 2340 905 2400 luntatis
931 2340 1247 2412 orificium,
1285 2343 1552 2415 tempore
1592 2341 1947 2415 competenti
1987 2358 2211 2416 propo-

668 2435 827 2494 nitur
839 2455 857 2507 3
896 2434 1065 2510 quod
1108 2436 1158 2491 si
1200 2439 1355 2492 recte
1394 2450 1578 2508 penes
1628 2437 1812 2492 Deum
1855 2435 2210 2510 deponitur,

670 2529 1033 2604 sperandum
1058 2528 1340 2604 estquod
1370 2529 1691 2602 deponenti
1715 2528 1881 2587 bona
1906 2530 2211 2588 retributio

669 2625 1011 2698 reponatur.
1059 2626 1167 2680 Per
1211 2623 1366 2680 hanc
1408 2621 1570 2679 viam
1618 2622 1925 2681 ambulare
1975 2624 2215 2683 volebat

670 2716 1199 2789 Psalmographus,
1231 2732 1368 2774 cum
1406 2716 1642 2774 dicebat
1672 2737 1684 2771 :
1732 2719 2060 2775 Voluntaria
2104 2722 2215 2776 oris

672 2815 809 2881 mei,
836 2813 977 2882 etc.;
1007 2827 1077 2869 ac
1102 2810 1151 2867 si
1195 2810 1417 2869 diceret
1457 2826 1605 2869 voce
1649 2811 1810 2870 clara
1839 2829 1854 2869 ε
1890 2814 2217 2871 Voluntaria

674 2909 786 2962 oris
810 2908 954 2976 mei,
982 2904 1299 2979 puerperia
1337 2904 1485 2963 fiant
1525 2905 1634 2963 tibi
1680 2905 1973 2979 placentia
2017 2911 2073 2964 et
2114 2908 2215 2980 ju-

677 2999 895 3064 cunda,
922 3002 1024 3057 tua
1045 2997 1273 3071 judicia
1312 3015 1422 3073 pro
1448 2999 1671 3057 eisdem
1697 3001 2035 3072 pronuntia.
2066 3003 2220 3070 Quo-

678 3094 834 3152 circa
859 3092 921 3151 in
956 3092 1050 3150 his
1075 3092 1273 3151 verbis
1295 3095 1552 3167 quatuor
1587 3092 1917 3168 specialiter
1944 3099 2080 3152 sunt
2105 3110 2218 3153 no-

679 3188 881 3259 tanda,
911 3203 1045 3262 quae
1086 3187 1436 3260 generaliter
1468 3187 1532 3244 in
1560 3187 1755 3246 verbis
1782 3188 2062 3247 omnibus
2087 3193 2223 3247 sunt

679 3282 1014 3357 pensanda3
1042 3281 1337 3353 videlicet,
1368 3281 1516 3355 quid
1551 3281 1851 3340 voluntate
1896 3298 2220 3358 compona-

683 3381 800 3449 tur,
831 3392 934 3435 ore
969 3379 1360 3451 proponatur,
1389 3391 1570 3450 penes
1613 3376 1928 3434 Dominum
1957 3377 2222 3452 depona-

684 3477 813 3543 tur,
840 3469 1153 3543 injudicio
1189 3474 1511 3543 reponatur
1558 3488 1572 3527 :
1613 3475 1902 3544 quatenus
1929 3472 2226 3545 composi-

687 3568 813 3623 tum
839 3563 914 3622 sit
937 3562 1290 3635 studiosum,
1316 3562 1688 3637 propositum
1710 3563 2094 3638 fructuosum,
2127 3565 2228 3623 de-

687 3661 948 3735 positum
974 3656 1320 3739 gratiosum,
1346 3657 1671 3731 repositum
1709 3657 2054 3730 gloriosum.

1176 3819 1462 3876 Articulus
1502 3821 1734 3892 primus.

762 3946 852 4005 Ad
872 3945 1132 4021 primum
1156 3944 1315 4016 facit,
1342 3945 1508 4019 quod
1527 3944 1703 4002 dicit:
1737 3947 2076 4003 Voluntaria.
2105 3950 2234 4005 llaec

627 4114 633 4119 .
693 4045 828 4099 sunt
852 4041 1039 4099 verba
1054 4040 1210 4098 intus
1226 4040 1503 4113 lucentia,
1535 4056 1658 4097 non
1683 4038 1827 4097 foris
1848 4041 2139 4113 sonantia,
2165 4057 2235 4099 ex

696 4134 943 4194 consilio
969 4134 1212 4193 rationis
1240 4137 1295 4191 et
1325 4133 1621 4191 desiderio
1650 4132 1968 4191 voluntatis
1987 4149 2237 4208 compo-

696 4229 821 4287 sita.
857 4228 1018 4286 Unde
1047 4228 1267 4286 debent
1292 4244 1418 4285 esse
1438 4226 1815 4286 rationabilia
1850 4232 1907 4284 et
1933 4226 2235 4284 desidera-

695 4321 845 4382 bilia
872 4342 887 4380 :
933 4326 1246 4397 propterea
1273 4321 1551 4396 competit
1595 4321 1678 4378 eis
1719 4321 2069 4396 compositio
2116 4325 2239 4385 stu-

518 4440 671 4485 stmn.
698 4417 886 4476 diosa.
916 4415 1032 4476 Sed
1056 4419 1223 4488 nota,
1256 4415 1425 4490 quod
1451 4415 1601 4472 sicut
1625 4413 1897 4487 colligere
1922 4430 2240 4487 possumus

460 4565 544 4610 ria.

466 4503 671 4549 *⁰¹⁰⁰*
699 4527 773 4570 ex
800 4510 1128 4585 Scriptura,
1169 4513 1307 4567 sunt
1330 4508 1667 4568 voluntaria
1692 4507 1889 4566 studia
1919 4508 2237 4581 tripartita3

700 4604 917 4664 scilicet
942 4603 1299 4675 theologica,
1327 4602 1538 4674 ethica,
1566 4600 1865 4673 malefica3
1897 4602 2112 4674 triplici
2140 4618 2241 4660 vo-

698 4700 920 4759 luntate
966 4696 1327 4771 composita,
1371 4696 1647 4754 videlicet
1685 4695 1915 4767 divina,
1945 4696 2239 4779 humana,

701 4793 1019 4853 diabolica.
1070 4794 1149 4849 De
1193 4791 1388 4865 primo
1443 4790 1778 4847 voluntario
1827 4790 2244 4848 convenienter

699 4886 1067 4961 intelligitur,
1095 4885 1264 4960 quod
1292 4884 1506 4957 legitur
1527 4883 1545 4916 ²
1577 4902 1592 4940 z
1623 4903 1652 4937 α
1679 4882 1945 4942 pluviam
1971 4885 2245 4942 volunta-

698 4982 851 5040 riam
889 4978 1249 5055 segregabiS,
1285 4980 1456 5049 Deus,
1483 4976 1807 5035 haereditati
1833 4981 1967 5048 tuae,
1984 4998 2013 5032 ι)
2043 4977 2109 5034 id
2136 4981 2240 5049 est,

702 5074 1032 5134 doctrinam
1078 5071 1478 5145 theologicam
1520 5070 1788 5130 Ecclesiae
1833 5075 1966 5128 ture.
2020 5074 2098 5129 De
2150 5087 2242 5128 se-

626 5226 631 5233 ,
702 5168 899 5228 cundo
938 5169 1337 5242 competenter
1373 5166 1717 5240 exponitur,
1755 5164 1922 5240 quod
1960 5164 2245 5240 proponi-

766 5297 782 5331 ¹
814 5293 946 5344 Psal.
978 5305 1140 5356 van,
1174 5296 1249 5344 lo.
1280 5316 1337 5328 —
1369 5293 1392 5327 ²
1416 5290 1599 5351 Exod„
1632 5302 1789 5354 xxxv,
1822 5294 1895 5341 19.
1920 5316 1983 5327 -
2009 5291 2031 5326 ⁸
2058 5291 2239 5353 Eccli„

700 5381 795 5427 xx,
831 5368 877 5416 4.
918 5392 979 5403 —
1014 5366 1032 5396 ⁴
1068 5369 1217 5429 Aug„
1247 5364 1307 5414 de
1332 5366 1517 5426 βοοῖν.
1555 5362 1767 5427 Christ„
1795 5363 1884 5413 lib.
1918 5365 1989 5427 ll,
2017 5378 2064 5413 c.
2095 5373 2243 5412 xxv1.

1706 412 2123 479 EXPOSITIO
2165 413 2246 479 IN
2288 412 2816 482 PSALTERIUM.

2307 554 2402 610 tur
2438 549 2461 584 ¹
2509 571 2524 608 ε
2572 570 2602 606 ι
2642 551 2846 610 Cuncti
2884 549 2992 608 filii
3032 551 3207 610 lsrael
3245 551 3579 610 voluntaria
3604 551 3855 609 Domino

2310 647 2753 704 dedicaverunt.
2787 667 2816 701 »
2845 646 3013 704 Tales
3034 645 3273 704 fuerunt
3303 645 3560 703 morales
3590 645 3856 720 philoso-

2307 740 2434 815 phi,
2464 740 2567 814 qui
2590 739 2669 798 ad
2695 739 3190 814 compositionem
3218 738 3437 797 domus
3479 739 3601 810 Dei,
3638 739 3855 800 scilicet

2310 834 2543 903 animae,
2570 834 2927 892 documenta
2951 833 3204 892 moralia
3231 833 3590 892 obtulerunt.
3620 837 3698 891 De
3738 838 3848 891 ter-

2310 930 2393 987 tio
2432 927 2655 986 dictum
2682 929 3011 1000 conjicitur,
3053 927 3221 1002 quod
3260 927 3474 985 dicitur
3499 929 3522 965 ⁸
3553 945 3568 983 ε
3605 946 3633 981 α
3663 929 3848 1004 Quam

2313 1021 2540 1080 bonum
2603 1026 2690 1080 est
2744 1026 3079 1095 correptum
3133 1021 3505 1079 manifestare
3555 1020 3848 1094 poeniten—

2313 1116 2486 1174 tiam!
2508 1135 2534 1169 n
2552 1115 2645 1175 Sic
2659 1115 2819 1173 enim
2841 1114 3087 1188 effugies
3104 1119 3411 1190 peccatum
3431 1114 3848 1186 voluntarium,

2315 1211 2458 1284 quia
2482 1209 2631 1268 nulli
2659 1209 2942 1277 dubium,
2974 1209 3118 1283 quin
3153 1207 3563 1266 maleficorum
3591 1207 3847 1266 studium

2314 1305 2387 1362 sit
2431 1308 2737 1378 peccatum
2775 1303 3208 1372 voluntarium,
3246 1306 3304 1360 et
3344 1301 3727 1360 diabolicum.
3770 1304 3844 1359 De

2315 1398 2532 1457 talibus
2557 1397 2982 1472 superstitionis
3007 1397 3215 1455 studiis
3249 1396 3464 1455 dicitur
3508 1396 3584 1454 ab
3630 1400 3849 1468 Augus-

2316 1493 2440 1552 tino
2467 1494 2490 1528 *
2519 1511 2534 1550 ε
2566 1512 2596 1546 «
2622 1494 2835 1551 Omnes
2863 1496 3012 1549 artes
3046 1490 3480 1563 hujuscemodi,
3508 1489 3604 1547 vel
3640 1490 3844 1561 noxias,

2317 1588 2412 1646 vel
2439 1587 2757 1661 nugatoriae
2782 1584 3207 1661 superstitionis
3249 1603 3324 1644 ex
3353 1585 3617 1660 quadam
3641 1584 3848 1657 ,homi-

2316 1699 2463 1741 num
2509 1681 2786 1756 pestifera
2828 1680 3100 1738 societate
3151 1684 3209 1738 et
3258 1680 3604 1738 daemonum
3617 1721 3638 1751 ,
3685 1679 3849 1753 quasi

2317 1780 2491 1851 pacta
2528 1775 2786 1833 infidelis
2832 1779 2890 1832 et
2933 1774 3157 1832 dolosas
3196 1773 3466 1832 amicitiae
3513 1773 3850 1844 constituta,

2319 1887 2452 1927 sum
2502 1870 2736 1944 penitus
2782 1868 3154 1944 repudianda
3172 1911 3191 1941 ,
3239 1872 3296 1925 et
3343 1866 3628 1940 fugienda
3670 1866 3851 1924 Chris-

2320 1965 2499 2023 tiano.
2531 1985 2558 2018 u

2780 2036 3062 2092 Articulus
3107 2034 3385 2091 secundus,

2392 2153 2481 2212 Ad
2517 2152 2843 2211 secundum
2880 2151 3125 2226 aspicit,
3167 2150 3373 2225 quoad
3417 2150 3619 2222 adjicit
3668 2169 3682 2206 ε
3736 2151 3854 2208 Oris

2320 2252 2458 2316 mei,
2479 2247 2621 2320 quia
2645 2246 2794 2304 sicut
2819 2246 3137 2304 voluntatis
3159 2249 3245 2302 est
3271 2243 3602 2318 concipere,
3634 2243 3716 2302 sio
3741 2242 3856 2300 oris

2320 2341 2556 2400 interest
2580 2341 2887 2415 parturire.
2919 2344 2985 2399 Et
3027 2339 3175 2397 sicut
3207 2339 3307 2396 ille
3335 2343 3655 2413 conceptus
3687 2338 3857 2396 debet

2322 2452 2447 2493 esse
2474 2425 2800 2504 studiosus,
2829 2434 2913 2492 sic
2953 2435 3060 2492 iste
3099 2437 3302 2507 partus
3340 2433 3706 2505 fructuosus,
3735 2447 3855 2489 non

2321 2529 2707 2604 perniciosus,
2730 2544 2854 2587 non
2877 2528 3112 2586 otiosuS.
3134 2527 3234 2585 Hic
3254 2530 3421 2601 potes
3443 2528 3671 2597 notare,
3693 2524 3854 2600 quod

2324 2641 2390 2683 os
2414 2623 2630 2697 legitur
2656 2623 2969 2697 aliquoties
2993 2621 3305 2696 parturire,
3334 2621 3587 2694 operire,
3616 2625 3672 2678 et
3698 2619 3856 2678 ebul·

2323 2720 2431 2777 lire
2463 2740 2477 2774 :
2509 2717 2800 2787 Quoniam
2819 2716 2939 2774 oris
2962 2720 3184 2790 paruis,
3213 2715 3336 2773 sive
3361 2730 3557 2772 sermo
3594 2713 3855 2789 proposi-

2324 2818 2438 2883 tus,
2468 2812 2765 2870 interdum
2807 2815 2894 2868 est
2929 2810 3262 2868 fructuosus
3276 2851 3295 2880 ,
3323 2807 3621 2866 interdum
3660 2808 3856 2882 perni-

2327 2907 2541 2978 ciosuS,
2569 2904 2867 2963 interdum
2896 2904 3135 2962 otiosus,
3166 2906 3245 2960 De
3271 2902 3466 2977 primo
3485 2904 3546 2957 ⁸:
3580 2922 3608 2954 α
3635 2903 3710 2960 Os
3721 2900 3857 2973 justi

2324 3000 2609 3076 parturiet
2633 2997 2981 3072 sapientiam
3008 3016 3022 3055 ε
3049 3016 3077 3052 ιο
3110 3012 3244 3055 ecce
3272 3012 3340 3054 os
3367 2995 3695 3069 parturiens
3713 2995 3862 3052 frue-

2328 3098 2516 3154 tuose.
2546 3096 2625 3151 De
2653 3091 2916 3150 secundo
2958 3088 3231 3149 scribitur
3264 3091 3286 3125 ⁶
3325 3108 3338 3146 :
3376 3111 3406 3143 α
3442 3091 3518 3149 Os
3544 3090 3863 3164 impiorum

2331 3189 2523 3264 operit
2564 3186 2931 3261 iniquitatem
2975 3204 2990 3243 ε
3024 3205 3058 3239 π’
3085 3201 3220 3243 ecce
3264 3201 3332 3243 os
3371 3184 3598 3242 malum
3635 3188 3866 3257 partum

2333 3282 2604 3358 operiens
2628 3281 2975 3356 perniciose.
3008 3282 3086 3337 De
3114 3278 3284 3337 tertio
3311 3280 3333 3315 ⁷
3363 3297 3377 3335 ε
3415 3299 3443 3332 α
3472 3279 3548 3336 Os
3573 3277 3868 3336 fatuorum

2333 3376 2543 3435 ebullit
2575 3375 2878 3433 stultitiam
2912 3393 2925 3429 ε
2959 3392 2987 3427 »
3026 3388 3161 3431 ecee
3190 3389 3259 3432 os
3282 3389 3390 3447 per
3417 3373 3869 3431 immoderatum

2333 3475 2570 3546 partum
2597 3468 2888 3528 ebulliens
2915 3466 3117 3525 otiose.

2844 3629 3125 3685 Articulus
3158 3629 3371 3684 tertius.

2409 3754 2500 3813 Ad
2524 3753 2759 3812 tertium
2782 3754 3049 3825 refertur,
3080 3753 3247 3827 quod
3273 3753 3538 3826 sequitur
3574 3774 3587 3808 :
3620 3755 3874 3827 Benepla-

2340 3853 2451 3906 oita
2489 3851 2618 3919 sac,
2648 3850 2904 3914 Domine,
2943 3851 3231 3921 tanquam
3271 3847 3542 3922 deposita
3578 3863 3760 3921 penes
3799 3850 3870 3904 te.

2342 3941 2644 4016 Quidquid
2687 3941 2847 3999 enim
2887 3940 3218 3999 voluntarie
3258 3943 3665 4017 componitur,
3707 3940 3875 4016 quid-

2343 4036 2491 4110 quid
2519 4052 2622 4093 ore
2649 4035 3024 4109 proponitur,
3047 4035 3213 4109 apud
3228 4034 3400 4092 illum
3424 4034 3762 4108 deponitur,
3785 4034 3877 4091 eui

2344 4137 2466 4188 tam
2492 4128 2783 4187 interioris
2793 4170 2813 4199 ,
2842 4144 3024 4202 quam
3060 4128 3364 4186 exterioris
3404 4127 3664 4185 hominis
3704 4144 3772 4185 os
3796 4127 3880 4184 lo·

2346 4221 2546 4296 quitur
2575 4238 2588 4277 :
2621 4219 2782 4277 unde
2812 4234 3187 4292 summopere
3228 4217 3589 4290 curandum,
3620 4217 3787 4292 quod
3812 4216 3881 4273 sit

2347 4316 2402 4372 ei
2422 4314 2739 4387 gratuitum
2772 4318 2827 4371 et
2854 4316 3181 4386 acceptum.
3212 4312 3323 4381 Qui
3349 4311 3431 4369 sic
3459 4312 3755 4385 deponere
3780 4327 3876 4368 cu-

2348 4413 2470 4479 rat,
2500 4408 2613 4466 sibi
2642 4406 2928 4480 gaudium
2961 4407 3022 4463 in
3060 4406 3158 4463 die
3181 4406 3387 4478 judicii
3424 4406 3791 4463 thesaurizat.
3817 4406 3880 4461 Et

2350 4504 2491 4560 nota
2529 4501 2640 4560 tria
2678 4499 3051 4575 beneplacita
3083 4515 3266 4573 penes
3309 4503 3487 4557 Deum
3515 4500 3670 4558 bene
3699 4498 3878 4572 depo·

2349 4598 2480 4667 sita,
2506 4599 2664 4653 recta
2692 4599 2888 4653 tamen
2930 4593 3250 4652 intentione
3292 4593 3598 4666 supposita
3629 4612 3643 4650 :
3684 4594 3880 4666 utpote

2351 4690 2428 4748 ab
2463 4689 2770 4764 iniquitate
2804 4688 3079 4747 recedere
3096 4706 3115 4757 3
3157 4687 3338 4757 nulli,
3377 4686 3535 4743 dicto
3571 4686 3669 4745 vel
3711 4686 3881 4753 facto,

2350 4800 2602 4855 nocere3
2631 4782 2973 4857 parentibus
3010 4781 3255 4840 obedire
3286 4799 3301 4838 :
3332 4796 3593 4855 quorum
3627 4781 3884 4854 primum

2353 4878 2589 4936 ordinat
2625 4876 2931 4935 hominem
2955 4876 3036 4934 ad
3075 4876 3368 4949 seipsum;
3414 4874 3773 4946 secundum,
3810 4872 3884 4930 ad

2350 4971 2722 5046 proximum3
2749 4970 3006 5039 tertium,
3036 4968 3115 5026 ad
3142 4968 3467 5043 praelatum.
3500 4970 3577 5026 De
3603 4968 3796 5042 primo
3814 4967 3835 5003 ⁸
3865 4983 3879 5021 ε

2358 5088 2385 5118 «
2413 5062 2850 5138 Beneplacitum
2877 5067 2964 5121 est
2989 5062 3238 5120 Domino
3273 5061 3546 5119 recedere
3574 5061 3651 5119 ab
3679 5058 3888 5133 iniqui-

2352 5163 2467 5218 tate
2498 5177 2513 5215 :
2557 5178 2586 5214 »
2628 5172 2763 5214 ecce
2804 5157 3073 5215 divinum
3122 5156 3559 5229 beneplacitum
3606 5154 3886 5214 ordinans

2352 5313 2409 5328 —-
2440 5286 2460 5321 ⁸
2489 5286 2656 5347 Pron„
2684 5298 2746 5346 x,
2779 5284 2865 5337 31..
2894 5309 2956 5321 -
2991 5284 3011 5319 ⁸
3041 5282 3186 5345 ibid„
3218 5285 3264 5332 6.
3295 5309 3358 5319 -
3394 5283 3411 5312 ⁷
3438 5283 3604 5342 Pron„
3632 5293 3717 5343 κν,
3746 5283 3793 5332 2.
3829 5305 3882 5317 -·

2352 5359 2373 5393 ⁸
2399 5357 2576 5421 Eccli„
2604 5368 2760 5420 xxxv,
2789 5358 2836 5406 5.
