4196 6294
1481 463 1567 531 IN
1606 460 2174 529 HEXAEMERON.
2214 463 2476 531 SERMO
2517 466 2733 534 xxm.
3589 485 3704 545 147

512 606 826 690 paritione
852 612 873 648 ¹
904 608 1073 688 (quae
1101 603 1197 668 est
1227 601 1460 683 regula
1485 600 1779 665 omnium
1803 598 2057 681 appari-

512 713 781 795 tionum)
815 712 1065 777 Domini
1092 710 1163 774 in
1189 712 1427 790 monte,
1453 706 1886 791 apparuerunt
1910 722 2060 769 cum

513 820 760 888 Christo
791 820 1042 904 Moyses
1083 821 1146 883 et
1188 816 1388 895 Elias,
1436 819 1510 880 ut
1559 812 1721 877 nihil
1768 811 2061 876 credatur

513 947 745 996 verum
787 928 892 993 vel
935 926 1289 993 revelatum
1309 973 1327 1002 ,
1372 922 1500 986 nisi
1544 922 1718 1004 quod
1760 921 2062 985 consonet

515 1034 694 1118 Legi,
743 1034 1098 1118 Prophetis,
1135 1036 1201 1096 et
1246 1030 1617 1113 Evangelio.
1663 1029 1858 1093 Debet
1899 1044 2061 1109 ergo

516 1144 1047 1229 contemplativus
1077 1159 1215 1206 esse
1240 1136 1529 1217 humilis,
1558 1141 1621 1202 et
1646 1138 2062 1219 circumspec-

516 1257 644 1334 tus,
675 1257 898 1318 utnon
920 1252 1000 1317 ad
1016 1254 1209 1336 caput
1225 1249 1512 1315 draconis
1532 1247 1748 1313 veniat
1768 1264 1882 1329 per
1896 1263 2063 1329 prae-

518 1360 974 1443 sumptionem,
1003 1359 1108 1425 vel
1135 1359 1204 1423 in
1243 1357 1509 1422 caudam
1554 1353 1921 1419 involvatur
1947 1371 2063 1435 per

517 1485 825 1532 errorem.
875 1466 954 1531 Et
994 1466 1137 1530 ideo
1186 1464 1420 1530 mulier
1464 1465 1518 1543 ²,
1573 1461 1809 1527 scilicet
1850 1460 2065 1525 anima

516 1574 977 1640 hierarchizata
990 1623 1009 1655 ‚
1052 1575 1226 1640 videt
1265 1574 1426 1639 duas
1469 1552 1721 1639 divinas
1762 1570 2059 1648 visioneS‚

516 1682 749 1748 scilicet
774 1701 988 1748 arcam
1016 1686 1080 1748 et
1106 1682 1451 1759 civitatem.

997 1924 1285 1997 SERMO
1330 1924 1574 1993 XXIII.

521 2099 674 2168 Quod
709 2102 897 2156 anima
931 2099 1355 2172 contemplativa
1394 2097 1543 2154 debet
1578 2092 1915 2152 considerare
1953 2092 2064 2149 Ec-

591 2191 809 2247 clesiam
857 2190 1217 2255 militantem,
1282 2188 1710 2257 descendentem,
1764 2189 1816 2242 et
1878 2198 2066 2240 ascen-

597 2280 824 2335 dentem.
1428 2286 1433 2291 ⁴

602 2444 625 2479 ⁸
664 2443 1050 2510 Fecit·Deus
1094 2442 1221 2509 duo
1250 2458 1486 2525 maana
1511 2440 1912 2519 luminaria,
1943 2442 2065 2503 etc.

524 2551 774 2617 Dictum
816 2555 910 2616 est
964 2551 1282 2633 quomodo
1328 2549 1543 2614 anima
1572 2547 2070 2612 hierarchizatur

525 2658 594 2723 in
628 2659 1126 2723 consideratione
1184 2658 1347 2722 lucis
1393 2655 1614 2721 solaris
1637 2705 1652 2736 ,
1714 2654 2067 2719 secundum

523 2766 696 2849 quod
734 2766 831 2829 sol
856 2770 954 2831 est
979 2766 1211 2847 vigens
1226 2814 1242 2846 ,
1276 2764 1635 2847 splendens,
1670 2762 1881 2827 calens
1894 2811 1913 2843 ‚
1946 2760 2066 2826 Pa-

523 2878 641 2952 ter,
670 2872 868 2938 Filius
889 2923 911 2954 ,
952 2879 1015 2939 et
1062 2872 1337 2956 Spiritus
1366 2875 1655 2951 sanctus3
1688 2874 1753 2935 et
1789 2870 1930 2934 haec
1975 2872 2071 2933 est

524 2981 707 3064 origo
733 2983 1024 3046 omnium
1049 2981 1597 3046 illuminationum
1615 3028 1638 3060 ,
1669 2977 1774 3045 vel
1800 2977 2066 3042 irradia-

522 3090 773 3155 tionum
795 3137 814 3170 ,
841 3090 913 3153 in
954 3089 1204 3155 ratione
1234 3088 1587 3155 existentiae
1612 3136 1633 3168 ,
1670 3086 2025 3152 influentiae
2042 3134 2063 3166 ,

523 3197 982 3279 praesidentiae3
1027 3200 1090 3262 et
1129 3198 1302 3281 quod
1356 3197 1461 3261 illa
1511 3196 1897 3270 assimilatur
1937 3193 2068 3260 Soli

522 3306 875 3372 secundum
914 3306 1419 3372 conformitatem
1438 3353 1457 3385 ,
1504 3309 1569 3370 et
1604 3307 1863 3388 propter
1899 3303 2064 3367 inte-

523 3414 825 3497 gritatem
850 3413 1263 3480 hierarchicae
1292 3403 1740 3495 dispositioniS‚
1772 3416 1837 3477 et
1874 3429 2068 3494 prop-

521 3526 618 3587 ter
643 3523 996 3588 triformem
1025 3525 1375 3604 aspectum.
1413 3519 1494 3585 Et
1534 3523 1685 3584 sunt
1711 3537 1821 3584 sex
1857 3519 2067 3583 consi-

523 3631 878 3696 derationes
919 3628 1335 3695 hierarchicae
1374 3676 1393 3708 ,
1448 3628 1517 3690 in
1564 3626 2065 3692 consideratione

521 3740 850 3805 militantis
874 3739 1195 3818 Ecclesiae,
1225 3737 1294 3801 in
1317 3756 1447 3820 qua
1474 3740 1569 3801 est
1599 3735 1919 3800 distinctio
1963 3753 2067 3800 se-

519 3846 803 3912 cundum
839 3846 1154 3911 rationem
1171 3862 1613 3927 processuum,
1649 3859 2058 3922 ascensuum,

520 3958 584 4019 et
610 3955 1088 4020 exercitiorum.
1132 3952 1213 4017 Et
1246 3952 1337 4017 sic
1371 3951 1810 4017 consideratur
1842 3948 2064 4015 Eccle-

518 4063 642 4143 sia,
674 4068 742 4129 et
776 4081 909 4129 non
948 4062 1152 4141 aliter,
1194 4061 1266 4125 in
1291 4078 1422 4144 qua
1466 4063 1563 4124 est
1596 4076 1804 4123 unum
1831 4061 2022 4140 caput
2039 4105 2058 4137 ,

516 4190 724 4237 unum
769 4189 1037 4256 corpus,
1068 4187 1240 4236 unus
1273 4169 1474 4233 cibus.
1516 4166 1604 4232 De
1650 4185 1779 4250 qua
1824 4165 2061 4231 Paulus

514 4277 838 4362 loquitur,
889 4279 1003 4362 qui
1048 4277 1333 4342 multum
1386 4274 1769 4340 exercitatus
1811 4276 1948 4338 erat
1993 4273 2062 4336 in

513 4405 591 4453 ea
626 4385 1145 4453 consideratione.
1195 4383 1445 4450 Scilicet
1494 4382 1865 4447 Psalterium
1898 4380 2061 4446 mul-

515 4498 656 4561 tum
677 4495 972 4578 loquitur
1015 4494 1093 4559 de
1137 4493 1303 4572 hac;
1353 4497 1417 4558 et
1456 4489 1798 4573 aliquando
1825 4489 1892 4553 in
1924 4507 2061 4571 per-

514 4621 671 4668 sona
698 4603 899 4685 hujus
914 4652 934 4683 ,
966 4602 1157 4667 modo
1177 4602 1245 4667 in
1267 4619 1538 4684 persona
1563 4598 1850 4663 alterius.
1880 4595 2060 4663 Unde

482 4709 826 4777 ·Psalmita
861 4714 885 4749 ⁵
928 4731 944 4773 ι
983 4731 1015 4770 α
1040 4709 1350 4774 Dominus
1389 4706 1726 4790 regnavit,
1767 4707 2058 4772 decorem

512 4816 774 4882 indutus
819 4819 935 4881 est.
982 4837 1014 4876 n
1059 4815 1293 4898 Tangit
1352 4820 1546 4899 caput
1594 4813 1888 4880 Ecclesiae
1954 4833 2056 4880 se-

513 4925 799 4990 cundum
838 4927 1114 5007 quatuor
1147 4923 1400 4988 ordines
1446 4925 1610 5006 ejus.
1660 4921 1885 4987 Postea
1925 4921 2058 4988 dic-

512 5035 653 5096 tum
684 5036 812 5113 est,
845 5031 1165 5116 quomodo
1192 5031 1408 5096 anima
1440 5029 1943 5095 hierarchizatur
1985 5030 2055 5096 in

512 5140 1042 5225 contemplatione
1069 5140 1201 5220 sui,
1230 5140 1580 5205 secundum
1606 5156 1944 5204 ascensum
1981 5142 2045 5202 et

511 5249 932 5315 descensum:
966 5257 1030 5315 et
1066 5247 1322 5332 quando
1372 5247 1592 5312 anima
1633 5246 1827 5311 habet
1869 5245 2011 5312 haec
2030 5295 2050 5327 ‚

512 5363 661 5422 sunt
686 5363 750 5424 et
774 5360 943 5424 fiunt
968 5358 1040 5423 in
1068 5375 1146 5422 ea
1164 5355 1493 5455 mirabiles
1518 5353 1803 5421 theoriae.
1836 5351 2040 5420 Habet

575 5485 594 5520 ¹
623 5484 827 5547 nauh„
861 5495 1000 5550 xvu,
1043 5484 1091 5535 3.
1122 5507 1189 5525 -·
1220 5482 1241 5514 ²
1272 5482 1449 5547 apoc„
1481 5491 1569 5546 ιι,
1618 5482 1704 5544 195
1742 5491 1868 5544 xxx,
1906 5484 1951 5533 ι.
1988 5507 2052 5519 -

2167 601 2343 664 enim
2370 600 2703 668 duodecim
2720 605 3135 673 novenarius:
3154 609 3286 673 tres
3309 613 3706 696 exemplares
3795 635 3941 681 nm-

2166 706 2234 771 in
2274 709 2403 774 sole
2424 758 2443 790 ,
2487 714 2614 777 tres
2652 713 3044 797 exemplatos
3087 715 3153 780 in
3182 719 3415 784 coelesti
3457 720 3705 789 hierar-
3758 698 3923 806 affl.

2167 814 2310 879 chia
2325 864 2347 896 ,
2376 821 2440 881 et
2460 821 2588 883 tres
2613 820 2856 884 suntin
2878 817 3235 890 sub'coelesti
3254 874 3273 906 ,
3299 832 3364 892 et
3389 832 3519 893 tres
3545 831 3612 896 in
3637 851 3704 898 se
3734 825 3949 941 qu‘ssnm-

2168 923 2328 1005 ipsa.
2378 925 2534 1003 Quae
2580 931 2731 992 sunt
2779 928 3114 996 duodecim
3168 933 3661 1004 illuminationes
3681 988 3700 1021 ,
3733 948 3808 994 bet
3852 952 3947 993 mi·

2169 1031 2402 1112 quibus
2440 1032 2760 1099 adduntur
2786 1036 3121 1104 duodecim
3149 1043 3703 1130 considerationeS,
3733 1032 3950 1140 ffmssffi'

2168 1139 2351 1220 quasi
2380 1139 2713 1206 duodecim
2742 1144 2939 1211 stellae
2961 1195 2978 1227 ‚
3012 1147 3245 1214 scilicet
3281 1154 3708 1236 corporalium
3753 1147 3856 1191 ‘¹¹⁷⁸-

2169 1251 2547 1312 naturarum
2570 1299 2588 1327 ‚
2646 1253 2763 1314 etc.
2799 1271 2818 1316 ε
2853 1253 2941 1318 ita
2988 1256 3161 1337 quod
3203 1277 3455 1343 semper
3492 1263 3712 1328 anima

2169 1356 2249 1419 sit
2280 1357 2350 1419 in
2396 1357 2642 1423 lumine
2669 1407 2687 1437 ,
2726 1360 2879 1444 quia
2908 1363 2963 1426 si
3015 1383 3145 1428 non
3185 1372 3392 1449 potest
3437 1375 3603 1436 stare
3642 1373 3707 1436 in

2169 1483 2335 1545 uno,
2376 1470 2497 1530 stet
2532 1467 2602 1531 in
2643 1467 2802 1548 alio,
2850 1474 2915 1535 et
2955 1471 3028 1536 in
3064 1473 3291 1539 ultima
3335 1482 3431 1541 est
3476 1479 3660 1561 quies
3690 1529 3709 1561 ,

2171 1571 2406 1637 scilicet
2459 1575 2529 1637 in
2585 1576 2829 1640 ratione
2893 1580 3274 1663 exemplaris
3343 1583 3414 1648 in
3482 1587 3708 1668 patria.

2172 1679 2323 1745 Haec
2361 1686 2577 1748 autem
2624 1703 2754 1749 non
2792 1690 2946 1751 sunt
2988 1688 3182 1753 simul
3220 1689 3289 1754 in
3314 1691 3457 1771 via;
3493 1694 3602 1758 sed
3644 1690 3712 1759 in

2174 1789 2380 1871 patria
2410 1808 2542 1855 uno
2570 1796 2832 1874 aspectu
2865 1793 3251 1862 videbuntur
3280 1800 3521 1865 omnia.
3552 1800 3714 1866 Sunt

2173 1901 2391 1963 autem
2442 1899 2640 1964 stellae
2687 1901 2827 1966 istae
2876 1902 3211 1970 duodecim
3264 1909 3710 1977 consideratio-

2173 2022 2320 2085 nes;
2360 2010 2425 2071 et
2468 2007 2704 2072 habent
2748 2022 2962 2074 ramos
2998 2010 3318 2094 infinitos,
3360 2016 3438 2081 de
3482 2018 3715 2101 quibus

2174 2113 2357 2177 fleret
2371 2113 2534 2179 liber
2559 2134 2866 2197 magnus,
2890 2117 2960 2182 Si
2979 2123 3203 2185 autem
3228 2122 3544 2190 ducantur
3567 2127 3717 2192 duo-

2175 2221 2378 2286 decim
2406 2242 2520 2307 per
2548 2225 2918 2306 duodecim,
2946 2234 3138 2293 erunt
3162 2236 3421 2297 centum
3448 2237 3718 2318 quadra-

2178 2329 2361 2411 ginta
2405 2335 2704 2414 quatuor,
2756 2352 3067 2400 numerus
3107 2338 3344 2403 scilicet
3371 2343 3411 2421 ξ
3448 2343 3720 2408 civitatis

2176 2436 2594 2505 Hierusalem.
2640 2442 2873 2507 Anima
2913 2444 3084 2508 enim
3129 2447 3219 2510 sic
3260 2447 3720 2517 hierarchizata

2176 2550 2271 2610 est
2296 2547 2519 2613 civitas
2543 2549 2612 2612 in
2652 2569 2780 2631 qua
2819 2551 2985 2616 Deus
3026 2554 3269 2620 habitat
3311 2562 3377 2621 et
3424 2558 3713 2640 videtur;

2177 2652 2255 2720 de
2279 2673 2406 2736 qua
2430 2654 2705 2721 Joannes
2731 2658 2882 2723 dicit
2900 2661 2923 2695 ⁸
2955 2682 2970 2724 :
3010 2684 3042 2723 α
3072 2660 3343 2729 Sustulit
3370 2683 3475 2730 me
3502 2667 3570 2731 in
3594 2669 3719 2751 spi-

2176 2760 2306 2824 ritu
2326 2810 2346 2841 ,
2393 2764 2456 2826 et
2497 2764 2629 2828 vidi
2672 2765 3016 2831 civitatem.
3064 2790 3095 2828 »
3137 2768 3215 2834 Et
3249 2771 3484 2836 ibidem
3523 2774 3714 2856 dicit,

2177 2868 2348 2950 quod
2366 2888 2625 2935 mensus
2641 2875 2736 2936 est
2752 2873 3085 2939 duodecim
3103 2877 3303 2942 millia
3327 2880 3711 2961 stadiorum;

2177 2978 2241 3039 et
2267 2980 2438 3058 post,
2471 2978 2642 3060 quod
2667 2978 3036 3062 longitud0‚
3066 2987 3130 3047 et
3153 2984 3423 3051 latitudo
3443 3035 3462 3065 ,
3492 2990 3555 3051 et
3581 2987 3717 3053 alti-

2177 3084 2331 3149 tudo
2375 3086 2648 3170 aequalia
2689 3092 2843 3153 sunt
2867 3136 2885 3167 ‚
2926 3094 2992 3154 et
3033 3109 3336 3159 mensura
3377 3112 3715 3161 murorum

2176 3199 2432 3259 centum
2484 3196 2917 3278 quadraginta
2980 3204 3255 3282 quatuor
3321 3203 3711 3273 cubitorum.

2176 3301 2504 3380 Quomodo
2543 3310 2746 3389 potest
2784 3306 2907 3372 hoc
2932 3311 3116 3374 esse?
3142 3309 3297 3377 Vide
3341 3313 3498 3378 illud
3540 3316 3715 3398 quod

2173 3411 2418 3477 dictum
2438 3417 2534 3477 est
2560 3413 2630 3477 in
2647 3415 2775 3478 fine
2793 3416 3212 3500 Apocalypsis
3233 3441 3258 3484 .·
3282 3420 3373 3484 ibi
3394 3422 3570 3487 enim
3588 3423 3711 3489 cir-

2173 3539 2250 3586 ca
2276 3521 2561 3586 medium
2589 3521 2832 3586 dictum
2858 3532 2954 3587 est
2970 3530 2993 3565 '¹
3021 3546 3036 3589 ε
3079 3547 3109 3586 α
3133 3524 3275 3590 Vidi
3302 3546 3498 3611 supra
3524 3549 3710 3597 mon-

2172 3633 2303 3692 tem
2331 3627 2485 3694 Sion
2503 3646 2755 3710 agnum
2775 3635 3080 3711 stantem,
3098 3635 3164 3697 et
3187 3650 3336 3698 cum
3352 3653 3428 3699 eo
3456 3641 3714 3706 centum

2172 3736 2602 3819 quadraginta
2640 3743 2918 3820 quatuor
2966 3739 3167 3804 millia
3184 3789 3206 3821 ,
3249 3741 3558 3809 habentes
3591 3764 3713 3811 no-

2173 3863 2324 3910 men
2349 3846 2493 3928 ejus
2512 3894 2534 3926 ,
2562 3850 2626 3911 et
2653 3865 2891 3912 nomen
2917 3848 3115 3930 patris
3141 3851 3282 3932 ejus
3308 3851 3617 3935 scriptum
3643 3853 3714 3919 in

2169 3953 2485 4019 frontibus
2511 3954 2666 4019 suis,
2685 3977 2716 4016 n
2752 3954 2827 4020 ln
2844 3957 3169 4038 apertione
3196 3962 3415 4024 autem
3433 3962 3594 4027 sexti
3622 3962 3708 4028 si-

2170 4060 2313 4143 gilli
2343 4061 2585 4127 dictum
2612 4066 2707 4127 est
2728 4062 2797 4126 in
2809 4063 3203 4147 Apocalypsi
3227 4071 3289 4130 ⁸:
3328 4066 3519 4134 «Vidi
3548 4070 3711 4136 alte-

2168 4186 2319 4233 rum
2367 4169 2677 4252 angelum
2716 4171 3162 4238 ascendentem
3205 4174 3288 4238 ab
3328 4165 3479 4242 ortu
3520 4179 3704 4259 solis,

2168 4275 2510 4342 habentem
2534 4278 2800 4359 signum
2819 4278 2928 4343 Dei
2948 4280 3082 4346 vivi
3098 4329 3114 4361 ,
3146 4285 3213 4345 et
3229 4281 3529 4352 clamavit
3554 4302 3711 4369 qua-

2166 4387 2316 4448 tuor
2338 4386 2589 4466 angelis
2602 4434 2621 4466 ,
2663 4385 2899 4469 quibus
2927 4387 3151 4454 datum
3181 4395 3277 4455 est
3316 4411 3544 4459 nocere
3571 4397 3708 4458 ter-

2166 4507 2259 4555 rae
2277 4496 2342 4557 et
2367 4493 2561 4572 mari,
2595 4493 2809 4559 dicens
2841 4515 2857 4559 ε
2887 4493 3096 4561 Nolite
3135 4516 3364 4564 nocere
3388 4507 3576 4565 terrae
3590 4548 3613 4580 ,
3645 4506 3710 4566 et

2167 4600 2369 4680 mari,
2398 4619 2610 4684 neque
2636 4603 2973 4668 arboribus
2991 4653 3009 4683 ‚
3042 4606 3457 4690 quoadusque
3484 4607 3709 4691 signe-

2167 4726 2316 4772 mus
2352 4726 2572 4776 servos
2610 4711 2720 4776 Dei
2755 4712 2958 4776 nostri
2989 4713 3060 4778 in
3095 4714 3412 4779 frontibus
3454 4734 3704 4783 eorum.

2167 4814 2248 4880 Et
2289 4816 2506 4881 audivi
2559 4836 2906 4883 numerum
2951 4820 3357 4902 signatorum
3377 4869 3399 4901 ,
3447 4828 3708 4891 centum

2167 4923 2594 5007 quadraginta
2619 4930 2894 5008 quatuor
2921 4927 3121 4992 millia
3146 4929 3388 5010 signati
3418 4949 3501 4996 ex
3526 4933 3705 4999 omni

2166 5031 2340 5096 tribu
2364 5031 2647 5096 filiorum
2674 5032 2889 5098 Israel.
2920 5032 3017 5098 Ex
3044 5035 3218 5101 tribu
3241 5036 3446 5119 Juda,
3474 5039 3707 5108 duode-

2166 5137 2295 5202 cim
2320 5139 2522 5204 millia
2545 5140 2782 5223 signati
2796 5189 2819 5221 ,
2849 5164 2881 5203 n
2914 5146 3032 5207 etc.
3065 5142 3299 5210 Tribus
3324 5151 3542 5213 autem
3569 5148 3707 5217 Dan

2166 5263 2301 5312 non
2327 5248 2616 5329 ponitur3
2644 5248 2754 5314 sed
2782 5248 3096 5318 Manasses
3117 5253 3378 5336 ponitur
3403 5274 3524 5341 pro
3546 5256 3706 5339 Dan,

2164 5410 2189 5447 ι
2211 5411 2365 5516 Gom,
2386 5425 2426 5476 1,
2457 5415 2535 5465 14.
2567 5438 2628 5453 —
2655 5413 2676 5445 ⁴
2702 5412 2842 5464 Psal.
2877 5425 3008 5477 που,
3041 5420 3088 5468 ¹.
3116 5442 3177 5454 —
3210 5419 3235 5454 ⁸
3268 5420 3439 5488 Apoc„
3478 5434 3590 5488 xn,
3632 5429 3707 5479 17.

2168 5509 2222 5520 -
2297 5484 2445 5551 ibid„
2473 5487 2548 5537 10.
2582 5510 2643 5522 —
2670 5486 2693 5521 ⁷
2722 5486 2895 5552 Apoc„
2924 5499 3032 5550 nv,
3062 5492 3108 5540 ¹.
3137 5513 3199 5530 —
3223 5491 3243 5521 ⁸
3270 5494 3438 5557 Apoe„
3474 5506 3570 5557 vu,
3596 5500 3706 5551 2-5.
