4196 6294
730 482 849 544 492
1772 471 2184 543 EXPOSITIO
2228 470 2310 540 IN
2351 467 2874 538 PSALTERIUM.

729 613 1137 690 vituperabilis
1163 618 1349 686 actus,
1374 615 1669 690 plorando
1697 611 1962 686 macula,
1989 609 2273 670 laboran-

731 709 813 769 do
855 712 1069 767 reatus,
1123 712 1202 768 De
1247 710 1445 784 primo
1475 711 1536 767 ¹:
1574 726 1603 761 α
1630 706 1911 776 Domine,
1962 705 2113 764 doce
2161 719 2274 763 nos

729 809 900 852 orare
934 813 949 853 z
980 815 1009 850 ιο
1049 809 1184 853 ecce
1221 794 1492 853 doctrina
1527 793 1761 852 orandi.
1801 794 1880 849 De
1913 790 2177 849 secundo
2201 791 2224 824 ¹
2256 806 2270 844 t

734 908 764 941 α
789 890 1065 963 Praecepit
1090 891 1154 947 ut
1182 888 1462 945 docerent
1499 887 1655 946 filios
1680 886 1833 945 suda
1858 884 2164 959 planctum
2195 903 2210 941 :
2239 902 2269 937 ι

730 993 868 1037 ecce
897 978 1168 1037 doctrina
1192 977 1490 1052 plorandi.
1522 980 1601 1035 De
1628 976 1796 1035 tertio
1825 976 1847 1012 ⁸
1879 993 1894 1031 ε
1926 977 2275 1046 «Interroga

727 1076 1024 1149 jumenta,
1055 1081 1113 1135 et
1139 1076 1440 1136 docebunt
1463 1079 1519 1134 te
1551 1093 1621 1132 z»
1640 1090 1777 1133 ecce
1807 1070 2078 1131 doctrina
2104 1069 2273 1128 labo—

728 1167 924 1226 randi.

1368 1237 1629 1303 Epilogus,

801 1355 894 1414 Ait
945 1371 1087 1429 ergo
1142 1355 1641 1429 psalmographus
1670 1395 1690 1425 ,
1744 1359 2031 1428 tanquam
2087 1366 2275 1411 caecus

730 1449 1009 1509 divinitus
1035 1448 1466 1507 illuminandus
1496 1466 1512 1505 ε
1539 1451 1751 1506 Faciem
1779 1453 1928 1504 tuam
1942 1490 1961 1520 ,
1982 1450 2274 1521 quantum

729 1543 810 1602 ad
831 1542 1131 1617 sapientiai
1165 1542 1618 1614 obscuritatem3
1656 1544 1947 1614 illumina,
1982 1544 2273 1616 quantum

729 1638 808 1695 ad
852 1635 1368 1713 contemplationis
1414 1635 1909 1708 declarationem3
1947 1636 2120 1708 Super
2160 1651 2273 1692 ser-

725 1748 851 1789 vum
878 1736 1062 1800 tuum,
1097 1734 1386 1805 quantum
1422 1729 1501 1787 ad
1539 1726 1936 1802 intelligentiae
1960 1728 2270 1803 impurita-

726 1828 881 1884 tem:
914 1826 986 1880 Et
1010 1823 1134 1882 doce
1158 1825 1665 1896 mejtzstittcationes
1691 1828 1849 1894 tuas,
1874 1827 2164 1898 quantum
2192 1821 2273 1880 ad

729 1920 1201 1996 compunctionis
1228 1917 1699 1994 depurationem.

1257 2143 1591 2188 vanslcums
1624 2146 1745 2189 vm.

803 2307 922 2362 136.
950 2304 1148 2360 Exitus
1174 2317 1441 2373 aquarum
1469 2300 1841 2374 deduxerunt,
1868 2305 1979 2359 etc.
2000 2302 2269 2360 Lectione

726 2399 1024 2475 sapientias
1071 2397 1358 2472 tripartita
1401 2396 1591 2455 tribus
1640 2397 1954 2471 praemissis
1998 2398 2271 2457 versibus

726 2493 1027 2567 expedita,
1066 2492 1446 2567 subsequitur
1481 2491 1634 2550 actio
1679 2494 1918 2567 quarta,
1947 2508 2056 2566 per
2083 2508 2270 2567 quam

724 2587 970 2646 solvitur
1029 2587 1229 2644 anima
1272 2585 1628 2660 compedita.
1675 2586 2011 2644 Notandum
2052 2587 2266 2659 igitur,

539 2702 697 2745 Anima
724 2679 976 2756 qualiter
1004 2678 1204 2740 anima
1231 2679 1626 2755 compeditur,
1656 2683 1713 2738 et
1742 2680 1995 2754 qualiter
2021 2680 2268 2755 expedi-

497 2776 683 2819 ΨΜ·
722 2777 819 2833 tur
862 2795 877 2833 ι
925 2773 1255 2851 compediri
1297 2774 1514 2832 dicitur
1556 2791 1666 2852 per
1704 2774 1975 2851 spiritum
2015 2774 2231 2833 erroris
2247 2795 2275 2849 3¹

484 2826 698 2945 &9222-
723 2868 989 2943 expediri
1046 2868 1415 2943 dignoscitur
1461 2883 1570 2944 per
1620 2868 1891 2945 spiritum
1944 2868 2217 2928 moeroris
2250 2889 2264 2928 ε

484 2953 693 3058 ἕξέζμ·
722 2962 867 3037 quia
909 2962 1147 3038 spiritus
1191 2964 1408 3021 erroris
1451 2964 1608 3039 rapit
1652 2964 1727 3022 de
1783 2965 1960 3023 bonis
2008 2964 2267 3023 hominis

607 3045 652 3137 “,
722 3055 1042 3130 Interioris,
1069 3073 1203 3133 quoe
1229 3061 1367 3116 sunt
1390 3058 1554 3116 bona
1583 3059 1869 3131 moralia3
1895 3058 2003 3116 sed
2028 3058 2266 3132 spiritus

721 3151 994 3211 moeroris
1020 3152 1086 3211 id
1113 3151 1366 3211 exsolvit
1390 3153 1466 3211 de
1494 3153 1670 3212 bonis
1705 3152 1966 3212 hominis
2008 3153 2264 3213 exterio-

720 3248 801 3306 ris
819 3292 840 3321 ,
866 3264 1000 3323 quas
1025 3253 1162 3307 sunt
1185 3248 1351 3307 bona
1386 3248 1678 3308 naturalia
1708 3266 1723 3307 ε
1757 3251 1815 3306 et
1846 3248 1929 3306 sic
1958 3249 2223 3307 animam
2243 3293 2261 3321 ,

722 3357 906 3416 quam
934 3341 1036 3401 ille
1076 3342 1465 3418 compedivit,
1491 3342 1588 3402 hic
1626 3343 1895 3418 expedit,
1926 3342 2070 3418 quia
2097 3342 2265 3418 quod

718 3436 819 3496 ille
847 3437 1088 3512 rapuit,
1135 3438 1232 3496 hic
1278 3437 1545 3495 exsolvit.
1577 3438 1750 3509 Quod
1775 3438 1875 3497 ille
1921 3437 2120 3513 rapuit
2157 3455 2265 3512 per

718 3529 1047 3590 indebitam
1074 3531 1404 3603 actionem,
1431 3531 1527 3589 hic
1569 3531 1821 3590 exsolvit
1852 3548 1963 3608 per
1998 3531 2263 3590 debitam

718 3625 1079 3699 passionem.
1127 3628 1247 3685 Hoc
1295 3625 1529 3700 liquido
1576 3630 1930 3700 protestatur
1971 3627 2263 3702 Propheta

714 3719 1024 3793 loquendo
1041 3761 1060 3792 ,
1088 3723 1374 3794 tanquam
1412 3735 1670 3794 persona
1696 3719 1888 3779 taliter
1934 3721 2213 3796 expedita
2243 3740 2257 3779 ε

714 3816 913 3871 Exitus
942 3829 1238 3886 aquarum,
1267 3816 1402 3887 etc.;
1434 3830 1504 3873 ac
1531 3815 1581 3871 si
1607 3830 1754 3874 voce
1781 3815 2124 3889 loqueretur
2159 3830 2262 3873 ex-

713 3923 918 3981 pressa
946 3924 963 3965 =
994 3905 1264 3965 Solutum
1300 3911 1389 3967 est
1413 3924 1521 3983 per
1556 3908 1828 3984 spiritum
1870 3910 2141 3968 moeroris
2183 3909 2258 3967 de

644 3998 660 4010 ⁶
714 4000 891 4059 bonis
914 3999 1173 4060 hominis
1216 4001 1553 4075 exterioris,
1584 4001 1753 4078 quod
1791 4006 2027 4077 raptum
2068 4001 2263 4062 fuerat

713 4110 822 4167 per
848 4094 1122 4171 spiritum
1143 4094 1358 4153 erroris
1387 4094 1462 4152 de
1502 4094 1678 4153 bonis
1724 4096 1982 4154 hominis
2021 4096 2257 4155 interio-

712 4187 812 4246 ris,
845 4191 1107 4258 Quatuor
1131 4188 1308 4262 igitur
1334 4189 1429 4247 hic
1450 4192 1766 4247 notantur:
1788 4192 1997 4264 utputa
2014 4190 2252 4264 soluti0,

715 4286 772 4339 et
795 4282 1035 4357 rapina,
1064 4283 1375 4353 naturalia,
1405 4287 1464 4341 et
1486 4283 1740 4342 moralia
1773 4283 1955 4341 bona.
1987 4287 2253 4353 Quorum

712 4375 974 4449 primum
1013 4375 1251 4434 interest
1287 4376 1524 4451 spiritus
1563 4377 1833 4436 moeroris
1858 4420 1877 4449 ‚
1924 4378 2255 4438 secundum

712 4469 949 4543 spiritus
1003 4470 1218 4529 erroris
1245 4512 1266 4544 ,
1312 4471 1550 4529 tertium
1603 4470 1860 4530 hominis
1917 4472 2252 4544 exterioriS,
2314 4542 2324 4553 ⁸

712 4569 992 4639 quartum
1017 4564 1275 4625 hominis
1298 4565 1611 4625 interioris,

1204 4725 1489 4782 Articulis-5
1518 4725 1754 4798 primus.

779 4851 1146 4911 Solutionem
1191 4851 1541 4925 praenotavit
1581 4851 1848 4910 Psalmus
1869 4893 1891 4923 ,
1939 4867 2077 4909 cum
2120 4851 2201 4910 ait
2231 4870 2245 4909 ε

708 4946 909 5003 Exitus
958 4961 1259 5019 aquarum,
1310 4946 1375 5004 id
1425 4950 1539 5016 est,
1576 4944 1773 5003 fluxus
1824 4943 2245 5020 lacrymarum.

706 5037 905 5097 Talem
945 5038 1301 5098 solutionem
1325 5082 1345 5112 ,
1384 5039 1603 5098 scilicet
1647 5040 2051 5116 lacrymarum
2085 5055 2251 5097 reso-

706 5129 995 5190 lutionem
1037 5133 1215 5192 solvit
1251 5133 1487 5209 spiritus
1528 5134 1795 5193 moeroris
1842 5149 1951 5208 per
1998 5133 2206 5193 oculos
2227 5176 2245 5206 ,

707 5225 880 5299 quasi
925 5241 1036 5300 per
1078 5226 1311 5287 loculos
1351 5228 1693 5303 peccatoris.
1741 5228 1998 5287 Pretiosa
2045 5230 2133 5286 est
2186 5226 2249 5284 in

770 5350 789 5383 ¹
810 5350 949 5414 Luc„
976 5356 1135 5415 11,1.
1157 5379 1218 5391 -
1245 5355 1265 5385 ²
1290 5355 1330 5404 11
1357 5355 1492 5421 Req„
1521 5368 1569 5420 1,
1599 5359 1675 5407 18.
1700 5381 1763 5393 —
1789 5355 1813 5390 ⁸
1836 5353 1945 5417 Job,
1972 5365 2077 5417 111,
2105 5357 2153 5405 Ἰ.
2184 5380 2246 5391 -

706 5419 728 5456 ⁶
749 5420 895 5474 Ρεαι.
924 5432 1027 5484 cvi,
1055 5424 1214 5475 35.-
1243 5424 1442 5489 ⁸1hid.,
1461 5428 1541 5478 33.
1561 5452 1623 5469 -
1650 5428 1670 5460 ⁸
1693 5425 1874 5490 Eccli„
1900 5436 2023 5491 xxv,
2050 5427 2131 5490 34,
2161 5426 2244 5476 35.

2383 611 2701 683 conspectu
2752 608 2983 667 Domini
3047 609 3300 684 pecunia
3362 610 3494 668 talis
3521 655 3539 683 ‚
3597 612 3788 686 qualis
3834 621 3911 673 est

2381 701 2706 760 acrimonia
2742 701 3099 777 lacrymalis.
3157 703 3272 762 Sed
3317 708 3489 778 nota,
3524 706 3692 780 quod
3716 706 3910 765 talium

2383 796 2571 855 exitus
2597 812 2892 870 aquarum
2924 796 3277 872 triplicatur,
3307 800 3637 857 secundum
3673 800 3781 858 tria
3818 817 3911 875 ge-

2385 903 2529 948 nera
2593 906 3004 963 personarum.
3074 891 3454 950 Inveniuntur
3515 893 3676 951 enim
3739 895 3912 953 exitus

2383 1001 2678 1060 aquarum
2697 1027 2717 1055 ,
2758 1001 2864 1044 seu
2916 985 3114 1045 fluxus
3168 987 3571 1063 lacrymarum
3626 989 3910 1049 interdum

2382 1079 2446 1137 in
2496 1079 2768 1153 personis
2818 1081 3235 1153 poenitentibus
3250 1123 3270 1153 ,
3328 1084 3387 1139 et
3441 1084 3869 1143 continentibus
3893 1107 3908 1158 3

2383 1172 2684 1232 interdum
2729 1173 2794 1231 in
2832 1175 3101 1249 personis
3151 1175 3573 1250 poenitentibus
3592 1221 3612 1250 ,
3652 1179 3758 1237 sed
3800 1195 3912 1238 non

2385 1267 2816 1326 continentibus
2829 1286 2848 1340 3
2879 1268 3177 1327 interdum
3204 1270 3266 1326 in
3305 1271 3575 1345 personis
3600 1288 3711 1331 nec
3736 1274 3914 1348 poeni-

2383 1361 2666 1431 tentibuS,
2695 1377 2806 1419 nec
2842 1362 3295 1420 continentibus,
3336 1365 3597 1422 Primum
3633 1383 3914 1441 aquarum

2386 1454 2608 1512 exitum
2634 1455 2899 1528 sequitur
2915 1454 3217 1529 fertilitas3
3249 1459 3609 1532 secundum,
3632 1461 3910 1533 sterilitas,

2383 1547 2638 1620 tertium,
2669 1549 2907 1607 utilitas,
2925 1549 3153 1607 Primus
3181 1567 3475 1626 aquarum
3498 1553 3690 1612 exitus
3719 1558 3822 1627 est,
3846 1556 3914 1614 de

2384 1656 2508 1715 quo
2553 1641 2755 1698 scribit
2800 1642 3289 1718 psalmographus
3316 1645 3338 1680 ⁸
3368 1664 3383 1703 ε
3422 1665 3452 1700 α
3490 1649 3690 1706 Posuit
3729 1649 3912 1707 deser-

2382 1740 2508 1793 tum
2540 1734 2601 1792 in
2629 1739 2839 1807 stagna
2883 1752 3207 1812 aquarum,
3247 1743 3305 1797 et
3341 1743 3560 1798 terram
3596 1742 3723 1800 sine
3768 1760 3916 1818 aqua

2380 1827 2445 1885 in
2473 1827 2662 1887 exitus
2689 1845 2982 1905 aquarum
3014 1850 3028 1888 ε
3059 1853 3086 1886 »
3122 1833 3183 1889 in
3213 1849 3334 1907 quo
3363 1834 3718 1894 describitur
3745 1841 3916 1895 status

2382 1921 2792 1996 poenitentium
2813 1940 2849 1982 a
2874 1925 3128 1998 peccatis
3155 1926 3592 1985 abstinentium.
3624 1930 3916 1988 Secundus

2383 2032 2676 2092 aquarum
2703 2019 2891 2077 exitus
2918 2024 3034 2092 est,
3066 2020 3141 2078 de
3170 2038 3292 2095 quo
3318 2023 3629 2097 psallimus
3658 2027 3681 2063 ⁸
3710 2044 3726 2084 ε
3758 2046 3788 2081 ι
3817 2030 3911 2086 Po·

2382 2111 2500 2168 suit
2531 2110 2781 2170 flumina
2820 2113 2883 2170 in
2929 2114 3259 2188 desertum,
3303 2121 3361 2174 et
3398 2116 3586 2176 exitus
3631 2135 3915 2195 aquarum

2381 2204 2446 2262 in
2470 2204 2662 2278 sitim3
2694 2227 2724 2263 >³
2756 2207 2820 2264 in
2848 2222 2971 2281 quo
2998 2211 3237 2266 notatur
3269 2212 3450 2268 status
3476 2213 3914 2287 poenitentium,

2380 2315 2503 2358 non
2532 2303 2732 2358 tamen
2761 2302 3204 2360 continentium.
3234 2305 3455 2362 Tertius
3483 2322 3780 2380 aquarum
3807 2309 3917 2367 exi-

2381 2395 2473 2451 tus
2502 2397 2614 2465 est,
2645 2394 2721 2453 de
2751 2411 2872 2469 quo
2900 2394 3155 2467 legimus
3175 2398 3197 2432 ⁶
3232 2415 3246 2454 ε
3277 2414 3307 2451 α
3329 2401 3458 2456 Non
3478 2398 3584 2457 des
3611 2417 3785 2476 aquae
3811 2407 3914 2460 tuae

2380 2488 2634 2560 exitum,
2676 2504 2786 2546 nec
2836 2488 3183 2560 modicum3
3233 2506 3345 2549 nec
3389 2492 3625 2552 mulieri
3663 2511 3918 2571 nequam

2379 2581 2619 2640 veniam
2646 2582 3004 2656 prodeundi.
3035 2584 3091 2643 Si
3119 2601 3242 2642 non
3270 2586 3668 2646 ambulaverit
3696 2590 3779 2647 ad
3804 2607 3914 2648 ma·

2378 2691 2526 2733 num
2552 2679 2746 2749 tuam,
2777 2675 3101 2736 confundet
3128 2681 3182 2737 te
3213 2678 3274 2735 in
3298 2686 3619 2754 conspectu
3656 2683 3918 2743 inimico-

2378 2785 2534 2827 rum.
2565 2789 2594 2824 »
2627 2772 2691 2827 ln
2717 2786 2838 2844 quo
2868 2770 3133 2845 signatur
3172 2776 3354 2831 status
3391 2773 3914 2853 impoenitentium‚

2379 2866 2436 2920 et
2461 2863 2981 2936 incontinentium,
3004 2866 3107 2940 qui
3130 2882 3254 2925 non
3282 2869 3501 2928 debent
3527 2870 3672 2929 dare
3701 2873 3916 2931 exitum

2378 2971 2549 3032 aquas
2577 2961 3095 3034 concupiscentias,
3122 2963 3220 3020 vel
3255 2964 3468 3039 ineptas
3506 2965 3754 3039 loetitiae,
3778 2969 3917 3027 sicut

2377 3068 2488 3113 nec
2514 3054 2605 3113 vir
2630 3054 2865 3114 mulieri
2886 3055 3139 3115 lascivae.

2846 3217 3135 3276 „articulus
3161 3220 3441 3279 secundus.

2447 3343 2609 3398 Bona
2660 3340 2952 3399 naturalia
3020 3341 3488 3418 demonstravit,
3534 3363 3672 3407 cum
3731 3351 3912 3411 dixit:

2379 3435 2725 3492 Deduaeerunt
2752 3437 2894 3492 oculi
2920 3440 3045 3493 mei.
3091 3436 3157 3494 Hi
3201 3442 3337 3496 sunt
3379 3441 3539 3499 oculi
3582 3446 3914 3517 naturales,

2377 3529 2545 3603 quasi
2593 3527 2774 3585 loculi
2819 3529 3159 3602 corporales
3201 3531 3282 3589 ad
3325 3534 3676 3593 exteriorem
3725 3539 3911 3597 homi·

2372 3637 2514 3680 nem
2539 3612 2873 3694 attinenteS‚
2920 3623 3277 3683 solutionem
3317 3625 3579 3687 debitam
3617 3631 3912 3692 deducen-

2372 3720 2478 3773 tes.
2527 3718 2594 3773 Et
2632 3719 2807 3787 nota,
2838 3716 3004 3790 quod
3042 3717 3198 3775 oculi
3245 3719 3466 3779 debent
3506 3739 3696 3797 aquas
3732 3726 3915 3802 lacry-

2371 3804 2606 3866 'marum
2635 3809 2928 3868 deducere
2956 3815 3201 3885 propter
3240 3813 3352 3871 tria
3381 3832 3396 3870 ε
3432 3821 3676 3891 propter
3707 3820 3912 3879 vulne·

2370 3903 2691 3975 rationem,
2722 3908 2964 3977 propter
3000 3906 3390 3964 vastationem
3412 3951 3430 3979 ‚
3458 3915 3701 3985 propter
3740 3916 3913 3989 capti-

2367 3996 2715 4055 vationemt
2761 4013 3020 4071 quorum
3063 3999 3325 4072 primum
3367 4007 3589 4076 spectat
3633 4007 3715 4065 ad
3754 4009 3911 4068 bona

2368 4090 2701 4160 naturalia3
2729 4090 3059 4148 secundum
3088 4135 3107 4163 ,
3140 4092 3219 4149 ad
3264 4094 3428 4154 bona
3471 4100 3760 4175 moralia3
3800 4108 3907 4161 ter-

2366 4184 2543 4255 tium,
2570 4184 2650 4242 ad
2676 4184 2837 4243 mala
2877 4185 3172 4244 mortalia.
3216 4191 3292 4245 De
3337 4191 3533 4263 primo
3560 4194 3583 4229 ⁷
3615 4213 3630 4251 ε
3667 4214 3697 4248 α
3724 4197 3909 4254 Dedu-

2367 4280 2502 4336 cant
2542 4278 2700 4335 oculi
2731 4279 2849 4335 mei
2870 4278 3200 4354 lacrymam
3233 4297 3341 4355 per
3371 4289 3605 4343 noctem
3644 4292 3701 4347 et
3731 4290 3907 4363 diem,

2367 4375 2424 4429 et
2469 4386 2591 4429 non
2631 4374 2862 4430 taceant
2897 4391 2915 4445 ;
2963 4376 3249 4446 quoniam
3292 4379 3642 4439 contritione
3695 4400 3909 4459 magna

2367 4465 2616 4523 contrita
2643 4470 2726 4523 est
2750 4465 2920 4538 virgo
2951 4466 3076 4524 filia
3103 4470 3313 4544 populi
3358 4472 3487 4531 mei-
3523 4475 3707 4549 plaga
3732 4480 3909 4553 pessi-

2363 4573 2463 4616 ma
2488 4558 2904 4617 vehementer:
2931 4580 2959 4615 n
2996 4577 3131 4619 ecce
3178 4563 3336 4621 oculi
3376 4566 3678 4631 deductivi
3715 4572 3907 4648 laery-

2363 4668 2599 4710 marum
2624 4655 2869 4727 propter
2908 4654 3372 4716 vulnerationem
3409 4662 3788 4722 naturalium.
3828 4668 3904 4723 De

2363 4746 2626 4804 secundo
2652 4746 2677 4782 ⁸
2710 4764 2724 4803 ε
2762 4764 2791 4800 ι
2820 4746 3120 4807 Deducant
3162 4751 3320 4810 oculi
3357 4755 3543 4812 nostri
3571 4755 3901 4834 lacrymas,

2364 4847 2422 4901 et
2444 4842 2745 4917 palpebrae
2787 4845 3000 4902 nostrae
3047 4845 3309 4906 defluant
3349 4854 3554 4925 aquis5
3600 4856 3743 4928 quia
3785 4873 3901 4914 vox

2360 4935 2797 4994 lamentationis
2849 4937 3051 4996 audita
3106 4944 3193 4998 est
3245 4943 3321 5001 de
3373 4944 3512 5002 Sion
3533 4988 3552 5019 ,
3595 4950 3902 5023 quomodo

2360 5030 2594 5089 vastasti
2622 5045 2868 5087 sumus:
2901 5051 2931 5087 »
2978 5047 3111 5092 ecce
3156 5037 3313 5094 oculi
3353 5038 3756 5115 lacrymarum
3799 5045 3901 5102 de-

2362 5123 2584 5182 ductivi
2610 5127 2851 5196 propter
2876 5127 3265 5187 vastationem
3302 5135 3645 5195 moralium.
3689 5141 3763 5197 De
3791 5142 3903 5197 ter·

2360 5218 2443 5276 tio
2469 5217 2493 5252 ⁹
2522 5236 2536 5271 ε
2575 5235 2603 5270 α
2631 5215 2955 5277 Divisiones
2992 5236 3285 5296 aquarum
3326 5225 3702 5291 deduxerunt
3742 5233 3900 5292 oculi

2361 5370 2421 5382 .-
2466 5345 2482 5374 ⁷
2525 5342 2728 5406 lema,
2775 5354 2882 5407 κεν,
2931 5347 3008 5396 17.
3052 5375 3106 5384 ——
3155 5351 3174 5378 ⁸
3216 5351 3416 5417 let-em„
3463 5366 3545 5419 ix,
3594 5361 3681 5423 18,
3721 5362 3798 5410 ¹9.
3838 5386 3900 5397 -

2357 5419 2378 5449 ⁹
2402 5414 2599 5479 Thr-en„
2629 5425 2708 5478 111,
2736 5416 2815 5478 48,
2845 5418 2924 5465 52.
