4196 6294
755 435 873 496 ⁴50

754 566 1035 643 cupiscite
1056 610 1076 640 ‚
1103 567 1260 625 utin
1295 582 1370 625 eo
1397 566 1667 625 crescatis
1704 567 1768 623 in
1795 566 2082 633 salutem,
2121 561 2173 619 si
2207 565 2293 618 ta-

750 675 893 719 men
928 660 1207 734 gustatis,
1237 660 1525 735 quoniam
1566 660 1757 719 dulcis
1797 663 1884 719 est
1928 657 2231 718 Dominus,
2258 674 2286 709 ιι

750 757 896 813 Ecce
924 753 1182 815 dulcedo
1209 754 1639 830 praegustativa.

1219 915 1505 972 Articulus
1540 913 1816 971 secundus.

819 1041 1115 1110 Quantum
1147 1039 1227 1097 ad
1263 1039 1525 1114 primum
1559 1038 1957 1115 praegustandi
1994 1037 2247 1095 modum
2272 1079 2291 1108 ,

748 1133 1066 1206 adjicitur:
1108 1136 1371 1191 Faucibus
1406 1137 1571 1200 meis,
1612 1133 1898 1208 quoniam
1935 1133 2039 1189 iste
2071 1130 2292 1188 modus

748 1230 836 1285 est
875 1226 1267 1301 epulatorius,
1311 1232 1368 1286 et
1409 1228 1640 1303 epulari
1684 1227 1956 1286 convenit
1994 1224 2286 1283 saucibus,

746 1319 908 1377 Felix
936 1321 1230 1395 epulatio,
1261 1337 1381 1396 qua
1406 1321 1638 1380 bonum
1668 1335 1921 1394 operans
1946 1319 2009 1376 in
2036 1317 2287 1376 Domino

746 1413 1047 1485 gratulans
1082 1414 1357 1488 epulatur
1382 1430 1521 1472 cum
1547 1414 1818 1472 Domino.
1858 1412 1947 1471 Sic
1977 1411 2290 1485 epulantur

742 1506 921 1577 iusti,
958 1509 1015 1564 et
1057 1508 1322 1567 exultant
1356 1508 1418 1565 in
1455 1512 1773 1581 conspectu
1815 1507 1934 1564 Dei.
1971 1505 2086 1563 Sed
2113 1507 2286 1576 nota,

742 1598 962 1674 quibus
981 1599 1253 1658 faucibus
1272 1601 1403 1659 talis
1431 1605 1719 1674 congruat
1738 1598 2139 1675 praegustandi
2163 1613 2288 1655 mo-

742 1691 856 1750 dus
886 1711 901 1749 t
933 1693 1076 1768 quia
1101 1710 1227 1752 non
1255 1693 1526 1753 saucibus
1553 1694 1905 1752 stolidorum
1932 1692 2286 1762 avidorum,

742 1785 837 1844 vel
860 1786 1235 1860 cupidorum,
1254 1787 1361 1845 sed
1379 1787 1586 1864 spiritu
1608 1788 1995 1846 fervidorum.
2019 1788 2288 1856 Quorum

738 1879 918 1953 primi
953 1884 1090 1938 sunt
1129 1881 1407 1955 fallaces3
1454 1881 1730 1952 secundi,
1775 1897 2019 1939 voraces
2029 1901 2048 1954 3
2091 1879 2282 1951 tertii,

737 1988 985 2046 rapaces
1004 1993 1023 2047 3
1056 1975 1282 2048 quarti,
1310 1974 1546 2048 vivaces
1576 1979 1634 2034 et
1676 1975 1738 2032 in
1777 1976 1953 2033 bonis
2003 1974 2285 2048 operibus

738 2068 1028 2128 efficaces
1059 2074 1135 2128 De
1161 2071 1357 2144 primo
1377 2074 1394 2108 ¹
1429 2090 1443 2129 ε
1476 2074 1640 2129 «Non
1667 2069 1970 2128 invenietis
2000 2071 2060 2127 in
2079 2069 2286 2141 lingua

736 2178 876 2221 mea
901 2164 1306 2238 iniquitatem,
1335 2181 1447 2223 nec
1476 2165 1536 2222 in
1561 2164 1835 2222 faucibus
1869 2163 2016 2220 meis
2043 2161 2284 2220 stultitia

732 2257 1082 2330 personabit
1091 2275 1109 2329 3
1127 2278 1156 2312 »
1184 2258 1357 2334 quasi
1384 2259 1574 2328 dicat,
1604 2259 1754 2316 sicut
1780 2257 1843 2315 in
1870 2256 2142 2315 faucibus
2166 2259 2282 2313 sto-

732 2348 1017 2408 lidorum.
1048 2354 1125 2409 De
1153 2352 1416 2410 secundo
1439 2350 1467 2389 *¹
1499 2371 1513 2410 ε
1552 2373 1581 2407 «
1608 2355 1797 2426 Supra
1817 2367 2087 2409 mensam
2121 2366 2284 2423 mag-

732 2459 875 2501 nam
901 2444 1147 2503 sedisti?
1175 2461 1298 2504 non
1330 2447 1583 2521 aperias,
1624 2462 1799 2519 super
1827 2444 2011 2515 illam,
2048 2444 2281 2502 faucem

732 2540 897 2596 tuam
932 2539 1130 2613 prior;
1153 2559 1183 2594 t>
1216 2539 1390 2615 quasi
1420 2539 1578 2597 dicat
1597 2581 1617 2611 ,
1646 2538 1796 2596 sicut
1835 2538 2058 2595 faciunt
2095 2537 2275 2595 avidi.

731 2632 811 2688 De
861 2632 1030 2689 tertio
1054 2633 1076 2667 ³
1107 2650 1122 2689 ε
1160 2654 1188 2685 «
1227 2633 1406 2702 Quasi
1443 2632 1643 2690 fauces
1680 2632 1943 2690 virorum
1981 2632 2281 2688 latronum

730 2724 1047 2799 participes
1060 2727 1437 2785 sacerdotum
1456 2744 1470 2783 ε
1486 2746 1513 2780 ιι
1535 2741 1667 2783 eece
1681 2725 1879 2783 fauces
1897 2725 2274 2799 cupidorum.

731 2819 811 2875 De
840 2822 1055 2892 quarto
1082 2821 1104 2853 ⁴
1135 2839 1149 2878 :
1173 2819 1458 2878 «Custodi
1486 2819 1684 2893 legem
1709 2835 1909 2877 meam
1937 2822 2115 2893 atque
2140 2833 2279 2875 eon·

730 2909 930 2968 silium
955 2929 1155 2971 meum
1171 2954 1192 2985 ,
1232 2916 1291 2972 et
1318 2915 1427 2971 erit
1450 2914 1571 2972 vita
1596 2913 1807 2971 animae
1832 2917 1945 2971 tuae
1962 2956 1981 2984 ,
2012 2916 2069 2970 et
2092 2911 2279 2985 gratia

729 3003 1000 3064 faucibus
1022 3007 1135 3064 tuis
1167 3026 1228 3065 :n
1261 3024 1395 3065 ecce
1424 3008 1623 3065 fauces
1651 3007 1860 3081 spiritu
1884 3006 2274 3064 fervidorum.

730 3100 826 3158 llis
850 3099 1119 3160 faucibus
1144 3101 1481 3162 novissimis
1508 3101 1784 3161 convenit
1809 3102 1914 3160 iste
1944 3101 2180 3160 modus.

1241 3260 1522 3319 Articulus
1549 3264 1764 3319 tertius.

800 3388 1095 3456 Quantum
1122 3386 1202 3447 ad
1228 3388 1559 3445 secundum
1601 3387 1938 3462 exponendi
1986 3388 2272 3460 modum,

730 3479 1004 3539 scribitur
1034 3500 1048 3538 ε
1081 3483 1256 3553 Super
1280 3484 1417 3548 mel,
1459 3481 1526 3538 id
1563 3484 1686 3554 est,
1718 3481 2100 3556 superdulcia
2143 3484 2280 3539 sunt

730 3573 970 3648 eloquia
993 3573 1073 3632 ad
1101 3575 1457 3648 anagogiam
1475 3574 1797 3633 attinentia.
1830 3579 1894 3633 Et
1915 3578 2076 3647 nota,
2107 3574 2275 3649 quod

728 3668 1060 3741 anagogica
1109 3669 1338 3727 theoria
1388 3685 1551 3741 super
1594 3672 1735 3742 mel,
1789 3669 1853 3727 id
1895 3674 2005 3740 est,
2066 3684 2274 3742 super-

730 3761 922 3819 dulcis
969 3761 1183 3820 dicitur
1227 3767 1469 3836 propter
1519 3762 1631 3821 tria
1662 3782 1676 3819 τ
1706 3767 1947 3837 propter
1981 3762 2276 3835 judicium

729 3854 1122 3929 triumphale,
1159 3855 1472 3930 praemium
1501 3856 1805 3914 essentiale
1825 3900 1845 3929 ,
1884 3860 1943 3914 et
1967 3856 2276 3931 praemium

730 3946 1087 4005 accidentale
1119 3967 1134 4004 z
1167 3965 1424 4023 quorum
1450 3950 1710 4024 primum
1739 3950 1991 4024 pertinet
2029 3949 2111 4007 ad
2145 3949 2276 4007 feli-

730 4042 965 4098 citatem
987 4042 1388 4115 adjudicatam
1406 4063 1426 4117 ;
1448 4044 1777 4102 secundum
1798 4086 1816 4114 ,
1838 4044 1917 4101 ad
1940 4042 2276 4101 felicitatem

729 4136 1087 4208 increatam3
1141 4137 1417 4208 tertium,
1467 4137 1547 4194 ad
1584 4136 1920 4195 felicitatem
1967 4140 2269 4196 creatam:

730 4229 1002 4287 vocando
1031 4228 1368 4288 felicitatem
1391 4233 1647 4289 creatam
1664 4274 1683 4302 ,
1704 4232 2114 4303 etincreatam,
2137 4247 2272 4306 quoe

727 4322 1117 4380 terminantur
1157 4324 1237 4382 ad
1264 4327 1538 4383 naturam
1583 4328 1862 4398 creatam,
1911 4324 2009 4382 vel
2044 4324 2274 4382 increa-

725 4420 850 4475 tam
860 4414 956 4489 ,id
983 4420 1104 4489 est,
1126 4419 1553 4489 ⁸iucunditatem
1571 4419 1642 4476 de
1669 4418 1833 4477 bono
1854 4418 2147 4492 increato,
2176 4420 2274 4476 vel

728 4514 925 4570 creato
954 4515 1274 4569 causatam.
1308 4515 1386 4570 De
1412 4513 1609 4587 primo
1630 4513 1652 4547 ⁸
1678 4531 1692 4571 z
1733 4532 1761 4567 α
1782 4512 2012 4571 Iudicia
2039 4514 2270 4575 Domini

725 4621 867 4663 vera
882 4648 900 4678 ,
923 4605 1242 4678 ¹iustificata
1266 4606 1330 4664 in
1359 4607 1710 4681 semetipsa‚·
1724 4606 2145 4664 desiderabilia
2172 4624 2271 4666 su-

722 4715 831 4774 per
852 4714 1065 4757 aurum
1094 4703 1150 4757 et
1173 4699 1438 4774 lapidem
1456 4701 1782 4774 pretiosum
1799 4699 2084 4771 multum,
2114 4699 2271 4759 insu·

725 4808 833 4868 per
861 4796 917 4851 et
950 4793 1219 4852 dulciora
1245 4809 1422 4867 super
1447 4793 1567 4851 mel
1596 4796 1653 4851 et
1678 4791 1882 4851 favum
1909 4812 1923 4850 :
1958 4814 1987 4849 n
2012 4810 2147 4852 ecce
2176 4811 2269 4852 su-

720 4886 1021 4959 perdulcis
1048 4888 1304 4945 suavitas
1318 4928 1338 4958 ,
1353 4891 1642 4961 quantum
1657 4887 1736 4944 ad
1753 4886 2047 4959 ¹iudicium
2067 4887 2269 4945 trium-

721 4980 920 5053 phale.
952 4983 1028 5038 De
1059 4980 1321 5039 seeundo
1344 4978 1367 5014 ⁸
1392 5000 1407 5038 :
1438 5000 1465 5034 α
1485 4980 1729 5055 Spiritus
1746 4997 1916 5038 meus
1944 4997 2123 5055 super
2145 4981 2268 5040 mel

721 5071 912 5131 dulcis
936 5091 1001 5131 ε»
1032 5090 1167 5133 ecce
1192 5090 1370 5149 super
1396 5073 1517 5132 mel
1541 5074 1731 5132 dulcis
1757 5074 2013 5134 suavitas
2025 5116 2046 5146 ,
2076 5091 2267 5149 quan-

787 5222 802 5254 ¹
830 5220 947 5283 Iob,
976 5233 1049 5287 vl,
1075 5226 1155 5276 30.
1182 5249 1246 5263 -
1273 5223 1293 5254 ²
1324 5221 1503 5286 Eccli„
1530 5236 1676 5286 ml,
1706 5228 1780 5276 ¹2.
1810 5251 1874 5263 —-
1896 5225 1919 5260 ³
1947 5226 2074 5288 Ore„
2109 5235 2188 5290 vi,
2216 5227 2262 5276 9.

716 5320 778 5332 —-
810 5295 828 5324 ⁴
863 5294 1032 5356 Pron„
1071 5306 1164 5356 ¹11,
1195 5298 1277 5347 22.
1309 5321 1371 5333 -
1407 5296 1425 5325 ⁸
1457 5295 1591 5347 Psal.
1627 5308 1784 5360 xvm,
1815 5301 1893 5347 Η.
1933 5325 1989 5335 -
2033 5299 2055 5333 ⁸
2081 5297 2263 5359 Eccli„

715 5376 860 5429 ων,
896 5368 977 5417 27.
1013 5391 1077 5403 -
1113 5368 1129 5397 ⁷
1171 5367 1298 5417 ibid.
1325 5394 1386 5405 —
1424 5367 1449 5403 ⁸
1487 5367 1683 5427 Tin-en..
1723 5380 1794 5431 w,
1826 5372 1906 5419 20.
1940 5396 2002 5407 -
2035 5370 2058 5404 ⁹
2095 5370 2264 5434 Cant„

1796 425 2206 497 EXPOSITiO
2248 423 2326 488 ΙΝ
2370 417 2882 486 PSALTERIUM.

2407 560 2536 615 tum
2563 555 2642 612 ad
2682 554 2996 628 praemium
3023 553 3354 613 essentiale.
3396 557 3477 613 De
3501 555 3673 615 tertio
3693 559 3717 595 ⁷
3747 576 3764 615 ε
3791 575 3821 612 α
3845 560 3944 617 He-

2407 647 2625 707 reditas
2653 665 2789 706 mea
2817 664 2995 722 super
3017 647 3138 705 mel
3163 653 3219 706 et
3246 648 3451 707 favum
3478 669 3540 707 :n
3575 667 3715 709 ecce
3743 669 3944 728 super-

2408 743 2596 801 dulcis
2637 744 2894 801 suavitas
2912 784 2933 813 ,
2987 746 3278 817 quantum
3325 743 3406 801 ad
3449 745 3768 819 praemium
3805 747 3947 805 acci·

2406 837 2661 896 dentale.

2890 911 3177 969 Articulus
3217 914 3466 982 quartus.

2473 1024 2769 1092 Quantum
2798 1022 2878 1081 ad
2905 1023 3234 1082 secundum
3251 1025 3650 1098 praegustandi
3677 1026 3943 1098 modum,

2406 1118 2792 1176 conscribitur
2822 1137 2840 1172 ε
2896 1119 2995 1175 Ori
3042 1135 3191 1190 me03
3242 1120 3530 1193 quoniam
3573 1119 3683 1178 iste
3734 1121 3945 1179 modus

2403 1212 2616 1270 dicitur
2644 1212 3055 1270 osculatoriuS.
3076 1216 3249 1270 Actus
3266 1217 3464 1271 autem
3490 1214 3805 1272 osculandi
3829 1231 3942 1272 non

2403 1306 2700 1375 convenit,
2724 1305 2836 1362 nisi
2865 1306 2954 1363 ori
2995 1323 3008 1362 :
3039 1305 3182 1379 quia
3207 1322 3351 1364 vero
3378 1323 3621 1380 sperans
3648 1309 3943 1383 quadam-

2399 1400 2587 1458 modo
2621 1399 2962 1474 copulatur,
2991 1404 3048 1457 et
3074 1400 3515 1459 condelectatur
3553 1403 3723 1460 bono
3752 1418 3943 1477 spera·

2402 1496 2485 1565 to,
2517 1495 2666 1552 sicut
2692 1495 2967 1552 osculans
3000 1496 3301 1568 osculat03
3331 1497 3555 1556 idcireo
3581 1514 3712 1557 non
3739 1498 3940 1555 imme·

2398 1587 2512 1645 rito
2562 1587 2694 1645 talis
2738 1589 2993 1662 speratio
3053 1592 3322 1647 censetur
3365 1591 3675 1649 osculatio.
3722 1592 3786 1648 ln
3837 1590 3942 1647 hoc

2398 1681 2696 1755 siquidem
2740 1682 2945 1739 osculo
2993 1688 3077 1741 est
3116 1689 3324 1742 mutua
3359 1684 3478 1742 oris
3517 1684 3864 1759 impressio,
3893 1690 3944 1740 et

2399 1774 2702 1834 coalterna
2738 1776 3000 1849 spiratio.
3038 1775 3154 1833 Nisi
3181 1777 3341 1834 enim
3367 1794 3622 1852 sponsus
3652 1795 3725 1835 os
3750 1777 3944 1851 impri-

2396 1873 2597 1941 meret,
2630 1872 2688 1926 et
2711 1869 2983 1943 spiraret,
3012 1886 3233 1944 sponsa
3252 1887 3355 1929 ore
3383 1872 3737 1946 prophetico
3758 1870 3943 1929 nulla-

2395 1966 2564 2022 tenus
2585 1963 2906 2021 affirmaret
2923 1965 2945 1999 ⁸
2970 1982 2985 2021 ε
3015 1985 3042 2019 α
3061 1964 3305 2038 Spiritus
3324 1966 3443 2023 oris
3461 1966 3670 2037 nostri,
3692 1965 3942 2023 Christus

2397 2057 2695 2115 Dominus,
2738 2077 2767 2112 u
2823 2058 2943 2115 Nisi
2990 2059 3168 2116 etiam
3204 2076 3236 2116 e
3280 2075 3566 2118 converso
3614 2077 3840 2136 sponsa
3879 2075 3941 2117 os

2393 2149 2755 2224 imprimeret
2786 2155 2843 2208 et
2868 2153 3139 2225 spiraret,
3170 2169 3423 2227 sponsus
3450 2153 3514 2210 in
3540 2154 3768 2212 amoris
3796 2157 3939 2212 Can-

2393 2245 2507 2301 tico
2535 2260 2659 2302 non
2680 2249 2939 2303 cantaret
2959 2244 2980 2277 ⁹
3013 2263 3027 2302 :
3067 2267 3095 2300 α
3131 2246 3290 2305 Odor
3321 2247 3440 2305 oris
3467 2248 3586 2319 tui,
3616 2248 3770 2305 sicut
3795 2247 3940 2304 odor

2392 2338 2710 2395 malorum.
2761 2358 2788 2392 n
2835 2339 2950 2397 Sed
2988 2343 3130 2397 nota
3165 2340 3457 2415 triplicem
3493 2341 3938 2416 dispositionem

2392 2431 2473 2487 ad
2493 2431 2666 2488 istam
2692 2431 3121 2491 osculationem
3145 2452 3160 2491 :
3197 2436 3364 2507 quod
3392 2451 3458 2493 os
3486 2451 3723 2508 sponsae
3753 2438 3937 2492 custo-

2392 2525 2620 2600 diatur;
2653 2526 2820 2602 quod
2843 2543 2966 2584 non
2994 2527 3349 2602 impediatur
3374 2549 3392 2603 ;
3423 2530 3590 2603 quod
3620 2531 3712 2588 ori
3741 2527 3938 2603 sponsi

2391 2620 2741 2679 obediatur:
2791 2622 2907 2679 hoc
2937 2627 3057 2693 est,
3087 2622 3451 2680 custodiatur
3479 2622 3557 2681 ab
3598 2623 3933 2691 inutilibus3

2389 2732 2512 2773 non
2535 2715 2891 2791 impediatur
2915 2718 2993 2774 ab
3018 2717 3296 2788 utilibus3
3324 2716 3643 2775 obediatur
3670 2718 3735 2775 in
3757 2716 3938 2775 omni-

2388 2810 2502 2868 bus
2570 2815 2692 2868 tam
2756 2810 3145 2869 credibilibus
3170 2852 3190 2883 ,
3256 2827 3441 2885 quam
3508 2811 3932 2885 operabilibuS.

2388 2904 2641 2961 Primam
2693 2904 3144 2978 dispositionem
3195 2906 3424 2978 habuit,
3484 2907 3590 2980 qui
3647 2906 3802 2964 dixit
3830 2906 3867 2940 ¹⁰
3918 2920 3931 2957 τ

2395 3021 2422 3056 α
2443 3003 2617 3060 Posui
2643 3003 2733 3061 ori
2756 3019 2892 3061 meo
2923 3004 3276 3063 custodiam.
3300 3026 3328 3060 »
3356 3004 3696 3065 Secundam
3718 3004 3931 3062 habere

2386 3096 2610 3166 voluit,
2639 3097 2743 3173 qui
2782 3096 3012 3172 scripsit
3042 3099 3082 3134 ¹¹
3127 3117 3140 3157 ε
3179 3120 3208 3154 α
3233 3102 3356 3174 Ego
3397 3114 3520 3157 non
3561 3115 3810 3174 parcam
3852 3094 3932 3155 ori

2386 3207 2548 3263 me0,
2599 3192 2815 3266 loquar
2867 3192 2931 3249 in
2985 3192 3366 3251 tribulatione
3423 3194 3665 3269 spiritus
3709 3191 3849 3251 mei.
3902 3208 3928 3244 ι

2385 3286 2636 3343 Tertiam
2665 3286 2906 3344 aliunde
2947 3302 3073 3344 non
3114 3288 3353 3362 habuit,
3403 3287 3478 3346 de
3521 3304 3646 3363 quo
3688 3301 3932 3362 sponsus

2386 3378 2467 3436 ait
2491 3379 2573 3436 ¹²:
2612 3399 2642 3434 ι(
2668 3384 2795 3438 Non
2836 3379 3078 3437 intrabit
3116 3385 3369 3454 terram,
3411 3398 3597 3456 quam
3636 3381 3780 3440 dedi
3805 3376 3932 3436 filiis

2385 3473 2580 3547 lsrael,
2610 3490 2682 3532 eo
2707 3475 2873 3548 quod
2901 3473 3244 3532 incredulus
3272 3475 3381 3532 tuit
3413 3476 3503 3534 ori
3530 3492 3694 3537 meo.
3727 3496 3756 3532 ι

3031 3636 3291 3702 Epilogus.

2461 3757 2552 3815 Ait
2596 3774 2737 3831 ergo
2790 3758 3084 3833 Propheta
3103 3802 3123 3831 ,
3176 3762 3464 3833 tanquam
3514 3776 3776 3835 persona
3827 3772 3926 3831 per

2384 3853 2527 3911 tales
2578 3854 2995 3928 intelligentias
3060 3857 3140 3914 ad
3195 3856 3340 3915 tales
3395 3856 3638 3915 introire
3693 3853 3926 3917 delicias

2384 3950 2656 4005 assueta:
2689 3948 2861 4017 Quam
2890 3950 3075 4006 dulcia
3112 3952 3327 4025 eloquia
3354 3956 3450 4007 tua
3465 3992 3486 4022 ,
3524 3950 3749 4009 seilicet
3773 3950 3922 4007 fruc-

2381 4045 2510 4099 tum
2536 4041 2759 4100 virtutis
2801 4042 3176 4118 eloquentia,
3207 4045 3288 4103 ad
3323 4043 3727 4119 tropologiam
3753 4040 3921 4120 perti·

2381 4136 2582 4193 nentia
2599 4156 2617 4210 ;
2644 4139 2906 4195 Faucibus
2936 4143 3099 4210 meis,
3122 4139 3188 4197 id
3216 4143 3302 4198 est
3313 4182 3332 4211 ,
3362 4140 3767 4214 praegustanti,
3797 4151 3920 4195 cum

2383 4228 2635 4288 Domino
2677 4231 2975 4304 epulanti,
3013 4249 3149 4304 seu,
3196 4233 3426 4292 bonum
3471 4234 3820 4308 operando,
3863 4230 3920 4285 in

2345 4318 2348 4321 ’
2382 4324 2630 4382 Domino
2660 4324 2973 4397 gratulanti
2988 4346 3006 4400 3
3037 4327 3209 4400 Super
3231 4330 3356 4399 mel,
3384 4327 3451 4384 id
3484 4330 3590 4398 est,
3618 4322 3921 4403 superdul-

2381 4416 2472 4476 cia
2500 4421 2636 4475 sunt
2663 4418 2923 4493 eloquia,
2950 4420 3210 4479 fructum
3234 4420 3439 4480 salutis
3466 4421 3825 4496 eloquentia,
3845 4415 3918 4474 ad

2380 4512 2741 4585 anagogiam
2782 4514 3122 4589 attinentia3
3178 4516 3277 4572 Ori
3323 4532 3470 4585 meo,
3509 4515 3575 4572 id
3620 4520 3739 4588 est,
3777 4526 3916 4587 prae·

2379 4607 2673 4679 gustanti,
2717 4608 3032 4666 Dominum
3073 4609 3366 4667 osculanti
3387 4653 3405 4681 ‚
3433 4610 3555 4669 sive
3575 4652 3597 4683 ,
3625 4619 3916 4668 summum

2379 4699 2609 4758 bonum
2663 4701 3004 4775 sperando,
3061 4703 3259 4762 eidem
3301 4721 3364 4762 se
3415 4704 3683 4780 quodam
3739 4699 3915 4760 modo

2380 4795 2701 4869 copulanti.

2907 4942 3242 4989 minutus
3277 4944 3397 4989 vm.

2399 5094 2402 5097 ·
2452 5082 2575 5139 104.
2598 5083 2652 5139 A
2681 5082 2960 5140 mandatis
2987 5088 3099 5141 tuis
3126 5087 3401 5155 intellexi,
3444 5088 3553 5142 ete.
3582 5086 3711 5154 Quo
3735 5077 3910 5141 modo

2378 5174 2674 5234 charitatis
2691 5175 2976 5237 ferventia
3001 5184 3277 5254 operetur
3316 5176 3396 5237 ad
3419 5178 3557 5252 hoc,
3588 5178 3754 5254 quod
3779 5187 3908 5233 con-

2376 5313 2479 5363 vn,
2521 5304 2571 5354 8.
2602 5329 2665 5341 —
2703 5305 2745 5340 ¹·
2780 5305 2922 5357 Psal.
2956 5316 3193 5371 xxxvut,
3230 5309 3278 5358 2.
3305 5331 3369 5345 -
3408 5307 3445 5341 ¹¹
3473 5304 3588 5370 Job,
3620 5317 3722 5371 vn,
3751 5308 3825 5357 u.
3849 5324 3907 5341 —-

2374 5374 2420 5408 ¹¹
2444 5374 2623 5436 Num„
2649 5388 2739 5441 xx,
2768 5380 2849 5428 24.
