4196 6294
1631 406 1996 475 PSALMUS
2038 408 2302 476 CXVIII.

358 550 568 622 fidele,
623 545 973 624 sapientiam
1024 547 1306 620 praestans
1346 531 1633 618 parvulis.
1685 564 1713 598 a
1761 546 1906 602 Ecce

359 643 692 703 testimonia
729 639 1048 699 humilium
1085 637 1441 713 perfectiva:
1480 637 1740 711 ideoque
1776 636 1906 695 the-

359 753 570 798 saurus
624 734 898 794 radiosus
940 730 1152 791 merito
1208 730 1450 798 dicitur·
1478 730 1731 789 verbum
1773 730 1906 803 Dei,

363 834 650 907 quantum
693 829 774 889 ad
815 828 1147 887 doctrinam
1184 826 1326 885 Novi
1362 827 1737 899 Testamenti,
1778 843 1911 902 quae

362 926 559 985 reddit
579 924 960 1001 perspicuum
983 920 1384 981 testimonium
1412 921 1658 981 veritati.

867 1082 1155 1139 Articulus
1193 1081 1406 1137 tertius.

439 1213 745 1268 Delectatus
778 1223 917 1267 sum.
949 1209 1069 1265 Hoc
1107 1206 1322 1264 dicitur
1356 1208 1648 1280 quantum
1688 1206 1770 1263 ad
1804 1222 1917 1264 coe-

368 1304 540 1363 lestes
565 1302 913 1376 anagogiae,
939 1317 1073 1376 quae
1094 1299 1386 1358 delectant
1412 1302 1637 1358 mentes
1659 1302 1918 1356 contem-

367 1398 641 1473 plativas.
680 1400 748 1456 Et
781 1399 954 1469 nota,
990 1394 1159 1468 quod
1195 1394 1259 1451 in
1295 1392 1562 1467 qualibet
1597 1392 1919 1451 delectatur

370 1489 861 1566 contemplativus
890 1489 1154 1559 animuS,
1191 1492 1317 1544 tum
1354 1490 1596 1560 propter
1621 1485 1919 1560 sapientire

371 1585 748 1655 suavitatem,
791 1588 916 1642 tum
952 1585 1195 1657 propter
1222 1579 1518 1638 sententiae
1544 1580 1917 1651 varietatem,

371 1683 500 1738 tum
543 1683 787 1754 propter
828 1676 1148 1735 influentiae
1195 1674 1557 1732 charitatem.
1613 1677 1678 1733 In
1722 1673 1919 1748 primo

375 1774 629 1832 delectat
652 1771 953 1847 sapientiae
983 1769 1300 1841 subtilitas;
1331 1769 1395 1826 in
1422 1768 1708 1839 secundo,
1737 1769 1923 1842 ipsius

375 1867 702 1937 mobilitas3
719 1867 782 1924 in
795 1865 986 1937 tertie,
1011 1863 1281 1938 ejusdem
1300 1862 1536 1920 utilitas.
1561 1866 1638 1920 De
1654 1862 1851 1937 primo
1872 1862 1916 1921 ¹:

380 1983 410 2016 a
451 1963 635 2020 Cerva
688 1960 1023 2030 carissima,
1082 1962 1141 2015 et
1197 1956 1563 2030 gratissimus
1615 1955 1918 2013 hinnulus.

378 2055 568 2113 Ubera
607 2054 734 2127 ejus
772 2052 1066 2111 inebrient
1111 2056 1166 2109 te
1214 2051 1379 2109 omni
1418 2053 1718 2124 tempore,
1768 2053 1824 2107 et
1861 2050 1925 2106 in

377 2163 581 2207 amore
627 2148 755 2220 eJus
800 2146 1094 2205 delectare
1134 2145 1371 2218 jugiter.
1418 2165 1448 2199 »
1495 2146 1634 2214 Quae
1686 2148 1773 2201 est
1816 2142 1926 2200 ista

379 2258 554 2301 cerva
583 2240 915 2311 carissima,
946 2240 1060 2298 nisi
1086 2239 1290 2299 divina
1310 2239 1627 2314 sapientia,
1651 2254 1834 2313 quam
1862 2237 1926 2296 in

379 2339 682 2398 montibus
711 2338 943 2397 aeternis
967 2337 1230 2396 humana
1252 2338 1503 2394 venatur
1528 2333 1925 2410 perspicacia?

383 2434 521 2503 Quis
550 2433 914 2507 gratissimus
938 2431 1252 2500 hinnulus,
1288 2430 1401 2487 nisi
1437 2429 1692 2487 veritatis
1724 2427 1927 2486 radius

379 2528 444 2585 in
470 2527 754 2602 mysterio
783 2525 1207 2584 absconditus?
1230 2527 1368 2594 Quae
1393 2523 1691 2598 sapientire
1717 2523 1926 2592 ubera,

380 2621 493 2678 nisi
538 2621 706 2678 varia
749 2619 1318 2694 contemplationum
1358 2620 1613 2691 genera?
1636 2620 1765 2675 lloec
1800 2616 1928 2674 ine-

381 2715 580 2774 briant
607 2715 915 2774 hominem
958 2715 1068 2789 per
1109 2713 1325 2771 mentis
1369 2711 1807 2770 alienationem.
1853 2716 1930 2772 ,ln

383 2826 586 2867 amore
600 2808 757 2866 illius
782 2807 1015 2866 hinnuli
1038 2807 1257 2881 jugiter
1283 2806 1679 2876 delectantur,
1701 2807 1808 2880 qui
1833 2806 1931 2864 die

386 2920 456 2961 ac
471 2907 643 2960 nocte
657 2904 720 2960 in
737 2903 866 2976 lege
883 2901 1117 2960 Domini
1139 2899 1515 2972 meditantur,
1533 2903 1591 2957 et
1605 2899 1757 2957 inter
1774 2899 1932 2973 figu-

386 3012 592 3055 rarum
616 2996 825 3056 fruteta
854 2995 1110 3054 veritatis
1145 2994 1383 3052 radium
1408 2994 1642 3052 assidue
1666 3009 1933 3068 perscru-

389 3093 602 3149 tantur.
634 3094 713 3150 De
741 3088 1001 3149 secundo
1022 3092 1080 3145 ²:
1110 3107 1139 3142 α
1165 3087 1505 3146 Delectabar
1529 3103 1638 3162 per
1666 3087 1934 3161 singulos

389 3184 516 3243 dies
551 3185 763 3244 ludens
806 3201 1009 3244 coram
1047 3199 1140 3242 eo.
1161 3203 1190 3238 >>
1223 3182 1414 3242 Verba
1442 3186 1580 3239 sunt
1611 3181 1933 3256 sapientiae,

389 3295 522 3354 quae
570 3278 894 3336 delectatur
941 3276 1316 3353 sapientiales
1371 3275 1639 3350 quotidie
1693 3275 1935 3333 delicias

390 3372 867 3446 contemplativis
891 3372 1193 3430 mentibus
1215 3369 1590 3442 instruendO,
1621 3373 1677 3428 et
1703 3368 1938 3426 videtur

388 3468 594 3525 ludere
634 3483 840 3526 coram
873 3472 1025 3537 Dec,
1067 3465 1142 3523 de
1177 3464 1382 3540 paucis
1409 3463 1715 3539 Scriptura:
1740 3462 1939 3522 verbis

388 3561 784 3619 multiformes
833 3559 1145 3618 sententias
1196 3558 1483 3616 eruendo,
1540 3560 1620 3615 De
1668 3557 1836 3616 tertio
1865 3560 1934 3614 ³:

400 3675 427 3707 a
453 3654 843 3713 Delectabitur
881 3654 1075 3712 infans
1117 3652 1195 3712 ab
1237 3652 1420 3711 ubere
1457 3666 1636 3726 super
1670 3650 1943 3709 toramen

392 3748 644 3823 aspidis,
690 3753 746 3806 et
788 3748 852 3805 in
897 3763 1151 3806 caverna
1195 3745 1422 3819 reguli,
1460 3745 1566 3819 qui
1614 3744 1942 3803 ablactatus

392 3839 583 3914 fuerit,
606 3856 853 3900 manum
865 3857 1037 3899 suam
1055 3841 1259 3898 mittet.
1284 3860 1315 3895 >³
1338 3843 1445 3897 Per
1470 3838 1755 3897 infantem
1772 3837 1942 3896 intel·

392 3933 511 4008 lige
548 3935 874 4008 quemlibet
908 3934 1315 4009 ignorantem3
1361 3950 1470 4009 per
1500 3933 1721 4005 ubera,
1759 3932 1944 3990 verba

394 4031 452 4086 et
479 4029 836 4088 documenta
873 4028 1202 4099 salutifera3
1242 4044 1349 4103 per
1388 4027 1695 4101 regulum,
1731 4042 1942 4101 pecca-

392 4126 519 4180 tum
546 4123 867 4198 superbiae3
898 4139 1006 4197 per
1033 4122 1303 4197 aspidem
1331 4121 1574 4179 surdam
1591 4164 1611 4195 ,
1636 4124 1945 4195 peccatum

392 4216 828 4276 inobedientiae.
872 4217 1067 4276 Infans
1111 4231 1253 4288 ergo
1297 4214 1375 4273 ab
1412 4214 1598 4273 ubere
1638 4229 1817 4288 super
1851 4212 1944 4271 to-

393 4326 600 4368 ramen
645 4310 867 4386 aspidis
913 4315 970 4369 et
1003 4325 1322 4368 cavernam
1367 4308 1559 4380 reguli
1596 4307 1947 4378 delectatur,

395 4419 532 4462 cum
574 4405 889 4478 ignorans,
939 4409 1075 4479 post
1113 4404 1392 4462 haustum
1429 4402 1710 4460 doctrinm
1742 4400 1946 4459 saluti-

392 4498 559 4570 ferae,
616 4498 989 4557 tentamentis
1039 4496 1332 4572 superbiae
1387 4494 1485 4552 vel
1537 4493 1947 4553 inobedientiae

397 4608 521 4651 non
552 4594 853 4666 gravatur.

891 4742 1171 4799 Articulus
1212 4745 1458 4813 quartus.

473 4876 626 4935 sicut
654 4880 716 4935 in
736 4875 979 4935 omnibus
1002 4873 1239 4931 diviciis.
1270 4876 1393 4931 Hoc
1420 4872 1635 4930 dicitur
1664 4875 1952 4945 quantum

405 4972 485 5030 ad
516 4974 816 5030 terrestres
839 4967 1234 5043 tropologias,
1273 4965 1492 5042 quibus
1528 4965 1811 5023 ditissime
1852 4981 1953 5021 cu-

407 5066 668 5124 mulatur
695 5065 912 5123 devota
948 5061 1304 5119 studiositas.
1347 5064 1594 5120 istarum
1620 5058 1845 5117 deliciae
1871 5058 1956 5115 sic

409 5157 736 5232 delectant,
775 5157 928 5215 sicut
967 5170 1176 5215 omnes
1203 5154 1419 5213 divitiae
1447 5172 1462 5210 ε
1495 5152 1777 5210 nimirum
1811 5166 1953 5225 pur-

477 5362 495 5397 ¹
519 5362 687 5426 hom,
717 5371 771 5426 v,
805 5361 885 5413 ¹9.
912 5384 977 5399 —
1004 5358 1024 5389 ²
1051 5356 1218 5418 prov„
1247 5365 1372 5420 vm,
1400 5354 1482 5407 30.
1507 5377 1572 5393 ·-
1601 5353 1620 5384 ⁸
1643 5351 1767 5419 1sa.,
1793 5360 1875 5419 ¹1,
1904 5354 1953 5405 8.

728 5467 881 5516 Tox.
925 5468 1018 5515 ΣΧ.

3442 417 3557 478 337

2017 549 2179 619 gant,
2222 545 2587 617 illuminant,
2627 546 2687 603 et
2735 550 3175 618 consummant,
3226 546 3387 606 velut
3434 548 3563 608 aliae

2018 638 2236 696 divitiae
2276 639 2631 698 multifariae.
2676 639 2839 696 Unde
2883 643 3058 709 nota,
3101 642 3268 714 quod
3302 647 3440 700 sunt
3480 643 3564 700 di·
3592 659 3782 704 nivino.

2017 733 2176 791 vitiae
2214 733 2486 804 fortunae,
2515 733 2745 807 gratiae,
2785 733 3013 807 gloriae.
3044 735 3248 793 Primae
3274 743 3561 812 purgant;

2020 827 2295 884 secundae
2348 826 2729 885 illuminant:
2778 827 2959 884 tertiae
3005 833 3439 886 consummant.
3486 834 3564 888 De

2020 920 2230 995 primis
2248 922 2272 956 ὅ
2292 939 2306 978 :
2330 921 2716 995 «Redemptio
2735 921 2948 979 animae
2972 921 3105 994 viri,
3137 921 3354 982 divitiae
3380 942 3560 983 suae.»

2024 1016 2103 1073 De
2140 1013 2415 1073 secundis
2451 1017 2515 1073 ⁸:
2554 1035 2583 1068 «
2618 1014 2753 1073 Mihi
2798 1013 2996 1073 autem
3038 1016 3305 1074 omnium
3343 1021 3569 1076 sancto-

2023 1123 2161 1166 rum
2195 1107 2445 1167 minimo
2500 1109 2641 1168 data
2680 1112 2765 1167 est
2808 1109 2996 1181 gratia
3028 1109 3154 1168 haec
3193 1110 3258 1167 in
3293 1112 3570 1184 gentibus

2025 1201 2431 1274 evangelizare
2457 1202 2897 1275 investigabiles
2923 1203 3156 1261 divitias
3183 1203 3410 1264 Christi.
3440 1226 3467 1259 »
3494 1210 3569 1263 De

2025 1295 2207 1353 tertiis
2241 1298 2300 1354 ⁶:
2347 1315 2375 1349 <t
2404 1298 2471 1354 Ut
2503 1296 2700 1354 sciatis
2709 1338 2730 1367 ,
2773 1312 2908 1371 quae
2949 1296 3024 1353 sit
3065 1312 3200 1370 spes
3244 1298 3572 1355 vocationis

2027 1389 2186 1462 ejus,
2214 1395 2271 1448 et
2299 1407 2430 1464 quae
2457 1389 2675 1448 divitiae
2698 1389 2900 1463 glorioe
2927 1389 3280 1448 haereditatis
3307 1392 3453 1464 ejus.
3488 1412 3519 1448 w

2675 1552 2931 1617 Epilogus.

2105 1674 2248 1732 Dicit
2295 1689 2437 1747 ergo
2475 1673 2763 1748 Propheta
2810 1675 2873 1731 in
2916 1690 3173 1749 persona
3216 1676 3573 1751 poenitentis,

2029 1770 2284 1827 verbum
2328 1768 2428 1824 Dei
2489 1768 2769 1826 tenaciter
2815 1770 3225 1843 custodientiS,
3273 1777 3331 1830 et
3383 1776 3575 1832 custo-

2032 1862 2256 1921 diendo
2291 1862 2660 1935 respirantis:
2704 1864 2770 1918 In
2806 1866 2926 1929 via,
2963 1868 3253 1937 quantum
3288 1866 3367 1923 ad
3401 1867 3578 1924 artifi-

2033 1957 2223 2015 ciosas
2259 1956 2599 2028 allegorias;
2636 1958 3083 2014 Testimoniorum
3121 1965 3364 2031 tuorum,
3393 1977 3579 2035 quan-

2031 2055 2160 2108 tum
2187 2050 2268 2108 ad
2293 2049 2560 2108 radiosas
2587 2049 2843 2108 theorias
2852 2069 2871 2123 ;
2894 2053 3199 2109 Delectatus
3226 2069 3365 2124 sum,
3396 2071 3579 2128 quan·

2034 2148 2161 2202 tum
2197 2145 2277 2203 ad
2314 2144 2623 2203 deliciosas
2658 2143 3014 2218 anagogias3
3053 2146 3204 2204 Sicut
3239 2152 3300 2205 in
3335 2151 3579 2206 omnibus

2035 2237 2272 2309 divitiis,
2295 2242 2584 2312 quantum
2605 2236 2686 2295 ad
2712 2237 3078 2312 tropologias
3106 2240 3398 2314 copiosas.
3415 2243 3579 2301 Unde

2034 2330 2317 2389 nimirum
2353 2332 2647 2389 custodire
2690 2332 2966 2389 convenit
2998 2332 3100 2390 Dei
3135 2333 3417 2408 verbum,
3459 2341 3581 2394 tan-

2037 2440 2221 2499 quam
2240 2425 2581 2483 thesaurum
2604 2425 3007 2499 artificiosum,
3029 2431 3319 2500 quantum
3348 2428 3428 2486 ad
3452 2444 3582 2487 sen-

2036 2535 2170 2576 sum
2194 2518 2615 2591 allegoricum3
2651 2519 2985 2593 radiosum,
3016 2526 3306 2594 quantum
3341 2521 3420 2580 ad
3455 2539 3588 2581 sen-

2036 2629 2172 2669 sum
2203 2612 2530 2670 theoricum
2545 2633 2563 2685 3
2594 2612 2972 2685 deliciosum,
3015 2619 3305 2688 quantum
3340 2616 3421 2674 ad
3453 2633 3585 2674 sen-

2037 2721 2170 2762 sum
2198 2706 2592 2779 anagogicum
2601 2724 2620 2779 ς
2651 2706 2998 2781 copiosum,
3029 2712 3321 2783 quantum
3349 2709 3429 2769 ad
3449 2727 3584 2768 sen-

2036 2815 2171 2858 sum
2197 2799 2655 2875 tropologicum.

2580 3022 2908 3069 vmcutus
2941 3026 3042 3068 XV.

2114 3183 2182 3238 In
2206 3180 2479 3237 mandatis
2506 3184 2614 3239 tuis
2643 3183 2936 3256 exercebor,
2957 3186 3065 3241 etc.
3088 3184 3246 3243 Sicut
3263 3186 3587 3246 versiculus

2042 3274 2444 3347 praeambulus
2508 3277 2876 3349 congruebat
2941 3279 3402 3353 respirantibuS,
3465 3298 3588 3339 me·

2045 3367 2243 3425 diante
2276 3368 2378 3425 Dei
2417 3369 2625 3438 verbo,
2662 3369 2815 3427 illud
2854 3371 3136 3429 tenaciter
3175 3374 3587 3449 custodiendo,

2045 3462 2129 3517 sic
2158 3464 2215 3517 et
2240 3461 2347 3519 iste
2372 3463 2645 3536 congruit
2672 3464 3129 3539 respirantibus,
3158 3467 3458 3527 mediante
3491 3471 3588 3530 Dei

2047 3555 2255 3630 verbo,
2289 3558 2488 3631 ipsum
2516 3559 2827 3618 efficaciter
2853 3560 3262 3634 adimplendO,
3291 3579 3397 3622 seu
3422 3565 3589 3623 viva-

2048 3651 2192 3709 citer
2219 3653 2548 3728 operando.
2580 3655 2742 3713 Unde
2771 3661 2912 3714 nota
2939 3664 3197 3731 quatuor
3223 3659 3592 3719 conditiones

2046 3745 2112 3803 in
2136 3746 2253 3805 hoc
2280 3748 2571 3808 versiculo
2594 3792 2613 3820 ,
2640 3766 2773 3823 quae
2800 3750 2990 3809 vivaci
3016 3756 3355 3825 congruunt
3381 3771 3591 3829 opera·
3618 3771 3824 3826 operarii

2048 3840 2139 3898 rio
2171 3857 2187 3897 τ
2217 3840 2523 3913 videlicet,
2553 3843 2722 3917 quod
2747 3858 2872 3902 non
2897 3845 2970 3901 sit
2993 3846 3261 3919 tepidus,
3287 3849 3591 3924 torpidus,
3619 3844 3831 3938 02:5⁸}ss

2049 3932 2333 4006 stolidus,
2373 3934 2681 4008 stupidus3
2711 3935 2820 3994 sed
2855 3937 3055 4010 potius
3093 3954 3125 3995 e
3173 3955 3492 4013 converso,
3520 3942 3596 4000 sit
3620 3969 3717 4000 nen.

2050 4026 2264 4085 avidus
2303 4026 2368 4084 in
2408 4027 2651 4099 aflectu,
2689 4028 2922 4087 validus
2949 4029 3013 4087 in
3037 4030 3276 4105 effectu,
3303 4034 3594 4108 providus

2049 4122 2114 4179 in
2139 4126 2489 4196 prospectu,
2516 4122 2782 4182 fervidus
2805 4123 2867 4181 in
2893 4124 3179 4199 profectu.

2552 4283 2835 4341 Articulus
2859 4286 3089 4356 primns.

2124 4406 2386 4465 Primum
2413 4410 2674 4477 notatur,
2703 4424 2842 4466 cum
2868 4408 3044 4466 dicit:
3075 4412 3141 4467 In
3166 4411 3438 4470 mandatis
3466 4418 3619 4477 tuis..

2055 4501 2203 4558 Cum
2243 4500 2403 4558 enim
2428 4502 2742 4574 mandata,
2772 4518 2897 4559 non
2935 4503 3192 4576 monita,
3228 4521 3352 4563 non
3395 4523 3600 4581 preces

2054 4594 2400 4667 praetendit,
2456 4596 2563 4653 sed
2619 4595 2874 4654 ostendit
2928 4597 3074 4671 quid
3118 4598 3402 4670 intendit,
3459 4602 3602 4674 quia

2056 4686 2277 4746 scillcet
2296 4703 2420 4746 non
2439 4688 2659 4763 tepide,
2686 4689 2793 4747 sed
2814 4689 2990 4748 avide
3010 4691 3255 4751 obedire
3279 4694 3596 4752 contendit.

2057 4782 2123 4837 Et
2149 4784 2320 4852 nota,
2350 4781 2518 4856 quod
2546 4782 2750 4840 divina
2788 4783 3066 4842 mandata
3106 4789 3240 4842 sunt
3273 4793 3603 4847 reverenter

2059 4873 2395 4944 audienda,
2433 4875 2774 4933 memoriter
2818 4875 3240 4951 custodienda,
3284 4878 3599 4938 inviolabi-

2059 4965 2191 5025 liter
2219 4967 2628 5042 adimplenda.
2671 4970 2936 5039 Quorum
2975 4972 3236 5045 primum
3274 4977 3498 5047 spectat
3524 4975 3602 5033 ad

2059 5061 2387 5135 potentiam
2414 5063 2913 5135 apprehensivam
2931 5084 2949 5136 3
2989 5066 3344 5139 secundum,
3377 5069 3457 5127 ad
3495 5087 3605 5144 po-

2060 5155 2306 5214 tentiam
2355 5157 2743 5230 retentivam3
2808 5159 3074 5231 tertium,
3139 5160 3221 5218 ad
3282 5164 3605 5236 potentiam

2062 5283 2187 5405 1-13
2214 5283 2381 5345 Pron„
2422 5293 2553 5346 xm,
2579 5285 2628 5333 8.
2666 5309 2728 5322 —
2760 5285 2783 5319 ⁸
2810 5284 3016 5350 Ephes„
3048 5296 3133 5349 111,
3177 5289 3225 5337 8.
3254 5313 3316 5327 --
3350 5291 3369 5320 ⁸
3403 5291 3603 5357 Ephe-r„

2082 5389 2102 5415 ,
2193 5389 2206 5404 .

3211 5452 3290 5513 :⁸22
