4196 6294
794 596 1040 671 liaerere
1064 602 1559 669 consideratione
1603 616 1737 664 suae
1770 597 2114 664 nobilitatis
2135 648 2151 677 ,
2189 616 2335 682 quae

795 712 1210 799 perpenditur
1245 711 1318 775 in
1358 710 1477 775 hoc
1498 759 1514 789 ‚
1550 708 1722 792 quod
1765 706 2093 771 hominem
2130 705 2336 771 reddit

795 821 1075 888 nobilem
1096 823 1161 886 et
1182 818 1560 902 gloriosum,
1589 820 1653 882 et
1673 820 1989 900 quantum
2016 815 2096 879 ad
2124 831 2337 896 aspec-

795 935 961 1009 tum,
990 932 1052 994 et
1085 931 1399 1010 quantum
1432 926 1511 991 ad
1538 925 1833 991 verbum.
1867 922 1945 988 Et
1980 924 2102 987 hoc
2127 922 2335 1005 primo

796 1036 1094 1124 proponit
1108 1034 1453 1118 quaerendo
1467 1053 1485 1114 ;
1498 1031 1724 1097 deinde
1739 1032 2074 1096 confirmat
2083 1046 2338 1112 respon-

797 1144 1004 1211 dendo
1025 1194 1043 1224 ‚
1072 1142 1203 1208 ibi:
1242 1142 1594 1224 Sapientia
1617 1139 1916 1207 hominis.
1949 1137 2109 1202 Dicit
2135 1155 2333 1219 ergo:

804 1252 1146 1332 eutecetis,
1164 1255 1236 1317 ut
1247 1252 1508 1333 sapiens
1527 1252 1618 1315 est
1634 1249 1666 1313 P
1683 1247 1746 1312 id
1762 1251 1878 1326 est,
1909 1247 2054 1330 quis
2067 1246 2156 1310 ita
2170 1263 2339 1328 spec-

801 1360 1011 1427 tabilis
1027 1362 1059 1424 ¹?
1086 1360 1104 1395 ¹
1142 1382 1173 1420 α
1208 1356 1468 1422 Habebo
1495 1357 1757 1439 propter
1794 1354 1961 1418 hanc
1987 1352 2337 1418 claritatem

801 1470 882 1535 ad
905 1468 1149 1547 turbaS‚
1171 1471 1235 1532 et
1250 1466 1562 1531 honorem
1589 1463 1670 1528 ad
1687 1462 1965 1528 seniores
1983 1462 2275 1544 juvenis:
2300 1482 2331 1521 n

799 1577 1083 1660 loquitur
1119 1577 1336 1663 autem
1373 1571 1451 1637 de
1490 1570 1818 1655 sapientia.
1852 1570 2006 1647 Quis
2032 1570 2123 1633 ita
2162 1588 2337 1653 spec-

802 1683 1012 1748 tabilis
1040 1683 1111 1747 in
1139 1682 1335 1747 verbo
1353 1682 1385 1744 ¹?
1426 1678 1604 1745 Unde
1631 1678 1778 1743 dicit
1815 1697 1833 1741 ε
1865 1679 2130 1760 Ecquis
2158 1680 2340 1746 novit

801 1792 1179 1859 solutionem
1228 1788 1405 1855 verbi
1434 1788 1467 1851 ἲ
1530 1787 1754 1871 supple
1775 1835 1794 1867 ,
1857 1786 1980 1850 nisi
2032 1787 2281 1870 sapiens
2308 1788 2341 1850 ¹?

802 1901 826 1936 ⁸
860 1922 892 1959 a
908 1896 1125 1963 Facies
1150 1896 1514 1981 principum
1542 1894 1949 1959 mirabuntur
1966 1912 2068 1959 me
2090 1917 2107 1973 ;
2138 1896 2344 1958 tacen-

803 2012 933 2072 tem
959 2025 1064 2072 me
1089 2004 1463 2089 respicient3
1498 2009 1562 2068 et
1588 2003 2049 2068 sermocinante
2074 2021 2178 2067 me
2202 2002 2344 2086 plu-

803 2133 878 2180 ra
896 2160 918 2192 ,
949 2131 1182 2178 manus
1225 2113 1322 2177 ori
1364 2131 1483 2179 suo
1523 2111 1874 2194 imponent.
1923 2131 1956 2170 n
2010 2109 2344 2193 Proposuit

802 2222 1187 2307 quaerend03
1234 2238 1408 2285 nunc
1461 2219 1797 2283 confirmat
1854 2218 2287 2301 respondendo
2326 2240 2341 2282 ε

807 2331 1141 2413 Sapientia
1171 2329 1451 2395 hominis
1479 2327 1643 2394 lucet
1672 2328 1746 2393 in
1766 2326 1949 2393 vultu
1971 2325 2140 2407 eju33
2172 2326 2345 2390 unde

805 2438 1036 2504 dicitur
1062 2442 1085 2477 ⁸
1117 2454 1135 2500 ε
1165 2459 1197 2497 α
1237 2435 1311 2499 In
1336 2434 1493 2499 facie
1514 2434 1865 2518 prudentiS,
1896 2432 2067 2498 lucet
2091 2434 2342 2516 sapien-

806 2545 944 2611 tia:
985 2568 1015 2605 »
1066 2544 1210 2610 ideo
1244 2543 1660 2627 subjungitur
1699 2547 1723 2583 ⁸
1766 2564 1782 2605 ε
1835 2564 1868 2603 α
1911 2540 2008 2606 Ex
2049 2541 2194 2605 visu
2238 2561 2342 2606 co-

807 2651 1138 2733 gnoscitur
1165 2650 1267 2716 vir
1289 2697 1306 2727 ,
1337 2654 1401 2714 et
1425 2666 1695 2714 occursu
1719 2648 1900 2714 faciei
1941 2650 2347 2730 cognoscitur

809 2762 1117 2824 sensatuS.
1165 2780 1196 2817 1>
1252 2757 1378 2822 Nec
1432 2756 1708 2836 mirum,
1759 2756 1815 2819 si
1861 2759 1956 2820 est
1995 2756 2348 2839 spectabilis

809 2869 1066 2949 aspectu
1083 2912 1102 2941 ‚
1145 2864 1297 2947 quia
1330 2864 1455 2929 hoc
1499 2864 1663 2928 Deus
1697 2862 1882 2941 facit3
1917 2862 2091 2928 unde
2133 2863 2285 2929 dicit
2326 2886 2340 2927 ε

811 2974 894 3043 Et
916 2977 1395 3058 potentissimus
1426 2974 1660 3055 faciem
1693 2972 1874 3040 illius
1915 2972 2341 3040 commutabit.

812 3083 1297 3152 Potentissimus
1346 3082 1463 3147 iste
1506 3080 1672 3146 Deus
1702 3084 1799 3145 est
1823 3081 1846 3117 ⁸
1896 3095 1915 3146 t
1954 3104 1985 3143 α
2028 3080 2194 3145 Deus
2234 3097 2345 3164 po-

810 3196 1014 3259 tentes
1040 3211 1173 3258 non
1198 3191 1440 3275 abiicit,
1471 3209 1620 3255 cum
1644 3190 1783 3273 ipse
1810 3190 1891 3253 sit
1920 3193 2162 3271 potens,
2194 3209 2225 3248 n
2275 3186 2354 3251 Et

813 3306 957 3387 post
986 3309 1009 3344 ⁸
1044 3322 1060 3366 ε
1101 3323 1132 3362 α
1163 3300 1320 3365 Ecce
1358 3298 1524 3363 Deus
1559 3297 1847 3363 excelsus
1873 3297 1942 3361 in
1987 3295 2351 3361 fortitudine

814 3428 963 3490 sua,
995 3410 1058 3473 et
1090 3407 1306 3473 nullus
1333 3407 1392 3471 ei
1418 3405 1643 3470 similis
1679 3405 1748 3469 in
1782 3403 2278 3487 legislatoribus
2310 3423 2343 3463 ι»

815 3518 939 3583 Iste
966 3519 1318 3583 commutat
1341 3515 1564 3579 faciem
1585 3513 1964 3579 exteriorem
1985 3505 2163 3595 prius
2186 3529 2353 3576 com-

816 3624 1125 3691 mutando
1149 3623 1548 3702 interiorem,
1577 3621 1643 3686 id
1669 3623 1790 3699 est,
1823 3620 1902 3684 ad
1929 3637 1997 3683 se
2024 3637 2168 3683 eam
2196 3635 2347 3682 con-

813 3733 1120 3801 vertendo
1161 3754 1178 3796 t
1217 3731 1405 3796 facies
1446 3729 1617 3794 enim
1662 3728 1902 3796 animae,
1930 3730 2025 3793 est
2062 3726 2354 3809 superior

816 3842 1024 3926 portio
1054 3839 1348 3918 rationiS,
1388 3853 1535 3921 quae
1568 3839 1718 3901 nata
1742 3839 1840 3900 est
1873 3834 2088 3900 videre
2127 3833 2349 3899 Deum.

818 3950 997 4015 Hanc
1011 3947 1237 4013 faciem
1259 3948 1613 4012 commutat
1637 3943 1811 4008 solus
1828 3942 1993 4016 Deus
2011 3948 2032 3983 ‘¹
2067 3965 2082 4006 ε
2118 3964 2149 4003 α
2178 3941 2356 4006 Sicut

818 4056 1163 4122 divisiones
1192 4071 1508 4138 aquarum
1530 4100 1548 4130 ,
1578 4052 1668 4116 ita
1713 4068 1823 4114 cor
1860 4050 2035 4131 regis
2059 4049 2127 4112 in
2156 4067 2357 4113 manu

819 4164 1072 4229 Domini
1125 4185 1141 4228 ε
1199 4175 1604 4245 quocumque
1663 4158 1938 4224 voluerit
1956 4207 1974 4238 ‚
2032 4156 2356 4221 inclinabit

819 4271 1001 4336 illud.
1054 4291 1086 4330 ιο
1133 4269 1276 4336 Non
1312 4274 1563 4335 tantum
1597 4271 1692 4333 est
1716 4266 2071 4351 spectabilis
2108 4265 2356 4348 sapiens

818 4385 1136 4468 quantum
1164 4379 1246 4444 ad
1274 4382 1635 4463 aspectum,
1679 4377 1789 4441 sed
1823 4374 2012 4440 etiam
2042 4377 2357 4457 quantum

818 4493 901 4557 ad
927 4491 1203 4557 verbum
1227 4507 1341 4572 per
1357 4487 1754 4571 sapientiam,
1777 4488 1846 4549 in
1873 4486 1972 4566 cuj
1982 4502 2058 4550 us
2087 4501 2360 4567 persona

820 4599 970 4666 dicit
999 4600 1084 4680 (v.
1122 4597 1181 4682 2)
1221 4619 1238 4661 ε
1270 4596 1404 4680 1390
1436 4611 1503 4662 os
1544 4595 1714 4677 reqis
1750 4594 2027 4671 observo,
2063 4591 2213 4657 dicit
2238 4589 2358 4654 Sa-

819 4706 1083 4791 pientia.
1117 4704 1253 4769 Rex
1279 4705 1398 4768 iste
1429 4704 1594 4768 Deus
1619 4706 1714 4767 est
1733 4751 1751 4783 ,
1783 4702 1861 4766 de
1886 4717 2014 4783 quo
2037 4696 2306 4764 dicitur⁸
2342 4714 2358 4758 :

831 4840 863 4878 α
899 4816 1130 4881 Beatus
1167 4817 1232 4879 et
1275 4813 1448 4879 solus
1493 4816 1754 4895 potenS,
1802 4810 1936 4874 Rex
1975 4825 2208 4888 regum
2228 4854 2250 4886 ,
2299 4811 2363 4871 et

823 4923 1132 4988 Dominus
1192 4919 1676 4986 dominantium.
1743 4941 1773 4978 n
1822 4916 1906 4981 Os
1958 4914 2141 4979 istius
2185 4912 2362 4995 regis

824 5029 1022 5096 Filius
1059 5028 1170 5095 Dei
1213 5034 1336 5109 est,
1380 5047 1495 5112 per
1525 5045 1720 5110 quem
1758 5024 1939 5090 vobis
1961 5021 2250 5106 loquitur
2283 5020 2305 5056 ⁹
2340 5043 2354 5084 ε

833 5158 865 5198 α
892 5135 1251 5204 Novissime
1291 5135 1516 5201 diebus
1554 5133 1692 5199 istis
1740 5133 1988 5198 locutus
2043 5133 2140 5193 est
2178 5127 2363 5193 nobis

737 5301 740 5308 .
893 5263 909 5296 ¹
936 5263 1079 5326 sap„
1107 5273 1230 5325 vm,
1263 5265 1340 5311 to.
1367 5288 1430 5298 —
1457 5261 1475 5292 ²
1506 5259 1656 5326 1bid.,
1688 5261 1763 5308 12.
1792 5284 1845 5295 -
1882 5258 1905 5293 ⁸
1931 5260 2095 5316 Prov„
2124 5266 2255 5315 xvn,
2283 5257 2361 5304 24.

825 5360 889 5373 -
915 5331 939 5368 ⁸
963 5334 1144 5396 Bccli„
1187 5345 1308 5394 111,
1343 5335 1421 5385 26.
1461 5345 1522 5372 -·—
1557 5334 1580 5370 ⁸
1609 5330 1722 5391 Job,
1756 5341 1950 5394 xxxv1,
1982 5332 2031 5378 5.
2066 5355 2121 5365 -
2157 5326 2180 5361 ⁸
2210 5325 2362 5385 lbid.,

827 5409 908 5457 22.
935 5417 998 5444 -·-
1025 5407 1043 5438 ²
1069 5406 1237 5469 Pron..
1269 5417 1376 5467 ιιι,
1406 5410 1451 5456 1.
1479 5419 1541 5443 -·-
1573 5405 1640 5453 ⁸1
1675 5404 1817 5465 Tim„
1847 5413 1916 5466 vr,
1949 5403 2024 5451 15.
2054 5426 2118 5437 —
2145 5400 2163 5428 ⁹
2193 5395 2361 5456 Hebr„

829 5482 933 5543 121·
964 5501 1025 5515 ¹-·
1054 5478 1098 5514 ¹·
1124 5476 1257 5544 Luco,
1286 5488 1359 5541 ¹1,
1387 5479 1466 5527 28·
1497 5503 1550 5513 -·
1588 5478 1620 5507 ¹⁸
1651 5476 1817 5538 Denta,
1842 5485 1915 5538 VI,
1940 5473 1984 5525 3ο
2003 5497 2065 5509 “·“·
2094 5471 2138 5507 ’⁸
2164 5468 2364 5528 Mousti)

1808 459 2223 528 Exposl'rlo
2267 448 2349 527 IN
2390 450 2990 533 ECCLESIASTEN.

2441 599 2510 662 in
2550 598 2727 665 Filio.
2783 624 2815 661 ι»
2865 602 2948 668 Os
2990 602 3193 685 igitur
3241 603 3414 686 regis
3461 604 3809 685 observare,
3848 614 3922 673 est

2442 707 2713 772 verbum
2731 707 2870 773 Filii
2889 709 3000 774 Dei
3013 710 3351 793 diligenter
3365 711 3749 776 intendere.¹⁰
3770 713 3918 779 «Bea-

2443 813 2523 891 ti,
2565 814 2676 896 qui
2721 816 2990 881 audiunt
3027 818 3299 883 verbum
3334 818 3486 897 Dei,
3529 823 3590 883 et
3619 821 3919 887 custodiunt

2444 920 2623 985 illud.
2669 943 2699 980 n
2739 920 3057 1006 Sapientia
3082 925 3287 1007 igitur
3311 925 3460 990 dicit
3494 949 3511 990 t
3543 926 3672 1009 1390
3701 927 3916 1009 observo,

2444 1034 2507 1093 et
2533 1030 2874 1096 observare
2902 1031 3088 1109 facio,
3113 1035 3304 1114 juxta
3330 1033 3489 1097 illud
3515 1033 3597 1096 ¹¹:
3632 1034 3918 1116 «observa,

2445 1140 2519 1200 ut
2539 1137 2730 1201 facias
2758 1157 2903 1221 quae
2930 1140 3231 1223 praecepit
3249 1141 3364 1204 tibi
3381 1140 3705 1220 Dominus,
3734 1144 3922 1209 etbene

2445 1245 2528 1307 sit
2560 1245 2698 1309 tibi.
2743 1267 2773 1306 υ
2818 1246 2897 1311 Et
2934 1248 3231 1330 explanat
3269 1250 3338 1313 in
3377 1250 3614 1333 quibus
3656 1252 3920 1331 observat,

2446 1352 2601 1435 quia
2624 1353 2692 1416 in
2714 1354 3063 1433 mandatis;
3084 1356 3227 1421 ideo
3252 1358 3437 1422 dicit:
3461 1360 3546 1425 Et
3560 1361 3924 1442 praeceptajrt·

2447 1452 2727 1530 ramenti
2763 1465 2917 1544 Dei,
2956 1484 3103 1547 quae
3132 1466 3365 1531 scilicet
3406 1486 3492 1532 ex
3532 1486 3639 1533 ore
3670 1472 3794 1551 ejus
3814 1487 3927 1553 pro-

2448 1571 2699 1634 cedunt.
2732 1574 2821 1638 Et
2850 1572 3142 1653 observo,
3170 1574 3415 1658 supple,
3453 1583 3760 1660 praecepta
3778 1576 3927 1657 jura-

2449 1681 2653 1746 menti
2690 1680 2808 1746 Dei
2840 1702 2854 1745 z
2894 1686 3211 1763 praecepta
3249 1685 3604 1766 juramenti
3653 1685 3924 1763 dicuntur,

2449 1788 2601 1870 quia
2646 1788 2836 1852 firma
2874 1793 2938 1852 et
2970 1788 3365 1855 inviolabilia
3406 1793 3455 1828 ¹⁸
3507 1815 3522 1856 t
3583 1816 3614 1853 a
3647 1791 3852 1857 Coelum
3883 1796 3928 1854 et

2451 1897 2619 1957 terra
2670 1895 3070 1975 transibunt,
3128 1897 3325 1961 verba
3381 1903 3602 1963 autem
3662 1916 3787 1963 mea
3834 1916 3927 1962 non

2450 2002 2886 2085 praeteribunt.
2919 2023 2951 2062 n
2977 2002 3091 2068 Vel
3117 2003 3258 2068 ideo
3283 2010 3602 2090 praecepta
3619 2006 3924 2088 juramenti,

2449 2110 2603 2192 quia
2645 2128 2794 2174 cum
2841 2114 3022 2191 pacto
3065 2114 3128 2175 et
3161 2113 3589 2195 jurejurando
3635 2114 3765 2178 data
3797 2123 3925 2176 sum.

2452 2217 2698 2301 Moyses
2747 2219 3135 2301 sanguinem
3184 2226 3520 2303 sumptum
3582 2221 3845 2305 respersit
3882 2220 3929 2282 in

2454 2325 2785 2408 populum,
2817 2326 3034 2392 dicens
3061 2327 3149 2391 ¹⁸:
3183 2351 3214 2389 α
3243 2328 3366 2392 Iste
3394 2333 3494 2393 est
3517 2328 3763 2412 sanguis
3785 2326 3928 2392 soede·

2452 2431 2540 2496 ris
2567 2432 2816 2497 Domini
2844 2452 3035 2517 super
3064 2437 3309 2501 cunctis
3336 2438 3735 2503 sermonibus
3758 2438 3923 2500 istis.»

2536 2542 2592 2603 3.
2643 2539 2734 2607 Ne
2767 2541 3051 2620 festine&
3100 2544 3215 2608 Hic
3259 2545 3541 2611 secundo
3565 2547 3829 2611 hortatur
3849 2543 3929 2608 ad-

2455 2646 2702 2711 haerere
2727 2648 3071 2731 sapientiae,
3109 2652 3611 2719 consideratione
3637 2673 3759 2719 suae
3784 2655 3931 2737 potas

2456 2753 2621 2831 tatis,
2653 2773 2802 2820 cum
2831 2755 3011 2821 dicit:
3049 2759 3139 2825 Ne
3163 2760 3427 2840 festines
3446 2761 3727 2829 recedere
3749 2779 3786 2828 a
3809 2762 3929 2841 facie

2457 2860 2631 2942 ejus,
2674 2862 2738 2926 id
2784 2867 2909 2942 est,
2950 2865 3081 2928 noli
3118 2866 3432 2932 declinare
3469 2870 3554 2933 ab
3593 2872 3725 2951 ejus
3756 2868 3935 2933 volun·

2458 2972 2587 3034 tate
2608 2991 2625 3048 ;
2663 2974 2725 3034 et
2758 2969 2879 3035 hoc
2904 2976 3162 3054 propter
3190 2979 3525 3056 peccatum
3547 2977 3741 3042 cordis
3760 3026 3774 3055 ,
3800 2974 3934 3057 quasi

2458 3078 2523 3138 te
2544 3075 2892 3141 abscondas
2918 3078 2998 3142 ab
3022 3097 3119 3144 eo.
3146 3080 3234 3145 De
3251 3082 3373 3146 hoc
3398 3101 3654 3150 recessu
3667 3080 3932 3149 diciturst:

2469 3206 2499 3246 a
2516 3184 2861 3269 Dereliquit
2884 3186 3085 3252 Deum
3103 3191 3405 3256 factorem
3432 3211 3651 3274 suum,
3672 3196 3730 3257 et
3744 3189 3937 3256 recessit

2460 3310 2499 3355 a
2525 3292 2652 3356 Deo
2688 3293 2950 3358 salutari
2985 3314 3125 3362 suo.
3158 3320 3188 3357 n
3236 3298 3328 3366 Ne
3356 3300 3618 3380 festines
3654 3297 3887 3367 recedere
3907 3310 3937 3360 a

2459 3399 2626 3479 facie
2646 3399 2805 3481 ejice,
2819 3401 3038 3466 volens
3057 3404 3251 3470 latere
3269 3407 3338 3470 in
3357 3409 3557 3475 malo.
3580 3409 3713 3474 Non
3728 3407 3867 3472 dicas
3879 3405 3937 3463 ¹⁸:

2471 3528 2501 3566 α
2519 3506 2576 3569 Α
2600 3508 2727 3572 Deo
2753 3509 3125 3590 abscondar,
3148 3518 3211 3578 et
3236 3533 3318 3578 ex
3346 3533 3605 3582 summo
3630 3516 3761 3601 quis
3783 3510 3941 3597 operis

2463 3615 2593 3678 mei
2622 3619 3134 3684 memorabitur?
3161 3642 3192 3681 n
3245 3622 3422 3688 Sicut
3468 3624 3649 3706 Cain,
3693 3622 3793 3707 qui
3825 3617 3943 3684 dixit

2463 3722 2733 3789 Domino
2751 3725 2796 3760 ¹⁶
2831 3747 2846 3789 t
2881 3749 2911 3786 c<
2931 3726 3089 3792 Ecce
3108 3731 3283 3813 ejicis
3303 3749 3407 3796 me
3429 3733 3621 3799 hodie
3645 3752 3681 3797 a
3698 3731 3831 3797 facie
3846 3731 3943 3802 tua,

2464 3835 2578 3895 eta
2592 3832 2748 3896 facie
2767 3837 2877 3898 tua
2895 3835 3262 3903 abscondar.
3284 3860 3315 3898 n
3332 3838 3410 3904 Et
3424 3841 3478 3904 si
3499 3843 3811 3922 contingat
3826 3851 3947 3900 rece-

2463 3938 2643 4019 dere,
2674 3941 2804 4004 noli
2833 3960 3205 4024 permanere
3241 3947 3313 4009 in
3339 3947 3549 4029 malo;
3590 3950 3725 4013 ideo
3747 3943 3946 4011 subdit:

2464 4046 2676 4129 Neque
2700 4064 3076 4130 permaneas
3109 4053 3183 4118 in
3207 4068 3385 4136 opere
3414 4057 3606 4123 malo.
3636 4057 3683 4098 ¹⁷
3717 4078 3746 4116 a
3768 4052 3950 4118 Netar-

2466 4155 2578 4220 des
2595 4157 2880 4221 converti
2902 4157 2982 4222 ad
3000 4159 3227 4240 Deum,
3250 4165 3314 4226 et
3333 4181 3415 4227 ne
3437 4163 3689 4228 differas
3710 4163 3780 4227 de
3799 4159 3882 4224 die
3900 4157 3951 4219 in

2467 4264 2657 4329 diem.
2674 4289 2705 4326 ι)
2729 4269 2806 4330 Et
2821 4268 2983 4331 ratio
3004 4268 3117 4352 huj
3127 4289 3202 4334 us
3230 4275 3325 4336 est
3341 4273 3746 4339 consideratio
3762 4268 3950 4334 divinae

2463 4373 2807 4453 potestatiS,
2838 4375 2989 4456 quia
3006 4375 3154 4439 facit
3180 4378 3647 4462 omnipotenter
3672 4380 3754 4460 (a)
3779 4398 3792 4440 :
3826 4371 3953 4450 Quia

2469 4495 2648 4546 omne
2669 4530 2690 4560 ,
2735 4480 2907 4563 quod
2940 4483 3250 4564 voluerit,
3280 4487 3498 4566 faciet.
3531 4488 3575 4525 ¹⁸
3608 4507 3638 4547 ιι
3671 4480 3952 4549 Consilium

2470 4606 2690 4652 meum
2733 4588 2942 4669 stabit,
2981 4595 3045 4653 et
3071 4591 3275 4655 omnis
3311 4593 3607 4657 voluntas
3641 4609 3773 4656 mea
3793 4589 3900 4651 fiet.
3928 4603 3949 4638 n

2470 4694 2644 4759 Facit
2686 4696 2877 4759 etiam
2924 4695 3228 4776 faciliter3
3271 4698 3413 4764 ideo
3451 4700 3601 4765 dicit
3636 4703 3718 4778 (v.
3760 4697 3809 4776 Δ)
3840 4716 3852 4756 :
3888 4689 3952 4754 Et

2471 4818 2676 4870 sermo
2721 4802 2898 4867 illius
2936 4808 3246 4884 potestate
3283 4806 3515 4888 plenus
3560 4811 3669 4873 est.
3714 4805 3754 4841 ¹·
3795 4823 3823 4860 α
3850 4797 3952 4861 Vox

2474 4909 2723 4975 Domini
2743 4910 2812 4973 in
2828 4910 3068 4974 virtute
3092 4932 3106 4973 ι
3137 4931 3263 4977 vox
3282 4912 3533 4978 Domini
3558 4901 3952 4991 confringentis

2474 5017 2712 5083 cede.
2744 5038 2775 5076 ι)
2807 5016 2947 5082 Et’0
2986 5040 3002 5081 z
3043 5041 3075 5079 α
3099 5018 3237 5084 Non
3265 5020 3385 5083 erit
3404 5020 3520 5085 tibi
3547 5018 3782 5085 difficile
3803 5025 3951 5079 omne

2475 5124 2777 5204 verbum,
2816 5124 2930 5206 qui
2973 5126 3129 5189 facis
3171 5126 3665 5193 misericordiam
3696 5127 3759 5189 in
3796 5115 3954 5186 milli-

2476 5263 2621 5313 xxxv,
2646 5252 2725 5300 35.
2755 5276 2818 5287 —
2849 5249 2891 5285 ¹⁸
2912 5250 3096 5312 amad„
3120 5259 3265 5316 xxw,
3297 5253 3344 5303 8.
3380 5269 3441 5292 a
3469 5253 3504 5287 ¹⁴
3536 5255 3693 5315 Dent„
3724 5258 3870 5308 xxxa,
3892 5244 3949 5292 13-

2475 5351 2536 5362 -
2575 5323 2613 5357 ¹⁸
2638 5320 2815 5385 Eccli.,
2844 5333 2959 5381 xvr,
3005 5326 3081 5373 16.
3117 5349 3181 5361 -
3211 5325 3250 5358 ¹⁸
3285 5324 3425 5384 Gen„
3466 5338 3537 5385 ιγ,
3569 5327 3641 5375 14,
3666 5350 3724 5362 -
3752 5322 3787 5357 ¹⁷
3811 5312 3952 5372 Exti„

2478 5408 2526 5457 v,
2557 5397 2603 5445 8.
2634 5418 2697 5429 --
2730 5392 2770 5427 ¹⁸
2799 5393 2915 5455 Iso„
2948 5405 3096 5458 nm,
3130 5399 3204 5446 ⁴0.
3233 5415 3296 5434 -—·-
3329 5398 3372 5434 ¹²
3396 5398 3534 5448 Pmt.
3562 5408 3746 5458 xxvm,
3777 5395 3822 5453 ⁴,
3845 5391 3884 5437 5.
3906 5406 3953 5420 -

2476 5467 2521 5502 ¹⁰
2538 5465 2737 5528 Jerem„
2759 5476 2860 5516 xxx
2870 5476 2924 5529 ιι,
2941 5467 3085 5522 17³-
3110 5468 3173 5531 (a)
3195 5465 3426 5519 Portam
3445 5467 3538 5534 leq.
3558 5467 3722 5520 omnia
3741 5461 3948 5530 potenter·
