4196 6294
748 494 866 555 514

745 621 932 683 oculis
969 623 1229 699 pietatis,
1258 639 1287 676 α
1305 621 1594 697 quoniam
1618 618 1771 678 facta
1797 636 1932 676 sum
1961 619 2179 677 vilis.»
2220 623 2285 679 Et

744 724 885 777 nota
896 762 914 791 ,
949 717 1117 793 quod
1152 715 1413 792 postulat
1460 713 1748 788 Propheta
1789 713 2155 772 dominicam
2200 714 2287 771 vi·

743 814 973 871 sionem
988 814 1231 886 propter
1247 809 1537 884 triplicem
1552 808 1879 866 rationem:
1896 812 2141 883 propter
2155 808 2286 866 vin-

745 905 1203 975 demiationem‚
1246 901 1651 971 afflictionem,
1697 906 1753 959 et
1790 902 2224 960 desolationem
2265 921 2280 958 ε

743 1015 1001 1073 quorum
1013 1000 1275 1072 primum
1288 997 1537 1071 pertinet
1548 996 1627 1053 ad
1639 996 1868 1053 bonum
1885 996 2151 1053 ablatum
2162 1017 2180 1068 3
2199 1012 2283 1053 se-

743 1092 1041 1164 cundum,
1070 1093 1149 1150 ad
1175 1091 1400 1149 malum
1427 1091 1691 1173 illatum,
1725 1090 1981 1160 tertium,
2014 1090 2094 1146 ad
2124 1090 2282 1147 exilii

738 1187 1081 1245 incolatum.
1110 1189 1187 1244 De
1213 1185 1408 1259 primo
1434 1204 1448 1241 ε
1481 1205 1509 1237 α
1529 1183 1694 1254 Vide,
1708 1184 1973 1254 Domine,
2004 1186 2061 1240 et
2086 1183 2282 1241 consi-

739 1280 905 1353 dera,
962 1301 989 1335 ιι
1046 1297 1227 1354 quem
1267 1279 1723 1337 vindemiaveris
1777 1279 1859 1335 ita
1898 1296 1910 1334 ι
1948 1294 2081 1335 ecce
2130 1277 2280 1334 visio

736 1375 1233 1433 vindemiationiS.
1265 1377 1341 1432 De
1369 1372 1634 1431 secundo
1665 1373 1683 1406 ¹
1716 1392 1730 1429 ε
1760 1392 1786 1425 α
1814 1371 1978 1445 Vide,
2011 1370 2280 1442 Domine,

735 1467 1113 1526 afflictionem
1148 1485 1362 1539 meam,
1390 1468 1678 1542 quoniam
1706 1470 1931 1524 erectus
1967 1470 2051 1524 est
2081 1466 2278 1523 inimi-

736 1579 837 1620 cus
880 1583 897 1618 ε
951 1585 981 1618 ιι
1040 1580 1173 1621 ecce
1235 1563 1387 1620 visio
1441 1561 1794 1620 afflictionis
1847 1564 1922 1618 De
1971 1560 2139 1618 tertio
2186 1563 2208 1595 ¹
2260 1578 2275 1617 ε

740 1676 769 1710 «
794 1657 966 1732 Aperi
995 1656 1202 1715 oculos
1238 1661 1405 1728 tuos,
1434 1659 1490 1713 et
1516 1655 1651 1713 vide
1686 1653 2115 1714 desolationem
2142 1670 2279 1711 nos-

733 1754 922 1809 tram:
951 1773 980 1807 »
1016 1767 1151 1809 ecce
1179 1750 1329 1808 visio
1358 1749 1762 1808 desolationis,

1201 1910 1486 1967 Articulus
1516 1907 1798 1966 secundus.

802 2036 1136 2096 Secundum
1183 2034 1508 2108 promitur,
1557 2049 1692 2090 cum
1745 2032 2146 2106 proponitur:
2203 2034 2274 2088 Ει

730 2135 879 2204 eripe
921 2147 1020 2187 mc.
1060 2127 1320 2187 Liberari
1367 2127 1662 2185 desiderat
1708 2142 1744 2184 a
1795 2125 2042 2197 vilitate,
2091 2140 2274 2199 quam

729 2225 964 2295 tolerat,
1007 2226 1064 2282 et
1103 2223 1403 2281 munerari
1439 2221 1780 2292 nobilitate,
1827 2236 2009 2294 quam
2055 2221 2270 2293 sperat.

726 2320 956 2377 Tolerat
992 2317 1164 2376 enim
1211 2316 1620 2391 impotentiam
1665 2330 1790 2372 non
1839 2312 2165 2388 peccandi,
2220 2317 2276 2370 et

726 2419 921 2490 sperat
948 2430 1071 2472 non
1090 2417 1318 2471 tantum
1342 2413 1669 2487 potentiam
1693 2427 1816 2469 non
1834 2409 2143 2485 peccandi,
2167 2407 2273 2466 sed

725 2510 1135 2586 impotentiam
1196 2509 1507 2585 peccandi.
1585 2512 1718 2566 Hoec
1782 2512 1868 2566 est
1927 2505 2273 2582 impotentia

725 2605 978 2677 nobilis,
1006 2606 1151 2680 quia
1176 2621 1299 2662 non
1343 2603 1697 2662 infirmitatis
1738 2602 1974 2675 signum
2015 2605 2101 2659 est
2117 2644 2139 2673 ,
2166 2600 2272 2658 sed

728 2698 984 2767 virtutis3
1018 2699 1168 2755 sicut
1208 2698 1314 2756 illa
1353 2697 1701 2773 impotentia
1740 2695 1930 2753 existit
1964 2694 2268 2768 ignobiliS,

727 2793 1014 2867 quoniam
1049 2792 1399 2850 infirmitatis
1442 2793 1678 2864 signum
1707 2795 1826 2862 est,
1856 2805 1979 2847 non
2017 2788 2263 2846 virtutis.

727 2890 792 2943 Et
820 2891 959 2943 nota
981 2928 999 2957 ,
1029 2886 1197 2960 quod
1234 2885 1380 2960 eripi
1416 2889 1690 2960 precatur
1725 2884 2016 2957 Propheta
2051 2883 2130 2940 ab
2156 2882 2271 2940 hac

724 2979 975 3052 ignobili
1026 2979 1372 3054 impotentia
1422 2978 1634 3053 triplici
1691 2978 1766 3036 de
1820 2994 2067 3047 causa:
2129 2976 2271 3050 quia

726 3077 975 3132 tentatur
994 3094 1011 3145 ;
1055 3075 1197 3149 quia
1221 3074 1536 3132 tribulatur
1548 3093 1566 3145 3
1600 3073 1742 3147 quia
1788 3071 2053 3147 quodam
2081 3069 2267 3128 modo

728 3168 1046 3227 devoratur
1100 3185 1208 3243 per
1256 3168 1453 3241 illam,
1512 3166 1947 3226 considerando
1959 3208 1980 3237 ‚
2031 3165 2268 3223 deside·

726 3263 917 3321 rando
937 3306 956 3334 ,
1013 3262 1319 3337 operando
1380 3262 1788 3337 operationem
1842 3260 2127 3317 illicitam.
2190 3262 2266 3315 De

725 3358 920 3430 primo
953 3372 1062 3430 per
1090 3356 1454 3414 Psalmistam
1482 3356 1695 3414 dicitur
1721 3358 1743 3391 ⁸
1781 3375 1793 3409 :
1835 3375 1862 3408 ε(
1888 3354 2180 3425 Quoniam
2204 3352 2268 3409 in

726 3456 780 3509 te
809 3450 1026 3524 eripiar
1059 3466 1096 3507 a
1135 3450 1451 3508 tentatione
1481 3468 1496 3506 ε
1526 3470 1556 3504 ιι
1605 3467 1739 3508 ecce
1767 3448 1988 3523 ereptio
2019 3465 2053 3506 a
2080 3449 2266 3504 tenta-

726 3545 882 3603 tione
911 3544 1345 3603 considerandi.
1376 3546 1454 3601 De
1483 3544 1745 3601 secundo
1772 3559 1878 3618 per
1914 3543 2264 3616 Prophetam

723 3639 992 3713 psallitur
1018 3636 1085 3694 *ε
1144 3658 1172 3690 α
1215 3638 1511 3706 Quoniam
1557 3655 1631 3695 ex
1679 3637 1844 3695 omni
1887 3636 2264 3693 tribulatione

719 3734 979 3809 eripuisti
1030 3749 1126 3790 me
1187 3753 1200 3787 ε
1244 3754 1272 3786 ιι
1327 3749 1460 3790 ecce
1518 3733 1741 3807 ereptio
1795 3747 1830 3788 a
1883 3731 2266 3788 tribulatione

718 3827 1114 3886 desiderandi.
1164 3830 1238 3885 De
1279 3827 1448 3884 tertio
1499 3827 1802 3897 scribitur,
1844 3825 2011 3899 quod
2047 3823 2265 3882 Tobias

710 3922 911 3993 ,iunior
935 3921 1083 3978 dixit
1109 3921 1184 3978 de
1212 3920 1434 3994 Angelo
1462 3921 1486 3958 ⁵
1530 3938 1543 3978 :
1583 3942 1610 3972 «
1636 3920 1920 3994 Meipsum
1948 3935 1983 3976 a
2011 3918 2263 3975 devora-

717 4015 873 4072 tione
917 4014 1093 4090 piscis
1126 4015 1359 4089 eripuit.
1403 4035 1433 4069 ιι
1478 4017 1583 4071 Per
1625 4014 1953 4071 maximum
1998 4012 2260 4086 piscem,

715 4108 1033 4166 animalem
1086 4108 1467 4179 intelligimus
1533 4107 1874 4181 passionem
1891 4147 1910 4177 ,
1969 4121 2104 4179 qnoe
2151 4104 2263 4161 nisi

713 4201 1082 4276 praefocetur,
1109 4202 1381 4259 interficit
1408 4204 1787 4275 operantem3
1815 4200 1863 4256 si
1888 4198 2257 4273 praefocetur,

714 4296 898 4353 reficit
917 4296 1334 4370 proefocantem
1358 4314 1372 4354 ε
1397 4312 1530 4354 ecce
1561 4295 1781 4368 ereptio
1809 4310 1846 4352 a
1874 4293 2259 4351 devoratione

713 4390 1022 4464 operandi.

1226 4464 1505 4521 Articuluc
1533 4464 1745 4519 tertius.

784 4580 1037 4638 Tertium
1073 4579 1450 4654 propalatur,
1492 4595 1630 4637 cum
1656 4577 2082 4652 pronunciatur
2123 4595 2137 4635 ε
2180 4580 2256 4636 Ec

712 4675 877 4746 leqem
902 4678 1068 4732 tuam.
1082 4675 1293 4746 Legem
1312 4673 1514 4747 utique
1533 4673 1666 4731 vitoe
1695 4677 1752 4749 et
1770 4672 2111 4746 disciplinae,
2138 4689 2257 4746 qua

711 4771 916 4845 utique
943 4787 1040 4828 me
1067 4769 1210 4827 facis
1238 4771 1541 4827 moraliter
1571 4769 1790 4841 vivere,
1820 4773 1943 4826 tam
1969 4768 2254 4835 interiori,

710 4878 892 4938 quam
926 4864 1198 4922 exteriori
1227 4865 1490 4921 homine.
1536 4860 1601 4921 Et
1629 4867 1772 4921 nota
1811 4863 1885 4920 de
1929 4862 2058 4936 lege
2105 4860 2251 4919 vivi-

707 4958 850 5027 fica,
890 4960 1057 5033 quod
1094 4958 1428 5016 invenimus
1464 4958 1658 5031 legem
1699 4957 1833 5014 vitae
1860 4957 2149 5031 triplicem
2187 4954 2253 5012 in

706 5052 1034 5126 Scriptura;
1074 5053 1295 5111 scilicet
1332 5053 1526 5124 legem
1563 5053 1696 5109 vitoe
1734 5050 2024 5109 interioris
2043 5092 2062 5122 ,
2093 5052 2254 5107 exte-

704 5148 897 5219 rioriS,
933 5153 990 5206 et
1023 5149 1361 5224 superioris,
1400 5147 1594 5205 Prima
1631 5147 1726 5204 lex
1760 5146 2067 5204 hominem
2098 5145 2248 5202 inte·

700 5240 921 5299 riorem
973 5241 1216 5309 liberat;
1272 5240 1535 5301 secunda
1585 5240 1684 5298 lex
1741 5240 1818 5299 ab
1871 5240 2134 5297 interiori
2185 5239 2247 5295 in

763 5369 778 5401 ¹
812 5365 1008 5425 Thi-en„
1037 5380 1079 5427 1.
1104 5372 1153 5417 9.
1180 5393 1243 5404 -
1273 5368 1292 5398 ²
1319 5368 1466 5430 Dan„
1495 5378 1564 5428 ix,
1596 5369 1671 5416 18.
1706 5391 1759 5401 —-
1788 5365 1812 5400 ⁸
1838 5365 1974 5415 Psal.
2004 5377 2135 5425 xvir,
2165 5367 2243 5415 30.

697 5462 756 5475 -
779 5440 801 5474 δ
829 5438 963 5488 Ptol.
995 5451 1111 5502 ιειι,
1140 5444 1187 5487 9.
1216 5464 1278 5477 -
1304 5440 1327 5475 ⁸
1356 5439 1487 5497 Tota„
1521 5450 1615 5500 xii,
1648 5441 1695 5487 3.
1720 5462 1783 5473 —
1808 5440 1826 5467 ⁶
1852 5439 2004 5495 Rom„
2038 5449 2161 5498 viu,
2193 5442 2240 5485 2.

1793 479 2202 552 EXPOSITIO
2246 483 2327 551 IN
2371 488 2896 558 PSALTERIUM.

2394 626 2741 685 exteriorem
2770 628 3085 701 exuberat3
3130 630 3295 688 tertia
3340 629 3437 687 lex
3482 631 3787 691 hominem
3811 637 3923 692 tam
3947 645 4095 688 navia

2392 717 2763 792 interiorem,
2822 738 3005 795 quam
3053 723 3403 788 exteriorem
3448 732 3798 785 remunerat.
3852 730 3922 786 De
3946 708 4074 762 ‘³⁹¹²

2391 810 2584 884 prima
2622 814 2895 872 scribitur
2932 817 3011 873 ab
3048 817 3328 891 Apostolo
3365 819 3386 853 ⁶
3429 838 3444 876 ε
3488 839 3518 874 α
3548 822 3661 878 Lex
3700 821 3923 896 spiritus

2392 905 2524 963 vitae
2550 906 2612 964 in
2640 910 2883 968 Cnmsro
2911 914 3036 969 Jnsu
3065 910 3339 969 liberavit
3371 929 3466 970 me
3495 930 3533 971 a
3559 912 3689 988 lege
3712 918 3923 989 peccati

2393 1003 2450 1058 et
2475 1003 2680 1059 mortis
2709 1023 2723 1060 ε
2756 1024 2785 1058 ιι
2821 1021 2952 1062 ecce
2983 1005 3080 1062 lex
3107 1007 3241 1063 vitas
3279 1006 3572 1065 interioris
3600 997 3923 1068 interiorem

2390 1094 2696 1152 hominem
2720 1097 3044 1155 liberantis.
3072 1100 3149 1156 De
3167 1101 3430 1158 secunda
3448 1100 3663 1173 legitur
3682 1105 3703 1139 '¹
3730 1122 3744 1159 ε
3775 1124 3800 1156 α
3821 1107 3923 1162 Lex

2391 1189 2668 1262 sapientis
2695 1191 2829 1248 fons
2857 1191 3011 1260 vitae,
3034 1197 3098 1251 ut
3117 1192 3371 1251 declinet
3394 1211 3430 1251 a
3451 1194 3625 1254 ruina
3647 1198 3847 1254 mortis
3857 1217 3875 1267 ;
3894 1219 3919 1250 ι

2391 1282 2532 1355 quia
2558 1283 2674 1356 lex,
2706 1302 2826 1358 qua
2853 1286 3149 1359 sapienter
3175 1288 3319 1345 vivit
3336 1288 3521 1346 homo
3559 1288 3819 1363 interior,
3849 1299 3924 1348 est

2388 1375 2521 1434 fons
2564 1378 2722 1436 foras
2770 1381 3101 1438 exuberans
3141 1387 3411 1456 respectu
3456 1383 3623 1453 vitae,
3671 1401 3791 1457 qua
3832 1384 3925 1440 de-

2392 1474 2588 1529 center
2629 1472 2774 1529 vivit
2811 1474 2994 1532 homo
3035 1476 3315 1547 exterior,
3347 1481 3636 1550 quatenus
3673 1479 3750 1535 ab
3779 1482 3921 1536 exte·

2391 1562 2532 1621 riori
2550 1565 2794 1624 homine
2814 1568 2965 1624 nulli
2989 1567 3161 1626 detur
3186 1570 3420 1628 occasio
3439 1571 3707 1629 mortalis
3723 1572 3922 1628 ruinae:

2393 1673 2526 1715 ecce
2562 1659 2661 1716 lex
2688 1660 2820 1718 vitae
2850 1662 3154 1719 exterioris
3185 1663 3263 1720 ab
3305 1663 3546 1722 homine
3584 1664 3847 1722 interiori
3870 1666 3925 1722 in

2387 1752 2738 1811 exteriorem
2784 1756 3177 1814 exuberantis.
3239 1759 3316 1814 De
3365 1758 3536 1815 tertia
3592 1758 3807 1817 dicitur
3846 1761 3867 1795 ⁸
3909 1781 3922 1817 ε

2392 1863 2422 1900 ι(
2450 1849 2601 1904 Deus
2647 1848 2865 1906 creavit
2906 1849 2981 1907 de
3009 1853 3163 1908 terra
3190 1850 3497 1908 hominem
3518 1870 3538 1920 ς
3565 1872 3594 1905 ιι
3631 1857 3689 1911 et
3734 1853 3922 1911 infra:

2391 1959 2420 1994 α
2458 1942 2607 2013 Lege
2649 1941 2782 2000 vitoe
2817 1943 3181 2001 haereditavit
3219 1945 3389 2017 illos;
3419 1966 3447 1999 ιι
3483 1947 3625 2021 quia
3652 1947 3924 2005 nimirum

2384 2031 2486 2090 illa
2506 2035 2659 2107 lege,
2682 2037 2794 2093 sub
2816 2053 2936 2111 qua
2956 2037 3210 2095 militant
3227 2039 3486 2097 coelestes
3507 2040 3731 2099 militioe
3756 2042 3924 2100 haere-

2386 2126 2608 2186 ditariae
2626 2172 2643 2199 ‚
2700 2131 2897 2188 statuit
2950 2131 3257 2191 hominem
3300 2133 3657 2208 formatum3
3704 2135 3808 2193 sed
3862 2152 3924 2192 ea

2385 2221 2641 2280 destituit
2681 2223 3078 2283 deformatum
3098 2247 3115 2300 3
3164 2227 3271 2285 sed
3311 2228 3522 2286 eadem
3548 2229 3798 2286 restituit
3837 2245 3925 2286 re-

2382 2314 2701 2375 formatum
2725 2337 2739 2375 :
2762 2335 2895 2376 ecce
2924 2321 3020 2378 lex
3042 2322 3176 2379 vitae
3194 2322 3533 2396 superioriS,
3555 2326 3679 2380 tam
3696 2322 3924 2380 interio-

2383 2426 2531 2484 rem,
2559 2428 2743 2486 quam
2770 2415 3120 2473 exteriorem
3148 2415 3455 2473 hominem
3480 2416 3922 2475 remunerantis.

2879 2574 3160 2630 Articutus
3188 2578 3437 2645 quartus·

2455 2697 2740 2765 Quartum
2767 2695 3088 2771 probatur,
3119 2714 3256 2755 cum
3299 2698 3587 2773 Propheta
3620 2699 3921 2773 profatur:

2382 2791 2504 2848 Non
2529 2777 2648 2846 {um
2679 2791 2920 2847 oblitus:
2954 2791 3205 2865 qualiter
3236 2797 3373 2849 sunt
3409 2792 3612 2862 obliti,
3655 2794 3763 2866 qui
3799 2797 3923 2850 sunt

2381 2883 2707 2941 mortaliter
2739 2885 2992 2958 polluti,
3036 2902 3141 2943 seu
3187 2885 3569 2943 criminaliter
3612 2886 3921 2960 prostituti.

2382 2981 2446 3035 Et
2494 2982 2666 3050 nota,
2721 2979 2887 3052 quod
2926 2979 3058 3036 talis
3114 2979 3339 3037 oblivio
3386 2980 3742 3040 creberrime
3788 2981 3927 3037 solet

2381 3072 2720 3145 contingere
2762 3074 3071 3132 occasione
3114 3076 3549 3151 prosperitatiS,
3587 3076 3690 3134 vel
3726 3075 3927 3134 adver-

2380 3167 2562 3224 sitatis
2582 3210 2601 3238 ,
2632 3168 2730 3225 vel
2757 3168 3118 3227 infidelitatis
3138 3211 3157 3241 ,
3188 3172 3334 3229 sicut
3356 3174 3516 3245 patet
3542 3172 3601 3228 in
3632 3171 3927 3229 mentibus

2379 3261 2641 3330 tumidis,
2674 3262 2920 3335 timidis,
2952 3263 3280 3322 obcaecatis.
3307 3268 3383 3322 De
3412 3265 3607 3339 primo
3632 3267 3657 3301 ⁹
3687 3284 3703 3323 t
3743 3285 3771 3319 α
3799 3269 3925 3324 Suc-

2381 3357 2729 3416 cedentibus
2768 3359 3071 3433 prosperis
3114 3361 3461 3434 praepositus
3508 3362 3924 3435 pincernarum

2381 3451 2599 3510 oblitus
2627 3456 2712 3508 est
2741 3452 3071 3527 interpretis
3099 3454 3189 3510 sui
3224 3473 3240 3510 :
3271 3474 3299 3508 ιι
3334 3471 3468 3512 ecce
3501 3454 3732 3513 oblivio
3762 3455 3926 3512 tumi-

2381 3544 2472 3601 doe
2535 3545 2747 3603 mentis
2766 3589 2784 3618 ,
2843 3546 3154 3604 occasione
3215 3547 3635 3621 prosperitatis,
3707 3550 3788 3605 De
3841 3563 3926 3603 se·

2381 3640 2578 3696 cundo
2608 3640 2650 3675 ¹⁰
2681 3658 2695 3695 z
2728 3659 2756 3693 «
2783 3640 3039 3714 Repulsa
3068 3645 3153 3698 est
3180 3641 3252 3714 (a)
3282 3642 3483 3698 anima
3509 3657 3676 3710 mea,
3711 3641 3927 3700 oblitus

2377 3750 2509 3790 sum
2537 3733 2838 3791 bonorum
2883 3752 2897 3790 ε
2928 3754 2957 3788 ιο
3007 3751 3141 3792 ecce
3173 3735 3397 3792 oblivio
3435 3734 3655 3792 timidoe
3682 3735 3923 3805 mentis,

2378 3827 2685 3885 occasione
2706 3828 3093 3886 adversitatis
3122 3832 3197 3885 De
3225 3829 3393 3886 tertio
3423 3829 3509 3864 ¹¹·
3494 3848 3567 3885 ,α
3594 3828 3825 3887 Oblitus
3846 3832 3927 3886 est

2376 3917 2551 3973 Israel
2576 3917 2813 3976 factoris
2840 3918 2954 3990 sui,
2986 3921 3042 3975 et
3063 3918 3380 3976 aedificavit
3406 3917 3694 3976 delubra·
3733 3939 3762 3972 n
3795 3932 3925 3976 ecce

2378 4010 2603 4069 oblivio
2643 4013 2951 4071 obcaecatae
3005 4013 3248 4083 mentiS‚
3304 4011 3617 4070 occasione
3661 4010 3925 4069 infideli-

2374 4104 2526 4163 tatis.

3020 4179 3280 4245 Espilogus.

2447 4294 2752 4353 Humiliter
2777 4296 2951 4368 igitur
2978 4312 3048 4354 ac
3068 4296 3398 4371 specialiter
3414 4312 3594 4354 orans
3612 4297 3918 4372 Propheta,

2375 4389 2547 4463 quasi
2568 4395 2955 4464 compunctus
2977 4407 3088 4466 pro
3121 4391 3378 4449 naturali
3398 4391 3622 4464 justitia
3643 4391 3917 4464 relegata,

2374 4484 2457 4541 sic
2490 4485 2607 4541 ait:
2635 4486 2775 4542 Vide
2802 4486 3165 4542 humilitatem
3190 4503 3384 4556 meam,
3397 4488 3689 4559 quantum
3708 4484 3788 4541 ad
3806 4482 3917 4541 ori-

2376 4577 2632 4651 ginalem
2647 4578 3105 4651 destitutionem,
3122 4595 3240 4652 qua
3250 4578 3514 4652 privatur
3525 4578 3787 4652 potentia
3799 4591 3915 4634 non

2372 4672 2695 4745 peccandi;
2722 4677 2793 4730 Et
2827 4678 2974 4747 eripe
3000 4691 3098 4739 me,
3116 4678 3403 4747 quantum
3427 4672 3505 4730 ad
3529 4671 3771 4729 finalem
3797 4686 3915 4727 res-

2374 4767 2729 4838 titutionem,
2758 4783 2879 4842 qua
2916 4770 3182 4842 speratur
3217 4766 3567 4842 impotentia
3592 4763 3878 4840 peccandi
3894 4779 3912 4832 ;

2375 4860 2524 4929 Quia
2553 4864 2716 4932 leqem
2742 4866 2889 4917 tuam
2899 4903 2920 4932 ,
2946 4864 3231 4935 quantum
3262 4860 3342 4917 ad
3372 4860 3663 4918 moralem
3697 4858 3915 4916 institu-

2371 4954 2626 5027 tionem,
2665 4971 2787 5028 qua
2823 4954 3041 5027 ligatur
3066 4956 3412 5029 impotentia
3442 4970 3566 5012 non
3598 4952 3910 5029 peccandi3

2373 5051 2499 5108 Non
2540 5066 2659 5105 sum
2699 5050 2923 5121 oblitus,
2964 5054 3249 5124 quantum
3288 5051 3367 5108 ad
3406 5051 3719 5109 mortalem
3746 5064 3910 5124 pros-

2370 5143 2705 5201 titutionem
2727 5188 2748 5217 ,
2778 5159 2899 5218 qua
2925 5142 3159 5203 laxatur
3183 5144 3448 5219 potentia
3471 5143 3780 5218 peccandi.

2372 5284 2475 5318 —7
2511 5283 2677 5345 Prov„
2713 5294 2833 5346 ¹111,
2866 5262 2941 5332 14.
2971 5284 3282 5347 —⁸Eccli.,
3320 5296 3447 5345 xvn,
3474 5287 3527 5348 1,
3551 5287 3597 5334 9.
3628 5282 3906 5346 -2Gen.‚

2373 5364 2464 5415 xz,
2490 5355 2568 5403 23.
2591 5379 2653 5390 —
2687 5353 2730 5389 ¹⁰
2764 5354 2958 5415 Thu-en„
2990 5366 3072 5417 111,
3105 5357 3321 5405 17.-11
3349 5356 3478 5412 ose„
3508 5366 3621 5417 vui,
3648 5356 3725 5405 14.

2432 5439 2506 5502 (a)
2538 5439 2715 5502 Suppt
2748 5453 2779 5489 a
2802 5453 2946 5502 pace.
