4196 6294
805 442 922 505 380

799 574 1073 634 rectionis
1102 574 1336 635 Domini
1361 575 1548 635 nostri
1573 579 1702 635 Jssu
1729 576 2040 635 Caaxsriz.»
2075 591 2209 635 ecce
2237 580 2349 637 tes-

802 668 1117 729 timonium
1142 668 1457 730 dominicoe
1483 669 1943 730 resurrectionis.

1275 829 1554 886 Articulus
1589 828 1866 886 secundus.

873 952 1206 1011 claritatem
1258 954 1572 1013 locutionis
1639 955 1987 1030 proposuit,
2046 972 2183 1014 cum
2236 956 2347 1013 ad-

798 1049 1021 1122 junxit:
1063 1052 1132 1107 In
1170 1056 1446 1123 conspectu
1465 1068 1487 1108 .·
1522 1049 1673 1109 nihil
1709 1051 1869 1109 enim
1900 1052 1965 1109 in
1993 1054 2344 1125 conspectu,

803 1143 917 1201 nisi
962 1143 1347 1217 conspicuum
1359 1164 1378 1217 3
1423 1144 1572 1204 nihil
1618 1144 2036 1219 conspicuum,
2076 1145 2191 1204 nisi
2230 1145 2349 1204 cla·

804 1252 957 1295 rum.
988 1240 1055 1295 Et
1088 1242 1258 1310 nota,
1298 1238 1464 1313 quod
1501 1239 1893 1315 conspicuitas
1936 1240 2069 1298 talis
2103 1237 2351 1314 requirit

808 1331 1233 1406 apparentiam,
1257 1347 1382 1390 non
1399 1332 1593 1391 solam
1614 1332 2000 1392 existentiam.
2029 1336 2126 1390 Est
2150 1338 2350 1392 autem

638 1453 781 1506 App„
806 1425 1152 1500 apparentia
1186 1426 1499 1501 tripartita3
1537 1427 1813 1486 videlicet
1854 1428 2200 1502 apparentia
2223 1427 2349 1487 dia-

604 1515 745 1559 rentia

586 1578 761 1635 triplex.

806 1518 1030 1593 lectica,
1050 1521 1396 1595 apparentia
1417 1522 1731 1594 rhetorica,
1751 1522 2098 1597 apparentia
2121 1524 2350 1598 sophis-

805 1615 938 1673 tica.
968 1616 1163 1673 Prima
1184 1618 1271 1674 est
1294 1616 1639 1690 apparentia
1662 1618 1922 1675 veritatis
1935 1638 1952 1691 3
1978 1618 2244 1676 secunda
2262 1624 2350 1678 est

807 1709 1152 1784 apparentia
1168 1710 1455 1784 aequitatis
1467 1730 1485 1782 3
1510 1710 1679 1769 tertia
1703 1715 1792 1769 est
1815 1712 2161 1786 apparentia
2186 1713 2351 1772 vani·

808 1802 957 1860 tatis,
1000 1805 1079 1859 De
1116 1803 1310 1878 prima
1345 1803 1641 1879 Scriptura
1669 1805 1811 1863 dicit
1848 1805 1906 1863 ¹:
1943 1826 1970 1858 a
2006 1808 2249 1881 Sapiens
2287 1808 2349 1866 in

808 1900 1124 1970 conspectu
1150 1897 1415 1971 praesidis
1437 1898 1761 1972 apparebit.
1792 1918 1820 1953 ιο
1852 1900 2079 1975 Quippe
2115 1903 2351 1976 sapiens

807 1991 869 2048 in
896 1994 1215 2066 conspectu
1240 1991 1397 2050 illius
1424 1998 1687 2067 apparet,
1718 1995 1766 2051 si
1795 1995 2114 2070 conspicue
2141 1996 2227 2054 rei
2251 2013 2351 2055 ve·

805 2085 1034 2144 rItatem
1076 2086 1363 2144 declaret:
1406 2103 1541 2146 ecce
1578 2089 1898 2163 conspicua
1942 2089 2200 2147 veritatis
2239 2105 2348 2164 ap·-

805 2179 1090 2254 parentia.
1125 2182 1200 2237 De
1240 2181 1502 2239 secunda
1535 2181 1807 2241 scribitur
1830 2183 1854 2217 ²
1873 2203 1891 2240 :
1925 2200 1954 2236 α
1989 2186 2112 2255 Ego
2151 2187 2348 2242 autem

807 2274 868 2330 in
891 2274 1115 2346 justitia
1146 2276 1452 2350 apparebo
1481 2277 1821 2351 conspectui
1844 2281 1966 2336 tuo,
1985 2297 2014 2330 n
2042 2278 2216 2347 Quod
2236 2278 2350 2336 ele-

804 2371 1009 2440 ganter
1047 2369 1322 2426 convenit
1357 2370 1614 2441 oratori,
1641 2374 1764 2428 tam
1798 2370 2123 2444 rhetorico,
2166 2387 2347 2446 quam

803 2461 1175 2534 theologico:
1220 2462 1509 2536 quoniam
1544 2463 1694 2522 inter
1735 2465 2065 2524 orationem
2098 2464 2348 2523 rhetori·

805 2571 968 2626 cam,
1021 2561 1080 2615 et
1128 2555 1552 2630 theologicam,
1599 2559 2070 2617 conformitatem
2124 2563 2349 2617 constat

805 2667 930 2708 esse
958 2667 1084 2709 non
1108 2652 1432 2711 modicam.
1453 2654 1518 2711 ln
1536 2653 1760 2726 justitia
1782 2653 2078 2727 siquidem
2101 2659 2348 2729 apparet

804 2746 1143 2820 conspectui
1179 2746 1401 2818 judicis
1446 2747 1537 2805 sui
1582 2747 1777 2821 quivis
1820 2752 2047 2818 orator,
2088 2748 2139 2805 si
2175 2746 2350 2806 suerit

797 2839 938 2911 justi
973 2840 1195 2914 negotii
1232 2841 1583 2915 conspicuus
1619 2840 1969 2901 declarator.
1999 2845 2144 2899 Ecce
2174 2856 2346 2899 cons—

801 2932 977 3006 picua
1005 2934 1292 3007 aequitatis
1320 2934 1684 3009 apparentia.
1713 2937 1792 2993 De
1832 2936 2001 2994 tertio
2043 2935 2257 3007 legitur
2281 2933 2346 2993 in

802 3025 997 3100 figura
1016 3029 1038 3064 ὃ
1059 3045 1075 3084 :
1104 3048 1133 3081 u
1146 3029 1383 3102 Septem
1404 3027 1616 3087 diebus
1634 3030 1912 3087 comedes
1941 3044 2175 3103 azyma,
2197 3029 2347 3087 sicut

802 3120 1053 3196 proecepi
1078 3121 1185 3181 tibi
1214 3124 1479 3196 tempore
1507 3122 1715 3181 messis
1743 3138 2068 3195 novorum,
2102 3122 2344 3197 quando

805 3230 1070 3288 egressus
1096 3232 1159 3273 es
1184 3217 1259 3274 de
1286 3220 1441 3275 terra
1467 3216 1702 3290 AEgypti
1729 3234 1745 3273 :
1787 3232 1911 3275 non
1938 3217 2253 3292 apparebis
2281 3218 2345 3276 in

804 3314 1121 3384 conspectu
1146 3309 1284 3368 meo
1311 3326 1535 3369 vacuus
1551 3330 1569 3384 3
1599 3331 1627 3365 ›>
1660 3327 1729 3369 ac
1764 3312 1814 3369 si
1856 3311 2148 3370 diceretur
2174 3327 2346 3386 aper-

802 3406 950 3462 tius:
982 3406 1268 3465 Omnibus
1307 3405 1519 3464 diebus
1556 3407 1836 3466 comedes
1871 3424 2079 3483 azyma
2109 3408 2347 3467 sinceri-

803 3501 955 3572 tatis,
1002 3501 1151 3559 sicut
1186 3501 1440 3576 praecepi
1480 3501 1585 3560 tibi
1630 3506 1896 3577 tempore
1929 3503 2237 3574 novitatis,
2281 3503 2345 3561 in

804 3594 962 3652 exitu
1013 3595 1345 3653 vetustatis:
1396 3610 1527 3653 non
1562 3597 1877 3671 apparebis
1921 3597 1985 3655 in
2025 3601 2345 3672 conspectu

800 3704 938 3747 meo
965 3704 1190 3747 vacuus
1216 3689 1414 3762 gratioe
1442 3692 1500 3748 et
1542 3690 1818 3748 veritatis,
1856 3694 1997 3749 Ecce
2022 3691 2119 3748 hic
2146 3690 2345 3765 prohi-

798 3783 974 3840 betur
1027 3783 1374 3857 apparentia
1418 3782 1686 3842 vanitatis
1718 3803 1733 3841 :
1789 3801 1931 3841 nam
1984 3785 2345 3859 septenarius

801 3875 1093 3948 significat
1118 3877 1592 3936 universitatem:
1627 3881 1858 3952 tempus
1879 3894 2197 3950 novorum,
2212 3878 2344 3936 vitae

800 3970 1122 4028 novitatem
1136 3991 1156 4043 3
1185 3974 1488 4046 AEgyptuS,
1518 3974 1864 4030 vetustatem
1878 3991 1896 4044 3
1929 3972 2211 4044 vacuitas,
2242 3988 2345 4030 va—

804 4064 1066 4122 nitatem.

1306 4139 1592 4196 Articulus
1630 4142 1842 4195 tertius.

874 4253 1259 4312 maturitatem
1280 4252 1594 4312 locutionis
1622 4255 1918 4329 apposuit,
1938 4269 2075 4311 cum
2091 4255 2341 4327 adjecit:

802 4350 1035 4419 Regum,
1079 4347 1141 4404 id
1186 4351 1299 4418 est,
1337 4352 1490 4406 recte
1532 4348 1892 4419 regentium,
1934 4347 2347 4406 rectitudinem

804 4440 1196 4513 diligentium,
1226 4445 1488 4500 maturos
1511 4440 1734 4499 fructus
1759 4442 1823 4498 in
1849 4441 2093 4499 maturis
2118 4443 2346 4516 praeeli-

804 4534 1086 4608 gentium.
1108 4539 1175 4592 Et
1190 4535 1524 4593 notandum
1546 4536 1713 4609 quod
1739 4551 1908 4607 reges
1933 4535 2345 4607 huJ'uscemodi

805 4630 1058 4703 diligunt
1089 4629 1420 4700 veritatem,
1464 4629 1828 4703 oequitatem,
1855 4645 1980 4687 non
2005 4629 2343 4688 vanitatem.

804 4725 932 4782 Haec
968 4726 1166 4781 autem
1207 4722 1317 4780 tria
1363 4722 1685 4797 respiciunt
1721 4721 2013 4796 triplicem
2050 4738 2342 4797 apparen-

804 4818 947 4876 tiam
975 4816 1432 4892 praecedentem.
1463 4817 1634 4886 Quod
1663 4832 1832 4889 reges
1861 4816 2110 4889 diligant
2141 4816 2347 4874 verita-

804 4917 943 4982 tem,
970 4914 1131 4986 patet
1157 4927 1265 4984 per
1300 4910 1632 4984 Sapientem
1661 4909 1949 4969 dicentem
1978 4911 2034 4968 ιε
2063 4929 2092 4963 α
2121 4911 2228 4979 Qui
2262 4910 2346 4967 di-

804 5006 933 5078 ligit
958 5005 1152 5063 cordis
1176 5004 1562 5074 munditiam,
1592 5009 1834 5078 propter
1871 5004 2121 5076 gratiam
2157 5003 2347 5062 labio-

804 5115 940 5156 rum
976 5113 1219 5155 suorum
1252 5097 1500 5155 habebit
1532 5098 1793 5156 amicum
1834 5113 2067 5170 regem3
2110 5118 2136 5150 n
2177 5097 2346 5171 quasi

808 5191 1004 5249 dicat:
1034 5191 1143 5260 Qui
1171 5190 1365 5262 diligit
1406 5190 1762 5249 munditiam
1797 5190 2090 5260 veritatis,
2127 5194 2249 5247 tam
2284 5191 2346 5247 in

874 5317 890 5349 ¹
920 5313 1101 5377 Ecch'„
1128 5328 1317 5380 xxxix,
1348 5319 1396 5366 4.
1423 5342 1485 5355 -
1524 5320 1548 5354 ²
1570 5315 1716 5369 Psal.
1752 5327 1867 5378 xv1‚
1909 5320 1985 5367 15.
2016 5343 2077 5354 -
2119 5315 2141 5350 ⁸
2164 5316 2348 5376 Exod„

809 5397 963 5450 xxm,
993 5389 1068 5438 15.
1095 5413 1158 5426 -
1185 5388 1202 5418 ⁴
1231 5387 1399 5449 Pron„
1425 5399 1557 5451 xxu,
1590 5391 1666 5438 11.
1693 5414 1754 5428 -
1782 5390 1801 5420 ⁸
1825 5387 1966 5440 Psal.
1997 5398 2181 5450 xcv111,
2215 5390 2263 5437 4.
2291 5413 2344 5425 -

1840 437 2251 506 Exposl'rlo
2295 441 2374 507 ΙΝ
2416 440 2930 509 PSALTERIUM.

2454 578 2655 651 corde,
2679 594 2862 653 quam
2879 579 2943 635 in
2961 577 3157 651 labiis,
3179 579 3286 638 erit
3301 578 3528 640 amicus
3545 581 3714 654 regis,
3731 583 3946 642 verbum

2453 671 2695 731 interius
2721 676 2779 731 et
2816 672 3071 732 exterius
3109 672 3422 733 audientis.
3453 673 3623 744 Quod
3656 691 3809 749 reges
3832 676 3946 734 dili-

2454 770 2596 839 gant
2619 766 2953 841 aequitatem
2963 809 2983 838 ,
3014 767 3266 826 ostendit
3289 768 3623 841 Psalmista,
3649 786 3777 829 cum
3810 770 3881 829 ait
3899 774 3946 828 ⁸:

2461 880 2491 914 a
2517 862 2713 920 Honor
2752 860 2906 933 regis
2946 860 3237 934 judicium
3283 862 3494 937 diligit.
3529 885 3559 920 n
3590 863 3751 933 Quod
3784 869 3949 923 autem

2454 969 2624 1029 reges
2664 953 2960 1027 eiusmodi
3000 971 3125 1014 non
3168 954 3421 1028 diligant
3465 957 3796 1030 vanitatem,
3836 957 3950 1017 satis

2456 1048 2645 1122 aperit
2670 1048 2944 1121 Sapiens,
2981 1049 3065 1106 sic
3092 1047 3294 1109 dicens
3313 1051 3334 1087 ⁸
3360 1069 3375 1107 :
3408 1069 3436 1105 α
3463 1049 3542 1109 Ne
3570 1050 3840 1124 gloriosus
3863 1067 3951 1125 ap-

2453 1158 2664 1217 pareas
2707 1158 2909 1201 coram
2952 1158 3113 1216 rege.
3163 1164 3193 1197 n
3238 1144 3338 1203 Hic
3384 1144 3725 1218 prohibetur
3762 1162 3798 1202 a
3837 1161 3951 1218 rege

2455 1254 2619 1298 vanae
2657 1239 2860 1313 gloriae
2889 1240 3231 1315 apparentia
3265 1256 3470 1299 coram
3507 1257 3642 1315 rege
3678 1261 3692 1299 ε
3718 1241 3863 1300 unde
3893 1239 3952 1300 li·

2457 1338 2624 1408 guet,
2654 1333 2825 1409 quod
2849 1335 3079 1393 vanitas
3100 1350 3227 1394 non
3254 1333 3535 1409 diligatur
3562 1352 3598 1396 a
3623 1352 3769 1410 rege.

2944 1494 3230 1551 Articulus
3265 1498 3514 1567 quartus.

2526 1618 2902 1676 Securitatem
2941 1618 3237 1693 loquentis
3286 1619 3627 1694 supposuit,
3676 1633 3801 1676 cum
3840 1617 3959 1674 suh·

2456 1712 2720 1787 scripsit:
2762 1714 2836 1768 Et
2879 1728 2985 1770 non
3016 1712 3382 1782 contundebar
3393 1731 3411 1783 3
3442 1728 3513 1771 ac
3549 1713 3599 1771 si
3638 1711 3840 1770 diceret
3869 1728 3882 1766 :
3908 1712 3959 1766 ln

2457 1810 2776 1880 conspectu
2814 1822 3052 1879 regum,
3089 1807 3430 1878 veritatem,
3468 1807 3823 1881 aequitatem,
3858 1819 3959 1861 non

2454 1900 2773 1958 vanitatem
2817 1899 3219 1973 diligentium,
3256 1900 3572 1974 loquebar,
3612 1904 3668 1958 et
3707 1914 3820 1957 non
3845 1913 3961 1955 con·

2457 1992 2782 2066 fundebar3
2814 1993 2957 2067 quia
2979 2008 3089 2051 nec
3111 1993 3449 2065 falsitatem,
3476 2010 3591 2052 nec
3613 1994 3960 2067 iniquitatem,

2456 2103 2566 2146 nec
2592 2086 2913 2146 vanitatem
2935 2088 3247 2161 sequebar.
3264 2088 3604 2146 Notandum
3635 2088 3801 2161 igitur
3824 2083 3960 2161 quod

2455 2181 2544 2239 illi
2579 2197 2689 2256 per
2726 2181 3028 2255 loquelam
3075 2182 3360 2240 confundi
3397 2188 3718 2254 merentur,
3763 2181 3857 2255 qui
3888 2179 3961 2237 lo·

2457 2274 2698 2349 quolam
2730 2274 3096 2334 confundere
3134 2291 3259 2333 non
3301 2278 3616 2344 verentur:
3659 2276 3787 2333 ideo
3825 2270 3962 2349 quod

2458 2369 2901 2429 confunduntur
2935 2370 3205 2445 plerique
3244 2386 3281 2428 a
3317 2370 3596 2442 falsitate,
3640 2370 3715 2428 ab
3750 2367 3962 2442 iniqui·-

2457 2468 2595 2537 tate,
2620 2481 2659 2523 a
2685 2465 2974 2523 vanitate:
3008 2463 3151 2538 quia
3176 2462 3399 2522 falsitas
3427 2464 3737 2523 confundit
3761 2475 3963 2521 causam

2455 2558 2709 2633 loquelae
2756 2558 3068 2617 formalem
3083 2577 3103 2630 3
3160 2558 3439 2632 iniquitas
3494 2562 3694 2616 autem
3733 2554 3964 2615 materia·

2455 2651 2575 2709 lem
2588 2669 2608 2723 3
2659 2652 2888 2710 vanitas
2931 2668 3075 2710 vero
3118 2650 3383 2709 finalem.
3424 2655 3502 2709 De
3540 2650 3813 2727 primo':
3843 2665 3870 2702 α
3901 2648 3962 2704 De

2455 2744 2769 2803 mendacio
2818 2744 3229 2802 ineruditionis
3273 2750 3387 2803 tuae
3433 2745 3810 2803 confundere.
3850 2762 3875 2795 ι
3904 2743 3964 2796 De

2456 2839 2740 2911 secund0,
2774 2839 2879 2896 ubi
2909 2838 3183 2896 scribitur
3211 2839 3285 2895 de
3316 2838 3591 2897 Israelitis
3609 2839 3667 2896 ⁸:
3699 2856 3726 2890 α
3750 2832 3965 2895 Coniun-

2457 2932 2672 2990 dentur
2700 2932 2777 2991 ab
2803 2932 3212 3007 iniquitatibus
3229 2933 3373 2991 suis.
3392 2952 3421 2986 ι
3447 2935 3526 2990 De
3549 2932 3715 2992 tertio
3732 2932 3781 2987 ⁹:
3803 2931 3965 2986 «Con-

2454 3024 2776 3084 fundentur
2814 3025 2892 3084 ab
2934 3025 3143 3097 idolis,
3187 3026 3408 3101 quibus
3435 3025 3909 3085 sacrificaverunt.
3938 3039 3961 3071 n

2461 3119 2616 3189 Quid
2668 3121 2761 3179 est
2811 3118 3076 3191 idolum,
3130 3119 3243 3177 nisi
3295 3135 3521 3179 vanum
3571 3124 3629 3179 et
3677 3112 3963 3177 frivolum?

2455 3212 2635 3272 Idolis
2679 3230 2822 3288 ergo
2868 3213 3198 3272 sacrificant
3216 3256 3234 3287 ,
3283 3214 3388 3288 qui
3440 3215 3664 3273 vitulos
3705 3213 3965 3272 labiorum

2453 3308 2681 3367 frivolis
2711 3308 3008 3368 dedicant.

3103 3461 3358 3526 Epilogus.

2525 3593 2617 3650 Ait
2646 3607 2792 3665 ergo
2816 3590 3136 3662 psalmista,
3157 3594 3443 3665 tanquam
3463 3606 3724 3665 persona
3742 3589 3817 3647 ad
3833 3600 3969 3644 amo-

2454 3702 2582 3745 rem
2631 3702 2878 3744 accensa
2919 3701 3031 3760 pro
3073 3684 3173 3743 tali
3222 3684 3415 3757 gratia
3462 3684 3663 3743 eidem
3698 3685 3967 3758 impensa:

2455 3781 2526 3836 Et
2563 3781 2817 3852 loquebar
2847 3775 2913 3836 de
2939 3781 3256 3836 testimoniis
3296 3781 3435 3848 tuis,
3474 3783 3766 3852 quantum
3792 3774 3865 3833 ad
3892 3773 3969 3830 lo-

2456 3874 2706 3932 cutionis
2741 3873 3087 3946 puritatem,
3129 3887 3264 3948 quae
3295 3872 3483 3945 tangit
3530 3887 3773 3931 causam
3812 3871 3971 3926 mate·

2454 3968 2693 4038 rialem3
2739 3970 2808 4024 ln
2848 3972 3156 4039 conspectu,
3194 3969 3484 4040 quantum
3528 3967 3613 4025 ad
3650 3966 3969 4030 claritatem,

2455 4076 2588 4136 quae
2615 4061 2902 4135 conspicit
2927 4076 3170 4120 ,causam
3196 4060 3542 4132 formalem3
3566 4064 3790 4133 Regum,
3812 4070 3969 4133 quan·

2455 4156 2582 4212 tum
2617 4153 2697 4212 ad
2730 4153 3156 4224 maturitatem,
3198 4169 3333 4226 quse
3374 4152 3529 4228 sapit
3572 4168 3808 4212 causam
3841 4149 3968 4206 fina-

2456 4248 2573 4305 lem
2590 4267 2608 4320 3
2646 4252 2716 4306 Ec
2750 4264 2858 4304 non
2884 4247 3266 4316 confundebar,
3296 4249 3589 4320 quantum
3621 4247 3701 4306 ad
3725 4242 3968 4305 securita-

2454 4344 2604 4413 tem,
2633 4356 2766 4416 quae
2793 4340 3023 4398 redolet
3045 4354 3284 4397 causam
3310 4339 3682 4398 efficientem.

2985 4562 3321 4606 vnnsmums
3358 4562 3449 4605 XV.

2527 4725 2616 4779 ⁴7.
2633 4723 2702 4777 Et
2720 4720 3043 4790 meditabar,
3068 4718 3501 4791 etc.Propalata
3518 4722 3659 4777 sunt
3677 4719 3797 4778 duo
3815 4718 3974 4775 bene-

2456 4815 2592 4873 ficia
2618 4814 2698 4870 ad
2720 4828 2988 4870 amorem
3019 4811 3288 4869 divinum
3323 4812 3774 4886 promoventia,
3798 4822 3976 4886 perso·

2457 4909 2609 4967 nalis
2635 4908 2853 4965 scilicet
2881 4906 3236 4978 reverentia,
3268 4910 3444 4980 atque
3473 4907 3736 4965 verbalis
3761 4907 3974 4976 elegan-

2457 5004 2558 5061 tia.
2592 5002 2863 5076 Sequitur
2905 5001 3174 5072 tertium,
3206 5000 3372 5075 quod
3411 5005 3496 5059 est
3531 5001 3806 5060 mentalis
3840 5011 3976 5073 pers·

2457 5094 2704 5170 picacia,
2753 5110 2877 5152 non
2925 5093 3111 5152 indita
3149 5095 3332 5153 menti
3352 5138 3371 5167 ,
3420 5095 3526 5152 sed
3575 5091 3943 5170 superaddita
3958 5106 3974 5158 ;

2457 5205 2583 5247 non
2627 5188 2913 5261 acquisita
2936 5231 2957 5260 ,
2996 5204 3119 5246 non
3165 5188 3338 5246 insita
3367 5230 3387 5258 ,
3429 5187 3534 5246 sed
3579 5187 3777 5245 infusa
3808 5204 3821 5243 ε
3849 5184 3981 5241 sicut

2461 5318 2481 5346 ⁸
2512 5316 2679 5374 Prov„
2707 5328 2830 5378 xxv,
2855 5318 2903 5364 6.
2930 5340 2994 5353 -
3023 5313 3041 5349 ⁷
3079 5314 3255 5371 Eccli„
3288 5325 3357 5378 w,
3386 5316 3464 5365 30.
3491 5339 3542 5351 -
3575 5315 3598 5351 ⁸
3621 5313 3821 5376 Ezecli„
3845 5316 3977 5364 xmus

2463 5389 2540 5437 10.
2564 5411 2626 5424 -
2650 5385 2674 5420 ⁹
2692 5386 2812 5447 lm„
2835 5398 2876 5449 1,
2900 5388 2977 5437 29.
