4196 6294
1370 528 1452 596 m
1493 528 2062 601 HEXAEMERON.
2102 533 2340 603 SERM.
2384 535 2462 601 11.
3427 504 3508 607 2⁷

339 674 400 738 in
430 686 697 736 vacuum
713 717 732 749 ,
762 691 797 729 n
831 668 1072 752 inquit;
1107 668 1186 732 ad
1214 666 1594 733 custoditam
1622 667 1849 732 multi-

338 777 665 864 plicandam
685 778 703 813 ¹
732 798 748 841 :
777 800 811 839 c
829 776 940 840 Ait
966 776 1138 840 enim
1168 798 1186 841 ι
1216 774 1554 858 Tempore,
1575 796 1607 837 n
1633 781 1750 842 etc.
1776 776 1858 843 Ut

340 892 527 953 autem
566 886 705 950 haec
750 884 1115 949 exhortatio
1160 884 1506 967 impleatur
1533 884 1600 947 in
1628 885 1815 948 nobis
1831 933 1853 965 ‚

339 996 447 1060 tria
471 998 609 1057 sunt
647 992 820 1057 circa
851 992 1130 1074 gratiam
1174 991 1631 1056 consideranda
1662 1011 1680 1055 z
1714 994 1856 1075 quis

338 1106 407 1168 sit
425 1103 638 1184 gratiae
668 1106 852 1166 ortus
878 1123 897 1180 ;
927 1101 1078 1185 quis
1122 1101 1202 1165 sit
1233 1101 1461 1182 gratiae
1492 1118 1681 1179 usus;
1713 1101 1860 1184 quis

337 1214 408 1277 sit
444 1213 660 1296 gratiae
706 1213 981 1276 fructus,
1030 1211 1097 1275 Si
1142 1212 1346 1292 igitur
1384 1211 1858 1276 consideremus

336 1325 522 1386 ortum
552 1321 817 1403 gratiae,
840 1323 905 1384 et
929 1321 1069 1402 ejus
1100 1318 1415 1401 originale
1441 1306 1853 1401 principium,

336 1432 455 1497 dico
496 1449 576 1495 ex
618 1430 926 1495 canonica
968 1429 1221 1507 Jacobi,
1249 1446 1495 1511 ponens
1540 1428 1859 1508 maiorem

336 1541 741 1607 universalem
769 1541 792 1576 ²
824 1562 840 1603 ε
880 1562 913 1600 (ι
940 1538 1142 1604 Omne
1165 1537 1387 1602 datum
1419 1535 1762 1619 optimum,
1795 1536 1858 1599 et

335 1667 501 1713 omne
570 1647 817 1712 donum
868 1646 1222 1728 perfectum
1262 1693 1281 1723 ,
1340 1644 1678 1708 desursum
1725 1645 1856 1718 est,

334 1756 690 1821 descendens
727 1773 767 1819 a
810 1753 995 1818 Patre
1035 1752 1359 1817 luminum
1384 1800 1402 1831 ,
1446 1750 1611 1833 apud
1660 1769 1857 1834 quem

335 1884 450 1930 non
472 1868 563 1929 est
586 1862 1071 1941 transmutatiO,
1109 1878 1229 1924 nec
1256 1859 1713 1923 vicissitudinis
1738 1861 1852 1924 ob·

335 1974 653 2039 umbratio.
683 1994 718 2031 »
749 1972 1063 2036 Minorem
1102 1970 1495 2053 probandam
1537 1970 1626 2034 sic
1673 1988 1859 2035 assu-

337 2100 472 2146 mo:
499 2079 714 2145 Gratia
755 2082 850 2143 est
889 2078 1114 2142 datum
1139 2078 1493 2161 optimum,
1529 2080 1593 2141 et
1615 2078 1859 2142 donum

339 2191 687 2273 perfectum.
735 2186 1056 2252 Concludo
1086 2206 1103 2250 z
1151 2185 1326 2268 Ergo
1374 2185 1587 2267 gratia
1629 2186 1858 2252 desur-

335 2317 465 2363 sum
502 2301 621 2375 est,
652 2295 1042 2361 descendens
1069 2314 1108 2358 a
1133 2293 1317 2359 Patre
1356 2294 1702 2359 luminum.
1737 2293 1861 2360 Sed

332 2424 433 2491 per
455 2424 648 2489 quam
688 2404 866 2469 viam
904 2403 1229 2486 spargitur
1264 2401 1381 2467 lux
1410 2402 1659 2484 gratiae,
1691 2402 1857 2468 divi-

330 2514 484 2579 ditur
515 2517 716 2578 aestus
743 2512 986 2576 amoris
1016 2528 1210 2593 super
1234 2513 1498 2574 terram.
1530 2509 1861 2576 Descendit

331 2622 518 2705 gratia
540 2639 740 2704 super
766 2622 1013 2684 mentes
1039 2617 1377 2682 rationales
1405 2618 1511 2681 via
1538 2618 1813 2682 triformi
1840 2641 1854 2683 :

332 2747 430 2812 per
454 2729 738 2795 Verbum
759 2726 1166 2791 incarnatum
1183 2773 1203 2804 ,
1229 2743 1347 2808 per
1371 2724 1646 2791 verbum
1667 2724 1860 2808 inspi-

331 2840 522 2902 ratum
537 2887 553 2917 ,
581 2856 702 2921 per
722 2834 1009 2901 Verbum
1037 2835 1442 2899 crucifixum.

402 2944 602 3028 Hujus
642 2944 938 3028 probatio
977 2945 1099 3022 est,
1140 2941 1324 3025 quia,
1368 2940 1723 3006 secundum
1750 2939 1861 3007 Ja-

334 3054 546 3118 cohum
588 3054 613 3090 ⁸
651 3075 668 3116 ε
725 3074 756 3114 α
792 3050 1169 3117 Voluntaria
1226 3050 1453 3131 genuit
1496 3067 1616 3114 nos
1657 3050 1858 3115 verbo

334 3164 621 3241 veritam,
641 3165 720 3227 ut
734 3162 938 3226 simus
973 3160 1233 3224 initium
1260 3159 1520 3242 aliquod
1548 3162 1857 3226 creaturae

332 3273 478 3353 ejus.
501 3291 534 3330 n
564 3269 747 3349 Quod
773 3274 993 3335 autem
1015 3287 1129 3351 per
1145 3268 1429 3334 Verbum
1456 3268 1860 3333 incarnatum

335 3377 650 3442 descendat
673 3378 745 3442 in
783 3396 904 3442 nos
947 3377 1128 3459 copia
1169 3378 1560 3458 gratiarum,
1590 3376 1864 3442 ostendit

332 3486 591 3553 Joannae
625 3488 714 3552 sic
740 3487 1042 3570 inquiens
1060 3485 1083 3520 ⁴
1121 3508 1137 3549 ε
1182 3507 1214 3547 α
1242 3484 1527 3551 Verbum
1558 3503 1706 3551 caro
1731 3487 1860 3549 fac·

335 3600 460 3660 tum
482 3600 600 3660 est.
624 3618 654 3655 n
678 3595 758 3660 Et
778 3594 1108 3678 sequitur:
1141 3617 1173 3654 α
1199 3593 1286 3659 De
1303 3593 1698 3677 plenitudine
1717 3596 1863 3675 eJus

334 3722 544 3769 omnes
570 3705 949 3788 accepimus,
984 3702 1260 3784 gratiam
1283 3719 1402 3784 pro
1431 3702 1661 3782 gratia.
1685 3722 1716 3761 n
1745 3701 1860 3767 Et:

344 3812 663 3878 «Vidimus
691 3812 967 3895 gloriam
998 3811 1170 3892 eJus3
1195 3808 1473 3890 gloriam
1501 3810 1684 3891 quasi
1712 3810 1864 3874 uni-

338 3921 527 4002 geniti
553 3939 591 3983 a
617 3920 822 3997 Patre,
852 3917 1115 4002 plenum
1142 3919 1392 3999 gratiae.
1409 3938 1440 3976 n
1473 3916 1728 3982 Certum
1743 3921 1860 3997 est,

337 4028 499 4110 quod
548 4026 861 4108 originale
916 4026 1144 4107 gratiae
1197 4025 1588 4108 principium
1614 4074 1631 4105 ,
1692 4025 1864 4108 quod

342 4134 496 4201 Deus
522 4139 644 4215 est,
670 4134 931 4219 quando
959 4135 1203 4199 creavit
1234 4134 1563 4198 hominem
1598 4134 1667 4197 in
1695 4137 1865 4198 statu

340 4243 738 4324 innocentiae,
788 4267 820 4305 α
859 4242 939 4308 ad
980 4243 1332 4325 imaginem
1354 4239 1363 4246 ’
1383 4248 1447 4307 et
1494 4242 1864 4306 similitudi-

342 4369 481 4416 nem
503 4370 679 4416 suam
694 4353 720 4390 ⁸
735 4373 767 4412 n
794 4351 1036 4415 creavit
1053 4352 1264 4433 ipsum
1287 4350 1375 4414 ita
1400 4350 1862 4433 propinquum,

344 4460 505 4542 quod
526 4460 715 4525 homo
741 4477 857 4542 per
883 4458 1167 4525 Verbum
1196 4459 1555 4522 increatum
1598 4462 1735 4523 erat
1770 4460 1868 4523 in-

346 4570 672 4634 formabilis
709 4568 791 4634 ad
836 4567 1136 4650 gratiam.
1179 4565 1331 4631 Post
1373 4566 1628 4649 lapsum
1666 4584 1821 4632 vero
1843 4614 1863 4646 ,

344 4696 487 4741 usus
527 4682 617 4742 est
642 4676 808 4742 Deus
832 4676 943 4741 via
985 4674 1335 4757 dignativae
1381 4675 1862 4739 condescensio-

350 4786 470 4860 niS,
498 4791 555 4850 et
578 4803 690 4869 per
716 4782 1000 4849 Verbum
1038 4783 1440 4848 incarnatum
1476 4784 1717 4867 aptavit
1743 4784 1861 4848 ho-

352 4893 566 4956 minem
608 4893 689 4958 ad
728 4893 1028 4974 gratiam.
1054 4890 1297 4957 Verum
1321 4942 1337 4972 ,
1388 4893 1540 4975 quia
1579 4891 1866 4958 Verbum

357 5015 582 5064 carnem
602 4999 880 5082 sumpsit
908 4998 976 5062 in
1000 5002 1184 5065 utero
1212 4999 1501 5082 Virginis
1529 5000 1827 5082 gloriosse
1842 5051 1864 5083 ,

357 5105 569 5171 dictum
592 5111 687 5172 est
712 5107 773 5170 ei
800 5105 824 5141 ⁶
857 5127 875 5170 2
916 5127 949 5165 α
975 5104 1139 5186 Ave,
1172 5107 1381 5189 gratia
1408 5107 1598 5190 plena
1617 5156 1634 5186 ‚
1661 5107 1868 5172 Domi-

360 5229 468 5278 nus
489 5220 713 5282 tecum.
744 5237 779 5276 n
815 5213 1055 5281 Pauius
1096 5216 1289 5280 etiam
1328 5215 1555 5282 suadet
1593 5217 1865 5283 volenti-

419 5413 484 5464 1ΙΙ
506 5415 632 5480 Cor„
653 5427 731 5476 vl,
754 5417 869 5464 2.-
888 5414 911 5449 ²
927 5413 1278 5476 Jac.,1‚17.-
1299 5418 1316 5446 ³
1332 5416 1484 5480 ibid„
1509 5418 1650 5468 18.-
1665 5418 1683 5447 ⁴
1701 5417 1865 5480 loon„

371 5493 404 5545 1,
427 5489 489 5549 u,
516 5491 589 5538 15.
616 5515 679 5528 -
703 5489 724 5520 ⁵
747 5487 896 5546 Gen„
922 5498 958 5546 1,
987 5489 1066 5536 26.
1085 5513 1148 5525 -
1177 5489 1201 5519 ⁸
1229 5488 1363 5552 Luc„
1394 5501 1430 5549 1,
1464 5491 1544 5539 28.
1579 5515 1631 5525 —-
1657 5491 1673 5520 ²
1693 5489 1864 5550 Hebr„

374 5564 430 5620 lv,
456 5562 520 5610 16.
546 5586 604 5600 -
625 5560 650 5597 ⁸
677 5560 798 5619 Ιεα..
827 5569 949 5622 ιω,
978 5560 1024 5609 t.
1057 5582 1118 5596 -
1145 5559 1169 5596 ⁹
1192 5559 1393 5626 aphes„
1415 5572 1477 5626 11,
1506 5563 1556 5613 4.
1583 5585 1644 5599 —
1676 5562 1711 5592 *⁰
1735 5559 1867 5624 Ose„

1964 670 2087 734 bus
2115 672 2421 753 gratiam,
2453 671 2788 755 Virginem
2814 674 2988 739 adire
3012 674 3035 709 '¹
3070 693 3091 739 ε
3130 698 3162 738 α
3188 676 3509 743 Adeamus

1965 797 2127 862 ergo
2155 799 2304 844 cum
2332 781 2564 846 fiducia
2600 782 2682 846 ad
2716 782 3026 847 thronum
3065 786 3291 866 gratiae
3329 788 3505 869 ejus,

1964 893 2040 952 ut
2065 888 2565 954 misericordiam
2596 908 3062 974 consequamur
3084 943 3100 973 ,
3133 897 3196 957 et
3236 896 3512 976 gratiam

1965 994 2369 1060 inveniamus
2423 996 2494 1059 in
2548 997 2792 1062 auxilio
2840 1005 3222 1084 opportuno.
3272 1024 3302 1062 n
3355 1003 3512 1070 Ecce

1965 1104 2241 1169 occurrit
2271 1105 2457 1169 nobis
2488 1103 2675 1170 Pater
2712 1108 3329 1191 misericordiarum,
3361 1131 3512 1177 cum

1967 1214 2209 1294 gratia;
2259 1220 2463 1279 mater
2502 1216 3081 1281 misericordiarum
3101 1267 3123 1298 ,
3167 1239 3315 1283 cum
3357 1240 3509 1302 gra·
3537 1268 3556 1287 .

1964 1319 2092 1398 tia;
2144 1320 2387 1403 Filius,
2437 1323 2549 1405 qui
2594 1327 2688 1388 est
2726 1323 2845 1388 lux
2889 1326 3510 1411 misericordiarum,

1966 1447 2116 1492 cum
2165 1430 2394 1511 gratia.
2432 1430 2607 1515 Ergo
2644 1433 2854 1515 prima
2894 1434 3240 1515 originatio
3285 1438 3515 1517 gratiae

1963 1538 2033 1600 in
2060 1537 2246 1601 nobis
2272 1540 2347 1601 fit
2371 1557 2486 1621 per
2516 1538 2799 1605 Verbum
2844 1541 3266 1607 incarnatum.
3309 1543 3517 1609 Infeli-

1965 1662 2102 1722 ceS‚
2133 1646 2249 1728 qui
2277 1646 2584 1727 ignorant
2608 1645 2890 1713 Verbum
2912 1699 2930 1730 ‚
2958 1653 3022 1713 et
3050 1652 3352 1732 ignorant
3373 1670 3517 1733 gra-

1965 1755 2146 1819 tiam.
2202 1754 2577 1821 Benedictus
2629 1756 2845 1838 Pater,
2881 1759 3232 1844 'benedicta
3280 1761 3511 1841 Mater,

1967 1864 2333 1929 benedictus
2380 1864 2611 1945 Filius;
2660 1866 3006 1946 benedicti,
3041 1868 3154 1951 qui
3197 1870 3321 1934 hoc
3360 1887 3514 1951 cog-

1966 1975 2278 2051 noscunt;
2319 1956 2648 2037 benedicta
2696 1973 2904 2054 gratia
2916 2022 2938 2054 ,
2989 1992 3138 2056 quae
3177 1979 3271 2039 est
3334 1999 3365 2037 α
3399 1977 3515 2043 dae

1965 2082 2109 2145 tum
2136 2080 2454 2163 optimum
2473 2128 2492 2158 ,
2525 2082 2589 2144 et
2615 2080 2857 2144 donum
2902 2082 3273 2165 perfectum.
3303 2104 3335 2142 n

2047 2187 2341 2252 Secundo
2369 2187 2687 2251 descendit
2718 2188 2930 2269 gratia
2971 2188 3040 2253 in
3072 2208 3188 2254 nos
3214 2208 3333 2273 per
3355 2189 3514 2256 Ver-

1967 2295 2127 2359 bum
2175 2295 2582 2359 crucifixum.
2644 2293 2785 2359 Non
2840 2297 3017 2359 enim
3070 2298 3517 2363 tantummodo

1968 2420 2229 2467 eramus
2254 2403 2452 2485 inepti
2481 2402 2559 2467 ad
2590 2404 2865 2484 gratiam
2904 2407 3164 2486 propter
3205 2406 3514 2486 ignoran-

1965 2512 2123 2575 tiam
2138 2511 2507 2575 divinorum
2533 2515 3002 2594 praeceptorum
3024 2534 3040 2589 ;
3069 2530 3300 2577 verum
3327 2514 3520 2578 etiam

1966 2625 2227 2703 propter
2286 2623 2574 2683 nostram
2627 2620 3138 2684 infirmissimam
3200 2621 3517 2704 impoten-

1967 2729 2147 2793 tiam.
2179 2725 2261 2792 Ut
2288 2745 2445 2809 ergo
2478 2726 2920 2792 saluberrimis
2946 2728 3301 2809 unguentis
3329 2748 3515 2793 sana-

1968 2841 2197 2901 rentur
2235 2824 2581 2917 languores
2626 2836 2828 2900 nostri
2853 2884 2869 2914 ,
2925 2835 3250 2901 descendit
3300 2837 3522 2903 divina

1968 2944 2183 3028 gratia
2214 2944 2281 3007 in
2307 2962 2426 3009 nos
2454 2963 2569 3027 per
2595 2941 2881 3008 Verbum
2902 2944 3308 3009 crucifixum.
3341 2943 3520 3012 Unde

1970 3052 2165 3117 isaias
2193 3052 2342 3116 dicit
2366 3056 2390 3092 ⁸
2422 3073 2437 3115 ε
2477 3050 2690 3117 «Vere
2715 3051 2964 3116 dolores
2990 3057 3238 3117 nostros
3266 3054 3401 3138 ipse
3424 3059 3519 3119 tu-

1968 3162 2073 3242 lit,
2116 3166 2180 3226 et
2203 3162 2558 3242 languores
2595 3165 2847 3225 nostros
2884 3161 3018 3244 ipse
3058 3164 3354 3245 portavit.
3373 3184 3405 3222 »
3440 3162 3520 3229 Et

1970 3271 2312 3354 Apostolus
2342 3270 2560 3335 scribit
2588 3274 2612 3311 ⁹
2645 3292 2661 3334 ε
2702 3292 2731 3329 α
2751 3269 2940 3350 Deus,
2972 3271 3084 3353 qui
3112 3272 3291 3337 dives
3317 3275 3412 3335 est
3450 3272 3519 3335 in

1970 3379 2433 3458 misericordia,
2484 3381 2744 3461 propter
2805 3378 3075 3441 nimiam
3144 3378 3517 3444 charitatem

1972 3506 2192 3567 suam,
2224 3505 2354 3568 qua
2376 3484 2598 3549 dilexit
2621 3503 2761 3565 nos,
2793 3504 2941 3549 cum
2971 3504 3253 3550 essemus
3280 3489 3519 3552 mortui

1970 3596 2264 3681 peccatiS,
2296 3593 2770 3659 convivificavit
2794 3612 2914 3657 nos
2935 3595 3005 3658 in
3036 3594 3303 3674 Christo,
3334 3597 3520 3676 cuius

1976 3703 2189 3785 gratia
2199 3701 2424 3765 salvati
2441 3718 2688 3765 sumuS.
2704 3720 2735 3759 ι»
2757 3698 2919 3763 Nam
2934 3700 3216 3765 Christus
3228 3701 3306 3766 de
3318 3705 3521 3765 morte

1971 3809 2400 3893 triumphavit
2440 3827 2553 3892 per
2598 3811 2875 3873 mortem
2899 3856 2920 3888 ‚
2967 3809 3121 3892 quia
3160 3828 3291 3874 non
3318 3811 3525 3893 potuit

1972 3938 2148 3984 mors
2176 3901 2520 3983 absorbere
2548 3917 2747 3982 vitam
2766 3965 2785 3995 ,
2814 3917 2924 3981 sed
2951 3906 3090 3980 fon's
3119 3917 3272 3982 vitae
3301 3918 3525 3982 absor-

1974 4028 2116 4093 buit
2144 4032 2438 4091 mortem.
2473 4023 2650 4089 Unde
2677 4025 2851 4090 Oseoe
2873 4023 2952 4106 (α)
2976 4023 3206 4089 dicitur
3232 4025 3313 4088 ¹⁰:
3344 4048 3374 4087 α
3398 4025 3525 4090 Ero

1973 4155 2149 4202 mors
2174 4140 2287 4200 tua
2310 4185 2326 4215 ,
2360 4153 2400 4199 o
2427 4151 2603 4197 mors
2641 4155 2656 4195 ε
2688 4149 2944 4196 morsus
2972 4135 3123 4196 tuus
3152 4151 3262 4196 ero
3283 4181 3302 4213 ,
3333 4133 3525 4197 infer-

1974 4265 2077 4310 ne.
2096 4266 2128 4305 n
2164 4243 2241 4308 Et
2255 4240 2592 4326 Apostolus
2614 4240 2765 4305 dicit
2793 4245 2837 4282 ¹¹
2870 4261 2886 4304 ε
2923 4240 3105 4306 «Non
3134 4240 3361 4323 aincio
3385 4260 3527 4322 gra-

1973 4353 2131 4417 tiam
2158 4350 2289 4415 Dei.
2321 4349 2390 4415 Si
2422 4349 2595 4413 enim
2625 4367 2743 4431 per
2777 4347 2990 4430 legem
3028 4350 3279 4431 justitia
3300 4398 3318 4429 ‚
3363 4368 3525 4431 ergo

1977 4460 2181 4545 gratis
2210 4459 2494 4524 Christus
2519 4461 2816 4522 mortuus
2841 4463 2956 4521 est.
2987 4479 3018 4517 n
3044 4457 3333 4522 Mortuus
3365 4477 3525 4540 ergo

1975 4571 2262 4638 Christus
2289 4572 2364 4632 ut
2391 4570 2677 4631 mortuos
2706 4566 3059 4646 suscitaret,
3092 4571 3154 4630 et
3179 4567 3518 4649 participes

1974 4680 2208 4744 faceret
2234 4677 2385 4741 vitae
2418 4675 2738 4756 gratiosae.
2773 4674 2946 4755 Ergo
2988 4674 3198 4755 gratia
3228 4673 3527 4738 innuitur

1974 4789 2043 4853 in
2070 4806 2190 4852 nos
2218 4804 2331 4869 per
2355 4782 2635 4849 Verbum
2667 4781 3080 4860 crucifixum,
3112 4782 3190 4845 de
3216 4783 3401 4863 cujus
3427 4782 3516 4845 la-

1974 4901 2110 4962 tere
2128 4894 2283 4959 exiit
2296 4891 2691 4975 profluvium
2713 4889 3100 4970 gratiarum,
3120 4888 3362 4952 habens
3383 4890 3521 4956 vim

1977 5002 2332 5071 sanativam
2363 5001 2410 5042 ¹²
2450 5016 2467 5061 ε
2505 5021 2537 5061 α
2563 4997 2704 5079 Ego
2732 4996 2912 5080 quasi
2937 4996 3179 5062 fluvius
3206 4995 3422 5078 Dorix,
3460 5003 3524 5063 et

1976 5115 2142 5178 sicut
2167 5111 2582 5194 aquaeductus
2610 5105 2783 5172 exivi
2810 5105 2887 5170 de
2915 5105 3227 5188 paradise.
3249 5126 3279 5164 n

2056 5220 2270 5286 Tertio
2297 5219 2483 5284 datur
2535 5214 2745 5297 gratia
2780 5232 2894 5297 per
2931 5214 3203 5280 verbum
3250 5213 3520 5296 inspira-

1974 5335 2139 5398 tum.
2170 5327 2341 5395 Misit
2367 5325 2627 5409 quidem
2649 5322 2815 5387 Deus
2838 5321 3047 5386 filium
3073 5321 3358 5388 suumin
3381 5339 3519 5386 car-

1977 5498 2096 5550 1111,
2127 5487 2269 5536 tte-
2289 5483 2326 5517 ¹¹
2355 5479 2551 5542 Galat„
2579 5490 2645 5542 11,
2671 5481 2750 5529 21.
2779 5503 2844 5515 —
2868 5477 2903 5508 ¹²
2929 5477 3111 5542 Eorta,
3139 5488 3285 5538 xxm,
3317 5473 3517 5527 thvid.

1977 5562 2105 5611 tom.
2146 5558 2187 5621 1,
2214 5570 2269 5621 p.
2299 5558 2376 5606 10.
2397 5579 2459 5593 -
2490 5552 2562 5617 (a)
2589 5550 2767 5615 Suppl.
2793 5547 2946 5600 libro.
