4196 6294
662 369 779 431 358
1708 370 2120 439 Exposl'rlo
2166 375 2242 440 ΙΝ
2287 377 2808 447 PSALTERIUM.

658 500 720 555 in
749 513 866 571 me,
915 503 970 557 et
1011 500 1288 559 miserere
1330 502 1482 576 mei3
1531 503 1611 562 da
1654 506 1967 581 imperium
2004 524 2193 582 puero

658 596 800 662 tuo,
844 595 901 649 et
938 592 1173 651 salvum
1212 594 1305 652 t'ac
1354 596 1545 654 filium
1588 598 1815 656 ancillae
1863 604 1992 658 moe.
2040 623 2070 654 ιι
2119 605 2197 659 De

659 685 921 743 secunda
947 685 1121 745 etiam
1151 688 1232 745 ait
1257 690 1749 766 psalmographus
1770 693 1789 725 ¹
1821 711 1836 749 :
1871 714 1899 746 c
1928 695 2196 766 Domine,

660 777 935 837 miserere
964 781 1115 852 mei,
1152 797 1295 839 sana
1323 784 1585 841 animam
1619 801 1850 857 meam,
1892 787 2034 862 quia
2059 806 2196 862 pec-

661 870 790 927 cavi
819 871 947 929 tibi.
978 895 1004 927 n
1042 876 1119 932 De
1148 875 1313 933 tertia
1349 893 1552 934 rursus
1578 878 1832 952 legimus
1858 877 1881 911 ¹
1923 900 1939 938 ε
1974 903 2002 934 ι
2030 883 2193 940 nise-

660 981 789 1021 rere
815 964 932 1023 mei
951 1009 971 1038 ,
1000 968 1262 1039 Domine,
1291 970 1580 1043 quoniam
1606 972 1887 1045 tribulor3
1921 997 1948 1024 n
1983 974 2045 1031 in
2073 991 2194 1049 quo

659 1061 821 1130 patet
844 1074 1022 1132 poena
1047 1062 1314 1119 exterior.

1298 1225 1557 1291 Epilogus.

734 1343 798 1397 Et
838 1342 952 1399 hoc
985 1347 1090 1416 est,
1140 1344 1307 1419 quod
1346 1347 1427 1405 ait
1470 1347 1759 1423 Propheta
1802 1348 1864 1404 in
1908 1348 2198 1422 praelibati

660 1434 990 1508 poenitentis
1013 1453 1273 1512 persona
1302 1460 1316 1496 :
1351 1443 1512 1498 Viam
1539 1445 1879 1515 iniquitatis,
1909 1446 2196 1516 quantum

663 1528 740 1584 ad
766 1532 1222 1601 suggestionem,
1244 1549 1352 1607 per
1367 1550 1550 1608 quam
1570 1535 1847 1609 iniquitas
1861 1536 2194 1610 (a)incedit;

662 1623 858 1678 Amore
900 1640 934 1679 a
964 1640 1084 1693 me,
1126 1630 1414 1698 quantum
1455 1627 1534 1684 ad
1575 1622 2053 1703 subreptionem,
2089 1646 2198 1703 per

662 1730 845 1786 quam
871 1716 1147 1789 iniquitas
1166 1719 1423 1792 accedit3
1449 1723 1518 1776 Ee
1540 1725 1599 1778 in
1622 1724 1734 1794 leqe
1762 1729 1879 1793 tua,
1907 1727 2196 1798 quantum

661 1806 741 1864 ad
786 1808 935 1882 legis
985 1811 1390 1882 aversionem,
1438 1831 1559 1888 qua
1611 1816 1887 1890 imquitas
1932 1816 2193 1888 excedit;

662 1901 915 1958 Miserere
947 1907 1085 1971 mei,
1136 1908 1423 1978 quantum
1468 1909 1548 1966 ad
1598 1908 2197 1982 animadversionem,

662 2010 796 2068 quae
822 1995 1111 2069 iniquitati
1140 1998 1415 2057 succedit.
1581 2014 1591 2024 ·

1188 2223 1512 2268 vnsmutus
1548 2226 1660 2268 xlv.

733 2376 823 2431 30.
839 2376 998 2432 Viam
1009 2378 1256 2433 veritatis
1270 2381 1423 2451 eleqi,
1436 2383 1546 2437 etc.
1570 2380 1937 2439 Sicutversus
1950 2399 2198 2457 praeam-

663 2467 839 2525 bulus
865 2469 1194 2542 pertinebat
1221 2470 1302 2527 ad
1336 2472 1621 2546 peccandi
1652 2473 2087 2545 difficultatem,
2115 2477 2198 2534 sic

436 2596 638 2638 mimi,
662 2560 768 2618 iste
811 2562 1011 2620 attinet
1052 2563 1132 2621 ad
1174 2567 1590 2639 perseverandi
1628 2567 1983 2625 facilitatem.
2029 2569 2196 2627 Ratio

408 2720 411 2723 .
468 2663 596 2703 necno
663 2669 805 2712 vero
834 2655 1002 2714 dictae
1039 2656 1327 2715 facilitatis
1366 2664 1452 2717 est
1492 2659 1727 2718 dilectio
1754 2662 2048 2736 veritatis,
2077 2681 2200 2738 qua

433 2723 637 2840 ορῖᾘαω,
661 2763 829 2805 mens
882 2750 1163 2823 trahitur,
1214 2753 1540 2810 trahentem
1590 2756 1854 2829 sequitur
1873 2799 1894 2828 ,
1943 2773 2198 2832 sequens

663 2843 1070 2917 consequitur,
1099 2850 1156 2902 et
1183 2862 1551 2921 consequens
1585 2849 2019 2923 complectitur,
2050 2850 2202 2909 sicut

663 2936 724 2992 in
774 2937 1043 3010 praesenti
1095 2939 1386 2997 versiculo
1435 2957 1544 3014 per
1598 2940 1868 2999 ordinem
1914 2944 2196 3017 aperitur.

663 3030 928 3088 Trahitur
980 3035 1175 3089 autem
1218 3032 1572 3091 admirando
1590 3054 1608 3105 ;
1648 3035 1909 3109 sequitur
1962 3036 2196 3109 investi-

665 3123 903 3198 gand03
933 3126 1309 3202 consequitur
1348 3127 1748 3202 speculando;
1792 3129 2198 3205 complectitur

666 3217 1033 3279 delectando.

1155 3370 1438 3426 Articulus
1467 3373 1697 3442 primm.

742 3524 898 3579 Viam
924 3523 1190 3579 veritatis.
1236 3516 1334 3574 ilie
1369 3520 1605 3575 notatur
1633 3525 1730 3581 via
1770 3525 2198 3600 admirationiS,

662 3634 769 3691 pcr
817 3634 998 3692 quam
1050 3618 1262 3676 veritas
1308 3619 1482 3678 trahit
1522 3624 1815 3692 mentem,
1854 3621 2195 3680 reducendo

665 3716 994 3771 creaturam
1028 3713 1419 3771 admirantem
1460 3713 1541 3770 ad
1581 3713 1994 3773 admirabilem
2031 3719 2199 3775 Crea-

665 3812 874 3866 torem.
922 3807 1034 3866 Sed
1063 3806 1420 3874 notandum,
1460 3808 1628 3882 quod
1671 3810 1795 3866 haec
1832 3810 1930 3868 via
1966 3812 2200 3872 videtur

665 3902 903 3959 trivium
937 3901 1245 3977 quoddam
1281 3902 1471 3960 facere
1503 3922 1517 3955 ε
1560 3903 1818 3962 continet
1852 3904 2010 3962 enim
2038 3907 2199 3964 viam

667 3995 1078 4054 admirativam
1118 3995 1331 4054 divinoe
1373 3997 1649 4071 potentiae
1664 4017 1684 4066 ,-
1732 3998 1892 4056 viam
1938 3998 2197 4058 admira-

667 4089 848 4148 tivam
872 4077 1086 4148 dirime
1111 4091 1408 4165 sapientiai
1429 4111 1446 4163 3
1473 4092 1634 4150 viam
1663 4109 1905 4168 quoque
1940 4094 2200 4152 admira-

667 4184 850 4243 tivam
875 4183 1151 4242 bonitatis
1192 4184 1422 4242 divinae.
1463 4188 1721 4254 Quarum
1751 4187 1945 4262 prima
1987 4188 2200 4246 dicitur

668 4277 730 4334 in
748 4278 1040 4352 Scriptura
1055 4278 1154 4336 via
1169 4279 1592 4353 procellarum3
1618 4281 1896 4351 secunda,
1916 4281 2015 4338 via
2036 4283 2199 4340 Beth·

667 4372 1038 4445 samitarum3
1064 4373 1262 4447 tertia,
1292 4373 1390 4432 via
1414 4375 1741 4434 vinearum.
1779 4379 1855 4433 De
1883 4377 2074 4450 prima
2098 4378 2199 4437 via

667 4465 958 4541 Scriptura
974 4466 1254 4540 loquitur,
1273 4469 1379 4525 ubi
1395 4468 1668 4527 scribitur
1689 4472 1711 4506 ³
1734 4487 1748 4526 :
1777 4490 1805 4524 α
1822 4471 2067 4539 Quando
2091 4489 2200 4546 po-

669 4560 1067 4634 nebatpluviis
1078 4561 1289 4634 legem,
1304 4565 1361 4620 et
1370 4563 1532 4620 viam
1545 4563 1817 4638 procellis
1830 4567 2196 4640 sonantibuS,

672 4657 805 4712 tunc
833 4654 980 4712 vidit
1013 4655 1196 4713 illam.
1228 4676 1257 4710 ιο
1289 4658 1354 4714 ln
1380 4656 1493 4713 hac
1522 4657 1742 4732 quippe
1768 4658 2059 4733 Scriptura
2084 4662 2196 4720 sub

668 4748 1004 4822 pluviarum
1052 4754 1108 4807 et
1158 4753 1553 4825 procellarum
1605 4753 1798 4827 figura
1852 4755 2199 4816 describitur

667 4843 818 4902 mira
845 4844 944 4903 Dei
970 4846 1249 4918 potentia,
1277 4846 1639 4920 disponentis
1662 4865 1869 4923 poenas
1894 4849 2197 4910 mirandas

668 4940 872 4994 contra
898 4937 1100 5012 culpas
1129 4940 1521 5013 miserandas,
1549 4942 1766 5001 scilicet
1797 4943 2061 5017 algorem
2086 4947 2198 5004 mi-

667 5030 914 5088 rabilem
956 5037 1013 5090 et
1051 5033 1324 5092 ardorem
1345 5077 1364 5107 ,
1394 5041 1593 5097 contra
1642 5037 1913 5098 timorem
1957 5041 2198 5101 misera-

733 5179 749 5211 ¹
784 5177 924 5228 Psal.
951 5190 1043 5244 n,
1073 5185 1119 5233 5.
1150 5206 1208 5219 —
1235 5185 1258 5217 ²
1279 5183 1415 5234 Psal.
1444 5195 1579 5248 xxx,
1610 5190 1687 5236 ιο.
1716 5211 1776 5223 -
1806 5187 1829 5222 ⁸
1852 5186 1968 5248 lob,
1996 5199 2191 5253 xxvm,

610 5289 611 5292 ,
667 5251 746 5298 26.
776 5275 834 5287 -
863 5251 879 5279 ⁴
919 5250 1064 5316 1bid.,
1092 5256 1168 5303 28.
1197 5281 1259 5291 —
1284 5255 1305 5289 ⁸
1335 5256 1351 5305 l
1385 5256 1518 5319 Κεφ,
1556 5268 1632 5319 vt,
1667 5260 1740 5307 12.
1773 5285 1829 5296 -
1864 5260 1882 5289 ⁶
1905 5258 2018 5323 lob,
2047 5273 2193 5325 xxiv,

672 5321 745 5369 18.
775 5346 836 5360 -
861 5323 884 5358 ⁷
910 5323 1029 5389 Im„
1055 5336 1181 5388 Lxu,
1214 5331 1287 5378 ¹0.

2304 512 2487 573 bilem
2514 519 2570 573 et
2597 532 2901 575 amorem:
2933 518 3093 577 unde
3116 519 3256 578 dicit
3286 538 3302 577 :
3331 521 3560 590 deo
3577 523 3834 596 ponebat,

2306 605 2370 663 id
2396 611 2513 680 est,
2550 610 2928 685 disponebat3
2965 614 3171 685 pluviis
3217 616 3407 685 leqem,
3443 620 3730 689 quantum
3757 616 3839 672 ad

2302 716 2508 774 poenas
2544 719 2793 778 aquea5‚
2835 722 2967 780 quae
3001 706 3255 780 puniunt
3290 724 3401 781 per
3436 708 3701 782 algorem
3721 727 3739 779 ;
3788 716 3837 765 et

2305 799 2452 851 viam
2492 800 2736 869 procellis
2788 801 3130 870 sonantibus,
3172 806 3459 874 quantum
3513 802 3591 858 ad
3632 818 3838 876 poeuas

2307 890 2546 962 igneas,
2582 908 2714 965 quae
2749 893 3002 967 puniunt
3037 910 3141 969 per
3178 895 3453 953 ardorem
3471 916 3491 968 ;
3521 904 3646 954 time
3670 899 3839 968 vidit,

2309 982 2370 1038 id
2421 987 2525 1054 est,
2574 984 2758 1043 videri
2805 986 2958 1060 fecit,
3009 991 3182 1060 illam,
3228 988 3446 1047 scilieet
3493 990 3838 1065 sapientiam

2307 1077 2671 1151 timoratam,
2709 1079 2803 1137 vel
2847 1080 3253 1156 sapientialem
3288 1083 3579 1141 timorem.
3625 1088 3691 1141 Et
3724 1085 3839 1141 hoc

2309 1177 2414 1246 est,
2455 1176 2622 1248 quod
2667 1176 2868 1235 subdit
2901 1177 3102 1235 infra*
3138 1196 3155 1235 :
3201 1200 3229 1229 α
3273 1181 3341 1236 Et
3381 1177 3527 1235 dixit
3570 1178 3836 1236 homini:

2308 1269 2450 1325 Ecce
2468 1269 2644 1328 timor
2670 1271 2764 1328 Dei
2792 1276 2875 1328 est
2900 1272 3204 1346 sapientia.
3226 1293 3253 1326 »
3287 1275 3430 1329 Ecce
3461 1271 3558 1329 via
3584 1271 3841 1331 admira-

2309 1360 2425 1417 tiva
2479 1361 2692 1420 divinae
2744 1364 3044 1437 potentiae,
3102 1382 3235 1440 quae
3286 1370 3372 1422 est
3423 1364 3843 1424 comminativa

2306 1471 2513 1528 poenae.
2544 1460 2622 1514 De
2644 1458 2905 1516 secunda
2921 1459 3019 1517 via
3044 1460 3456 1517 convenienter
3482 1457 3841 1531 intelligitur,

2307 1549 2474 1623 quod
2499 1549 2711 1623 legitur
2737 1554 2757 1585 ⁸
2792 1571 2807 1609 z
2843 1575 2871 1606 ι
2907 1553 3074 1612 ibant
3099 1554 3160 1609 in
3197 1553 3485 1611 directum
3520 1569 3711 1610 vaccae
3735 1567 3840 1625 per

2308 1643 2497 1714 viam,
2527 1661 2659 1719 quse
2687 1645 2849 1703 ducit
2875 1646 3223 1705 Bethsames.
3263 1667 3292 1700 n
3337 1649 3460 1705 lstae
3487 1663 3680 1705 vaceae
3707 1650 3843 1705 sunt
3929 1673 4082 1711 vm

2309 1738 2460 1795 vires
2511 1739 2774 1797 rationis,
2830 1744 2940 1798 ista
2991 1742 3090 1799 via
3143 1746 3229 1799 est
3270 1742 3366 1800 via
3413 1742 3840 1815 admirationIS,
3887 1734 4072 1776 ΒΜ

2309 1848 2426 1903 φιω
2452 1833 2604 1889 ducit
2639 1835 2939 1892 Bethsames
2957 1877 2976 1906 ‚
3006 1834 3071 1892 id
3099 1840 3212 1907 est,
3244 1836 3306 1891 in
3336 1836 3586 1893 domum
3625 1836 3842 1893 illumi·
3871 1809 3986 1840 ”²⁹⁵⁶

2308 1924 2595 1997 nationis,
2638 1943 2742 1983 seu
2778 1927 3076 2002 sapientiae
3115 1928 3518 1989 illuminantis
3565 1932 3708 1986 Ecce
3748 1930 3846 1987 via

2310 2017 2659 2077 admirativa
2696 2020 2912 2078 divinae
2954 2022 3280 2096 sapientire,
3331 2040 3464 2097 quae
3507 2026 3593 2079 est
3630 2023 3847 2080 illumi-

2310 2112 2510 2169 nativa
2537 2112 2951 2186 intelligentiae.
2993 2118 3067 2172 De
3110 2116 3275 2172 tertia
3313 2116 3411 2173 via
3447 2118 3848 2189 competenter

2311 2206 2648 2279 exponitur,
2689 2207 2854 2281 quod
2880 2208 3234 2282 proponitur
3258 2208 3280 2241 ⁶
3311 2228 3327 2266 ε
3368 2228 3396 2262 α
3437 2207 3740 2267 Maledicta
3775 2209 3848 2266 sit

2309 2315 2445 2371 pars
2472 2300 2596 2372 ejus
2623 2300 2884 2373 interra,
2909 2318 3015 2358 nec
3043 2302 3306 2359 ambulet
3330 2319 3438 2376 per
3464 2303 3623 2360 viam
3650 2304 3846 2359 vinea-

2309 2408 2461 2450 rum.
2491 2414 2517 2446 n
2567 2396 2643 2450 De
2672 2393 2940 2452 adultero
2982 2395 3274 2469 loquitur,
3313 2396 3418 2471 qui
3458 2395 3843 2453 delectatione

2311 2486 2531 2544 carnali
2570 2488 2740 2561 quasi
2766 2492 2930 2560 parte
2977 2494 3033 2547 et
3072 2492 3226 2547 sorte
3271 2506 3377 2547 sua
3405 2488 3630 2546 fruitur.
3665 2490 3843 2562 liujus

2309 2595 2514 2637 revera
2543 2581 2856 2639 maledicta
2883 2585 2968 2638 est
3010 2599 3147 2656 pars
3173 2583 3234 2638 in
3264 2585 3438 2653 terra,
3469 2587 3524 2639 et
3551 2598 3657 2657 per
3683 2583 3843 2639 viam

2309 2673 2615 2730 vinearum
2660 2690 2784 2731 non
2830 2676 3131 2747 ambulat3
3179 2677 3463 2750 quoniam
3515 2676 3591 2733 ad
3643 2677 3841 2734 suavi-

2310 2771 2486 2825 tatem
2543 2767 2865 2826 coelestium
2915 2769 3260 2827 deliciarum
3314 2770 3664 2828 admirando
3720 2786 3844 2827 non

2309 2862 2762 2936 appropinquat.
2790 2866 2931 2919 Ecce
2950 2865 3049 2920 via
3067 2864 3418 2922 admirativa
3440 2864 3651 2921 divinae
3673 2864 3844 2921 boni·

2309 2955 2460 3027 tatis,
2491 2972 2623 3030 quae
2651 2961 2735 3014 est
2762 2957 3149 3029 germinativa
3174 2973 3422 3016 summae
3442 2959 3759 3017 suavitatis.

2794 3118 3078 3176 Articulus
3104 3118 3383 3176 secundus.

2379 3245 2554 3313 Eleqi.
2600 3241 2699 3299 Hic
2734 3247 2969 3301 notatur
3007 3259 3174 3301 mens
3217 3244 3517 3302 veritatem
3567 3247 3837 3321 sequens

2310 3338 2674 3409 Quicumque
2710 3337 2869 3394 enim
2911 3337 3091 3410 eligit,
3122 3337 3363 3395 internis
3383 3339 3634 3413 pedibus
3661 3345 3843 3399 secta-
3874 3365 4080 3407 mmm.

2309 3433 2401 3487 tur
2428 3428 2520 3500 id,
2549 3429 2719 3503 quod
2746 3430 2938 3503 elegit.
2971 3432 3036 3487 Et
3061 3438 3235 3504 nota,
3265 3433 3431 3507 quod
3467 3451 3633 3491 mens
3658 3433 3845 3509 tripli·
3892 3415 4058 3498 Pncff'ef

2309 3522 2451 3580 citer
2475 3523 2778 3581 veritatem
2805 3525 2967 3597 eligit
2993 3525 3086 3599 (ὁ),
3117 3529 3172 3583 et
3213 3526 3487 3599 eligendo
3540 3527 3805 3602 sequitur
3822 3570 3843 3600 ,
3873 3493 4076 3596 ᾆὲωῷ-

2310 3630 2493 3690 quam
2538 3616 2713 3689 elegit
2761 3637 2778 3672 ε
2821 3616 3096 3676 videlicet
3142 3621 3498 3693 scrutando,
3553 3621 3843 3695 legendo,
3872 3617 3951 3671 85‘·

2311 3710 2558 3768 orand0.
2591 3711 2915 3769 Scrutando
2953 3712 3198 3786 quidem
3235 3714 3424 3787 eligit,
3452 3716 3599 3774 sicut
3626 3717 3845 3775 elector

2308 3803 2579 3879 lapidum
2598 3846 2617 3875 ,
2676 3806 2893 3878 quibus
2950 3807 3160 3863 veritas
3207 3807 3514 3881 figuratur.
3569 3811 3843 3884 Legendo

2311 3898 2491 3971 eligit,
2519 3899 2667 3957 sicut
2693 3898 2905 3957 elector
2932 3900 3246 3971 doctrinoe,
3269 3919 3390 3977 qua
3418 3904 3627 3961 veritas
3653 3904 3843 3978 expli-

2311 3997 2492 4051 catur.
2524 3993 2759 4051 Orando
2789 3993 2985 4067 eligit,
3022 3995 3168 4052 sicut
3208 3996 3422 4055 elector
3450 3998 3694 4071 domuS,
3723 4015 3844 4073 qua

2310 4088 2522 4145 veritas
2548 4087 2869 4145 invocatur.
2904 4090 2981 4144 De
3011 4089 3205 4176 primo
3229 4092 3250 4124 ‘¹
3283 4109 3297 4147 :
3333 4111 3362 4145 α
3382 4092 3656 4163 Transite,
3685 4096 3840 4151 tran-

2311 4180 2415 4239 site
2455 4197 2562 4255 per
2599 4185 2799 4255 portas
2821 4224 2836 4246 ,
2869 4187 3192 4255 praeparate
3235 4183 3393 4242 viam
3427 4187 3689 4260 popu10,
3716 4186 3843 4261 pla-

2311 4292 2456 4333 num
2492 4275 2660 4333 facite
2696 4276 2836 4347 iter,
2881 4279 2938 4334 et
2974 4274 3166 4349 eligite
3217 4277 3476 4352 lapideS,
3521 4273 3576 4337 et
3619 4281 3843 4338 elevate

2311 4371 2547 4443 signum
2571 4368 2650 4426 ad
2675 4368 2990 4443 populosa>
3018 4372 3154 4439 Quae
3181 4376 3317 4428 sunt
3342 4377 3549 4445 portae,
3566 4391 3716 4449 quas
3742 4374 3845 4432 de-

2310 4465 2514 4522 bemus
2560 4465 2824 4535 transire,
2871 4464 2981 4520 nisi
3033 4468 3216 4539 portae
3258 4466 3536 4537 justitiae?
3581 4470 3718 4538 Quae
3762 4472 3847 4525 est

2312 4558 2427 4629 via,
2455 4574 2639 4632 quam
2686 4556 2974 4615 debemus
3011 4574 3376 4632 praeparare,
3409 4560 3520 4618 nisi
3568 4562 3663 4620 via
3702 4579 3844 4637 pru-

2315 4651 2566 4710 dentiae?
2594 4651 2766 4720 Quod
2795 4655 2880 4708 est
2904 4653 3043 4724 iter,
3077 4651 3243 4725 quod
3270 4653 3557 4711 debemus
3584 4657 3845 4730 compla-

2310 4763 2475 4818 nare,
2530 4747 2643 4804 nisi
2697 4745 3010 4803 difficultas
3062 4746 3502 4820 intelligentiae?
3553 4750 3661 4818 Qui
3712 4757 3846 4810 sunt

2310 4841 2570 4916 lapideS,
2613 4855 2764 4914 quos
2809 4839 3094 4897 debemus
3131 4841 3346 4914 eligere
3357 4886 3375 4915 ‚
3406 4843 3518 4899 uisi
3553 4860 3763 4917 graves
3791 4853 3846 4904 et

2313 4937 2474 4994 duroe
2499 4933 2754 4993 veritatis
2780 4933 3022 5005 figurae?
3050 4934 3221 5003 Quod
3256 4939 3343 4992 est
3377 4935 3642 5010 signum,
3679 4940 3845 5012 quod

2311 5031 2597 5088 debemus
2625 5026 2703 5084 ad
2728 5028 2985 5101 populos
3012 5028 3264 5099 elevare,
3287 5028 3398 5085 nisi
3425 5028 3664 5104 signatae
3689 5032 3845 5088 veri-

2310 5124 2438 5183 tatis
2485 5123 2552 5197 (c)
2597 5121 2833 5179 theoriae
2852 5124 2881 5178 ἵ
2933 5125 3075 5180 Ecce
3126 5122 3432 5196 quomodo
3469 5122 3699 5197 lapides
3745 5125 3844 5182 eli·

2340 5241 2440 5318 ’(α)
2472 5248 2590 5298 Caet.
2615 5247 2735 5298 edit.
2762 5247 3124 5314 iniquitatis.—-
3142 5249 3204 5315 (b)
3220 5252 3340 5300 Item
3370 5251 3538 5314 elegit.
3561 5253 3840 5316 —(c)11em

2309 5325 2511 5376 veritas.
