4196 6294
1626 409 1988 520 PSALMUS
2033 453 2293 520 exvm.

1001 653 1260 722 Epilogus.

427 786 513 841 Ex
568 781 881 855 praemissis
930 785 1121 855 potest
1175 783 1476 855 patescere
1538 793 1709 836 mens
1761 780 1899 835 Pro-

353 875 591 950 phetae:
648 875 902 933 ostendit
953 876 1111 932 enim
1166 873 1450 932 orationis
1503 871 1729 930 vocalis
1777 870 1897 927 vir-

354 973 568 1040 tutem,
606 987 727 1045 qua
753 969 1078 1028 custoditur
1104 968 1346 1027 interior
1373 968 1557 1024 homo
1591 981 1700 1039 per
1737 969 1899 1024 exte-

353 1068 596 1140 riorem,
630 1069 865 1126 dicens:
910 1070 1496 1142 Appropinquaverunt
1530 1067 1898 1137 persequentes

351 1179 432 1220 me
450 1204 465 1230 ,
493 1166 783 1237 quantum
810 1161 889 1219 ad
917 1161 1342 1232 cogitationum
1378 1158 1728 1216 animalium
1766 1173 1897 1214 cur-

351 1270 485 1311 sum
499 1274 517 1326 ;
546 1257 878 1327 Iniquitati,
907 1255 1199 1329 quantum
1226 1253 1307 1312 ad
1333 1251 1717 1310 ratIonalium
1751 1266 1896 1308 con-

350 1347 693 1407 sensionum
718 1364 1102 1420 concursum;
1132 1350 1175 1403 A
1209 1350 1318 1420 leqe
1341 1351 1521 1404 autem
1552 1351 1670 1417 tua,
1702 1360 1897 1419 quan-

350 1445 477 1500 tum
503 1441 584 1500 ad
624 1441 907 1515 legalium
944 1441 1267 1500 lectionum
1302 1456 1677 1511 succursum3
1720 1440 1900 1511 Lonqe

349 1539 493 1605 facti
524 1541 682 1607 sunt,
720 1539 1009 1611 quantum
1049 1535 1128 1593 ad
1169 1534 1379 1593 talium
1417 1532 1896 1607 persecutionum

351 1644 675 1688 recursum.

888 1771 1222 1816 vssnslcnms
1258 1771 1357 1814 vn.

419 1914 515 1969 151
531 1953 543 1966 .
562 1914 734 1985 Prope
749 1928 803 1970 es
820 1917 901 1982 tu,
920 1915 1159 1983 Domine,
1179 1915 1287 1969 etc.
1310 1914 1444 1969 Post
1456 1910 1714 1984 primam
1721 1926 1898 1969 voca-

346 2006 421 2064 lis
445 2007 727 2065 orationis
764 2006 1070 2076 virtutem,
1108 2021 1229 2079 qua
1266 2004 1547 2062 divinitus
1584 2004 1897 2063 exauditur

338 2099 530 2158 ¹homo
576 2100 828 2157 exterior
875 2115 983 2172 per
1027 2098 1398 2170 interiorem3
1450 2102 1508 2158 et
1544 2098 1893 2170 secundam,

346 2210 466 2268 qua
492 2194 775 2251 divinitus
821 2192 1150 2250 custoditur
1182 2191 1369 2250 homo
1395 2191 1640 2249 interior
1663 2208 1773 2266 per
1798 2207 1896 2248 ex-

344 2287 620 2346 teriorem
637 2307 652 2356 ;
685 2287 982 2345 acceditur
1007 2286 1087 2344 ad
1116 2286 1366 2356 tertiam,
1393 2302 1513 2359 qua
1555 2285 1764 2344 doctor
1800 2301 1894 2342 su·

342 2381 543 2455 perior
569 2380 649 2438 ad
680 2380 987 2438 hominem
1033 2379 1374 2436 interiorem
1411 2377 1743 2450 ingreditur
1783 2394 1893 2452 per

345 2475 714 2532 exteriorem.
772 2477 893 2531 Hoc
939 2472 1243 2530 evidenter
1286 2473 1597 2546 probatur,
1635 2489 1773 2530 cum
1798 2489 1892 2530 sa-

340 2568 569 2642 pienter
594 2567 900 2642 psallitur,
927 2567 995 2624 ut
1022 2567 1417 2639 intelligenter
1443 2570 1646 2625 oratur
1677 2586 1691 2624 ε
1723 2566 1890 2641 quod

343 2662 503 2719 enim
529 2661 778 2719 exterius
805 2661 1249 2734 pronuntiatur,
1279 2660 1523 2719 interius
1551 2660 1854 2719 nuntiatur
1865 2681 1885 2733 3

342 2755 510 2828 quod
558 2754 912 2813 sensibiliter
956 2754 1372 2827 pronuntiatur
1418 2743 1527 2828 per
1583 2754 1891 2812 hominem

341 2849 725 2921 exteriorem,
748 2845 1192 2920 intelligibiliter
1219 2848 1524 2905 nuntiatur
1570 2848 1650 2906 ad
1693 2849 1890 2906 homi-

342 2959 479 3000 nem
505 2941 862 3000 interiorem.
892 2945 958 2999 ln
986 2943 1251 2999 oratione
1278 2957 1543 3016 namque
1569 2942 1765 2999 vocali
1803 2947 1892 3000 est

343 3041 400 3094 et
425 3036 706 3094 vocalitas
744 3034 1073 3102 sensibiliS,
1121 3038 1178 3092 et
1217 3034 1435 3093 veritas
1471 3034 1856 3107 intelligibilis
1865 3055 1885 3108 3

342 3129 622 3189 vocalitas
645 3128 1053 3204 pronuntiata,
1083 3127 1299 3187 veritas
1336 3129 1622 3203 nuntiata.
1652 3128 1885 3187 vocali-

340 3228 427 3282 tas
452 3240 640 3298 usque
667 3223 747 3281 ad
773 3223 1047 3281 auditum
1075 3222 1492 3297 progreditur3
1522 3222 1629 3280 sed
1671 3222 1886 3281 veritas

339 3318 497 3376 intus
509 3334 697 3392 usque
711 3317 791 3375 ad
816 3317 1178 3375 intellectum
1201 3316 1552 3390 ingreditur.
1572 3319 1720 3374 Cum
1743 3333 1885 3389 ergo

337 3428 446 3485 per
475 3412 877 3484 vocalitatem,
921 3427 1055 3485 quae
1091 3427 1201 3485 per
1237 3426 1531 3483 organum
1564 3411 1683 3469 oris
1720 3410 1886 3468 emit-

340 3508 506 3580 titur,
535 3507 699 3566 etad
725 3522 1018 3580 organum
1057 3506 1217 3565 auris
1259 3505 1696 3577 transmittitur,
1728 3506 1884 3564 veri-

344 3607 433 3660 tas
459 3601 892 3672 intromittitur,
930 3606 1068 3659 tunc
1097 3602 1305 3660 doctor
1345 3599 1615 3674 superior
1640 3616 1748 3674 per
1774 3600 1886 3658 ho·

339 3696 564 3754 minem
611 3695 960 3753 exteriorem
1000 3694 1080 3752 ad
1125 3693 1467 3773 interiorem
1502 3692 1745 3752 introire
1794 3693 1887 3750 di-

341 3790 661 3863 gnoscitur.
711 3793 831 3847 Hoc
876 3789 1182 3848 annotavit
1216 3789 1549 3861 Psalmista,
1580 3805 1719 3847 cum
1759 3789 1882 3847 ait:

338 3888 513 3958 Prope
533 3890 691 3957 estu,
720 3888 853 3956 etc„
883 3900 953 3942 ac
978 3884 1027 3940 si
1046 3883 1394 3941 dicathomo
1408 3883 1887 3957 interiorzPrope
1918 3888 1921 3891 '

342 3995 404 4036 es
430 3983 513 4050 tu,
546 3978 754 4037 doctor
784 3978 1096 4052 superior3
1127 3981 1185 4035 et
1211 3993 1333 4035 vox
1359 3980 1482 4045 tua,
1508 3993 1693 4051 quam
1721 3977 1886 4035 emit-

339 4073 406 4131 tit
428 4074 612 4131 homo
662 4072 942 4142 exterior,
989 4074 1076 4128 est
1107 4065 1356 4142 veritae,
1409 4086 1595 4145 quam
1630 4070 1890 4130 admittit

340 4167 523 4225 homo
567 4166 829 4225 interior.
876 4167 1137 4235 Quatuor
1175 4164 1374 4239 itaque
1425 4179 1745 4237 possumus
1789 4164 1887 4222 hic

339 4265 545 4320 notare
577 4278 593 4318 ε
623 4260 757 4335 quis
780 4259 1107 4332 ingreditur
1118 4278 1136 4332 ;
1186 4259 1266 4317 ad
1303 4274 1487 4333 quem
1520 4258 1883 4331 ingreditur3

338 4372 448 4429 per
480 4371 661 4431 quem
706 4354 1066 4429 ingreditur,
1108 4356 1166 4411 et
1204 4353 1457 4427 qualiter
1508 4352 1837 4425 ingreditur
1868 4371 1883 4410 ε

341 4449 486 4524 quia
523 4449 731 4507 doctor
767 4448 1037 4523 superior
1073 4446 1153 4505 ad
1187 4446 1496 4505 hominem
1522 4446 1883 4521 interiorem,

338 4560 447 4619 per
471 4544 776 4602 hominem
800 4541 1167 4613 exteriorem,
1194 4540 1453 4601 veritatis
1472 4540 1882 4599 adductorem.

846 4703 1122 4760 Articulus
1151 4704 1387 4774 primus.

414 4830 672 4889 Primum
698 4830 961 4900 notatur,
999 4826 1253 4886 dicendo
1287 4846 1301 4885 :
1337 4829 1445 4896 Tu,
1486 4832 1727 4888 Domine.
1762 4828 1885 4900 Hic,

341 4925 403 4981 ni
432 4924 636 4994 fallor,
667 4923 1101 4981 demonstratur
1146 4922 1354 4981 doctor
1399 4922 1670 4997 superior
1700 4941 1716 4979 ε
1754 4922 1887 4996 quis

343 5019 502 5077 enim
527 5018 723 5075 verius
758 5018 986 5089 doctor,
1018 5032 1204 5091 quam
1229 5016 1554 5075 Dominus?
1583 5015 1744 5074 Unde
1773 5032 1886 5075 no-

341 5112 592 5171 tandum
618 5111 774 5170 eirca
798 5110 1136 5181 Dominum,
1166 5109 1336 5184 quod
1361 5110 1644 5169 Dominus
1673 5109 1888 5184 legitur

342 5206 625 5281 indicare,
650 5204 953 5281 judicare,
984 5208 1043 5264 et
1066 5203 1370 5263 vindicare
1387 5249 1407 5278 ,
1431 5207 1720 5279 tanquam
1747 5205 1889 5263 doc-

408 5335 466 5384 ίΙ
503 5335 637 5399 Req„
677 5343 841 5394 xxm,
879 5333 956 5382 ¹1.
984 5356 1047 5369 —
1081 5331 1104 5365 ²
1140 5332 1158 5380 1
1188 5330 1327 5390 Cor..
1358 5342 1429 5395 iv,
1464 5333 1509 5383 4.
1550 5358 1611 5370 —-
1647 5333 1669 5369 ⁸
1692 5331 1885 5395 ludim,

344 5416 450 5471 xvl,
478 5409 555 5456 20.
575 5432 637 5444 —
664 5406 686 5440 δ
704 5404 842 5457 Psal.
867 5415 1040 5468 exLW,
1068 5405 1144 5454 ¹8.
1163 5430 1225 5442 —
1245 5403 1268 5438 ⁸
1289 5403 1408 5468 Isa„
1438 5416 1508 5468 ιι,
1533 5407 1581 5456 5.
1602 5430 1668 5443 -
1696 5407 1715 5438 ⁶
1738 5404 1888 5467 Joel„

3440 467 3551 526 511

2008 596 2102 648 tor
2127 589 2409 661 veritam,
2437 591 2750 665 aequitatis,
2780 596 2838 651 et
2858 593 3201 653 severitatis
3232 598 3310 654 De
3334 597 3556 671 primo,

2008 684 2114 741 ubi
2145 683 2331 742 David
2359 684 2502 742 dicit
2530 686 2778 745 Domino
2809 690 2828 723 ¹
2862 707 2876 745 ε
2914 707 2943 741 α
2968 687 3026 747 Si
3047 670 3369 749 descendet
3394 692 3556 764 Saul,

2008 778 2160 835 sicut
2184 777 2413 836 audivit
2435 794 2640 836 servus
2678 783 2843 854 tuuS,
2885 782 3133 841 Domine
3168 786 3319 841 Deus
3357 785 3556 857 lsrael,

2007 870 2211 928 indica
2237 887 2410 929 servo
2440 876 2542 930 tuo
2571 891 2587 930 ε
2615 895 2643 929 »
2689 891 2823 931 ecce
2852 877 3133 934 Dominus
3155 877 3446 937 indicans
3479 882 3558 937 De

2007 964 2273 1022 secundo
2299 966 2321 998 ¹
2352 983 2366 1022 :
2411 984 2440 1018 α
2466 966 2576 1034 Qui
2614 966 2844 1038 jndicat
2869 985 2997 1042 me,
3030 971 3312 1029 Dominus
3360 976 3445 1030 est
3476 990 3491 1030 :
3522 993 3552 1028 x>

2010 1073 2146 1115 ecce
2176 1058 2457 1116 Dominus
2479 1059 2775 1132 judicans,
2807 1064 2883 1120 De
2913 1064 3081 1122 tertio
3111 1068 3132 1101 ⁸
3163 1084 3177 1122 :
3211 1087 3239 1118 «
3276 1068 3372 1123 Voe
3397 1067 3557 1140 genti
3594 1117 3602 1125 .

2008 1151 2336 1225 insurgenti
2364 1169 2541 1227 super
2583 1170 2770 1227 genus
2798 1173 3001 1214 meum
3032 1176 3046 1215 :
3078 1160 3360 1218 Dominus
3397 1161 3557 1219 enim

2009 1243 2389 1319 omnipotens
2428 1246 2750 1307 vindicabit
2785 1248 2850 1307 in
2878 1250 2961 1309 eis
2992 1269 3008 1309 ε
3039 1273 3067 1308 »
3109 1270 3245 1312 ecce
3275 1254 3558 1314 Dominus

2007 1339 2340 1398 vindicans.

2487 1416 2765 1474 Articulus
2801 1417 3082 1476 secundus.

2078 1529 2418 1586 Secundum
2454 1531 2836 1605 subnotatur,
2863 1535 3181 1596 subdendo
3224 1557 3244 1594 .·
3283 1542 3452 1615 Prope
3480 1559 3553 1615 es,

2006 1620 2255 1693 scilicet,
2283 1623 2513 1682 homini
2559 1625 2855 1696 interiori,
2883 1632 3169 1704 tanquam
3216 1631 3425 1692 doctor
3449 1652 3556 1693 au-

2008 1714 2206 1773 ditori.
2238 1720 2304 1774 Et
2330 1721 2495 1789 nota,
2525 1720 2693 1793 quod
2720 1736 2909 1795 prope
2940 1726 3026 1781 est
3054 1726 3332 1785 Dominus
3359 1729 3438 1786 ad
3463 1731 3553 1787 in-

2006 1808 2355 1883 dicandum,
2376 1812 2795 1886 judicandum,
2824 1815 3250 1877 vindicandum
3265 1841 3283 1894 3
3313 1822 3376 1879 in
3402 1824 3554 1880 veri-

2004 1906 2142 1975 tate,
2171 1904 2231 1961 in
2258 1905 2556 1979 aequitate,
2590 1907 2655 1965 in
2683 1910 3010 1970 severitate.
3050 1913 3125 1969 De
3166 1914 3362 1987 primo
3391 1917 3554 1974 cani-

2003 2000 2100 2056 tur
2127 2000 2186 2054 ⁸:
2222 2017 2250 2052 οι
2276 2002 2464 2074 Prope
2494 2003 2579 2057 est
2621 2003 2902 2061 Dominus
2949 2006 3228 2065 omnibus
3269 2008 3555 2068 invocan-

2004 2091 2161 2150 tibus
2193 2109 2359 2165 eum,
2391 2096 2670 2154 omnibus
2696 2098 3109 2159 invocantibus
3138 2118 3276 2160 eum
3302 2104 3366 2163 in
3403 2106 3553 2164 veri-

2002 2189 2118 2244 tate
2168 2205 2184 2245 :
2232 2210 2261 2243 3>
2307 2205 2441 2247 ecce
2489 2191 2903 2266 propinquitas
2960 2195 3287 2255 indicandi.
3337 2201 3416 2256 De
3459 2216 3552 2258 se-

2003 2282 2202 2340 cundo
2245 2285 2267 2318 ⁸
2308 2302 2324 2341 ε
2377 2303 2407 2339 ε(
2446 2287 2632 2358 Prope
2680 2290 2768 2342 est
2800 2286 2991 2358 justus
3033 2306 3236 2363 meus;
3285 2308 3553 2366 egressus

2003 2380 2090 2434 est
2127 2377 2388 2436 salvator
2432 2395 2602 2437 meus
2614 2422 2636 2452 ,
2663 2385 2720 2438 et
2744 2381 2989 2440 brachia
3015 2400 3152 2442 mea
3175 2386 3433 2459 populos
3454 2388 3552 2460 jn-

2003 2468 2331 2528 dicabunt:
2371 2494 2397 2523 »
2459 2489 2593 2531 ecce
2639 2475 3053 2550 propinquitas
3081 2478 3415 2550 judicandi.
3472 2485 3550 2539 De

1999 2563 2171 2622 tertio
2199 2566 2221 2601 ⁸
2251 2584 2266 2622 ε
2303 2584 2332 2619 ι(
2359 2570 2547 2640 Prope
2576 2571 2663 2625 est
2691 2568 2818 2626 dies
2848 2571 3113 2644 Domini,
3145 2576 3202 2629 et
3229 2574 3397 2647 quasi
3422 2591 3551 2633 vas-

1999 2657 2132 2715 titas
2158 2675 2192 2715 a
2217 2662 2458 2732 potente
2487 2661 2681 2720 veniet
2711 2680 2725 2720 :
2752 2684 2779 2716 »ι
2815 2679 2949 2722 ecce
2976 2665 3391 2741 propinquitas
3418 2669 3550 2728 vin-

2002 2751 2262 2812 dicandi.

2507 2830 2784 2886 „articulus
2822 2832 3033 2888 tertius.

2068 2941 2324 2998 Tertium
2362 2947 2709 3016 annotatur,
2754 2945 3035 3005 addendo
3067 2965 3084 3005 ε
3117 2950 3190 3005 Et
3226 2965 3403 3008 omnes
3447 2956 3550 3010 vioe

2000 3039 2127 3091 tuce.
2160 3035 2323 3093 Tales
2345 3036 2458 3094 vioe
2496 3041 2633 3095 sunt
2661 3054 2836 3096 voces
2859 3039 3259 3113 significativae
3272 3086 3293 3115 ,
3338 3061 3413 3102 ex
3440 3061 3548 3103 vo-

1999 3128 2227 3191 calitate
2273 3134 2573 3207 sensibili,
2621 3140 2678 3194 et
2718 3136 2957 3197 veritate
3002 3138 3359 3213 intelligibili
3401 3142 3551 3201 adu-

1996 3228 2179 3297 natae,
2230 3226 2310 3284 ab
2354 3229 2597 3287 homine
2639 3231 2913 3290 exteriori
2972 3236 3244 3307 prolatoe.
3300 3240 3368 3295 Et
3409 3245 3552 3299 nota

1997 3320 2188 3394 quod,
2213 3321 2361 3380 sicut
2404 3322 2620 3395 legitur
2658 3324 2720 3381 in
2766 3326 3095 3400 Scriptura,
3124 3328 3217 3386 11ae
3258 3334 3393 3388 sunt
3436 3334 3551 3407 spi-

1996 3413 2235 3473 rituales
2268 3416 2399 3488 viae,
2427 3432 2537 3491 per
2558 3433 2709 3491 quas
2732 3418 3007 3478 dicuntur
3026 3422 3263 3496 spiritus
3283 3427 3546 3500 transire,

1995 3509 2222 3580 venire,
2248 3512 2306 3567 et
2332 3510 2537 3582 abire3
2565 3513 2710 3585 quia
2749 3530 2859 3587 per
2903 3530 3002 3573 eas
3041 3499 3277 3591 spiritus
3316 3525 3549 3579 sanctus

1996 3601 2221 3675 transit,
2251 3603 2332 3661 ad
2359 3604 2637 3678 spiritum
2663 3608 2957 3667 mundum
2981 3611 3163 3683 venit,
3179 3613 3283 3671 sed
3311 3614 3551 3688 spiritus

1997 3712 2186 3770 vagus
2214 3697 2357 3755 abit.
2389 3700 2468 3755 De
2496 3699 2692 3773 primo
2716 3703 2737 3738 '¹
2769 3720 2783 3758 ε
2825 3722 2852 3756 ει
2876 3707 2981 3761 Per
3007 3720 3192 3778 quam
3209 3706 3370 3765 viam
3395 3712 3550 3766 tran-

1997 3789 2135 3848 sivit
2152 3791 2390 3864 spiritus
2414 3793 2647 3851 Domini
2664 3795 2744 3853 ad
2764 3813 2883 3867 me,
2904 3804 2970 3857 ut
2990 3797 3332 3873 loqueretur
3350 3802 3455 3860 tibi
3468 3806 3495 3860 ἱ)
3514 3825 3542 3859 »

1998 3899 2068 3942 ac
2093 3884 2144 3941 si
2175 3885 2430 3944 diceret:
2465 3889 2570 3944 Per
2597 3905 2779 3963 quam
2807 3907 3018 3949 vocem
3035 3892 3266 3952 locutus
3285 3897 3548 3970 estmihi‚

1997 3981 2062 4035 ut
2085 3978 2433 4052 loqueretur
2457 3981 2565 4039 tibi
2582 3983 2612 4037 Ἰ
2641 3999 2780 4041 ecce
2803 3982 2905 4041 via
2929 3986 3164 4059 spiritus
3178 3991 3547 4049 transeuntis.

1998 4073 2075 4128 De
2100 4072 2364 4131 seeundo
2393 4073 2606 4133 dicitur
2635 4078 2657 4111 ⁸
2695 4095 2710 4134 ε
2747 4097 2776 4131 α
2807 4078 3061 4136 Psallam
3114 4085 3172 4138 et
3224 4081 3547 4157 intelligam

1997 4163 2061 4221 in
2097 4166 2196 4223 via
2238 4166 2657 4240 immaculata,
2698 4171 2943 4244 quando
2984 4173 3185 4232 venies
3226 4176 3306 4234 ad
3345 4194 3442 4236 me
3473 4197 3488 4235 ε
3514 4201 3542 4235 ι

1998 4273 2133 4315 ecce
2171 4259 2270 4318 via
2293 4260 2532 4334 spiritus
2560 4262 2867 4322 venientis».
2917 4269 2993 4325 De
3040 4268 3211 4327 tertio
3238 4270 3261 4305 ⁹
3293 4288 3308 4327 :
3343 4292 3373 4325 α
3397 4272 3553 4329 Abiit

1998 4366 2188 4425 vagus
2226 4353 2289 4410 in
2331 4353 2432 4413 via
2477 4356 2675 4416 cordis
2718 4358 2810 4415 sui
2860 4377 2874 4416 ε
2919 4380 2948 4407 n
2994 4377 3131 4420 ecce
3175 4363 3275 4422 via
3313 4364 3551 4439 spiritus
3619 4394 3625 4401 ·

1999 4444 2293 4505 abeuntis·

2492 4524 2768 4582 Articulus
2808 4532 3057 4599 quartus.

2071 4637 2357 4705 Quartum
2391 4642 2765 4712 connotatur,
2792 4644 3067 4704 continue
3095 4650 3501 4710 connectendo
3530 4668 3547 4709 ε

2006 4731 2258 4803 Veritas,
2304 4732 2454 4791 sicut
2505 4750 2682 4793 voces
2728 4737 2974 4810 prolatoe
3004 4757 3020 4796 ε
3047 4742 3190 4815 quia
3242 4744 3549 4805 sensibiles

1998 4829 2248 4897 possunt
2282 4826 2400 4884 dici
2434 4828 2767 4888 sonoritas:
2825 4832 2909 4891 sic
2945 4834 3233 4908 quoniam
3271 4837 3549 4913 intelligi-

1998 4918 2172 4988 bileS‚
2199 4925 2448 4994 possunt
2475 4922 2593 4980 dici
2622 4924 2857 4984 veritas.
2888 4927 3044 4986 Sicut
3073 4930 3234 4989 enim
3258 4936 3547 4993 sonoritas
3616 4962 3789 5007 vm„

1997 5029 2108 5086 per
2140 5029 2203 5071 se
2230 5015 2545 5089 sensibiliS,
2573 5017 2656 5075 sic
2676 5020 2893 5079 veritas
2919 5038 3027 5096 per
3051 5039 3113 5082 se
3141 5024 3543 5101 intelligibilis.
3577 5025 3751 5082 “ipla-

1999 5110 2066 5165 Et
2090 5112 2234 5167 nota
2278 5108 2353 5167 de
2397 5109 2640 5169 veritate
2677 5113 2950 5187 praefata,
2995 5120 3159 5192 quod
3206 5125 3294 5179 est
3337 5125 3549 5184 veritas

1997 5203 2424 5278 praenuntiata,
2454 5207 2692 5280 nutrita,
2722 5210 3025 5270 enuntiata
3052 5230 3069 5271 ε
3098 5214 3242 5289 quia
3265 5216 3547 5280 nimirum

2001 5341 2040 5393 ι,
2072 5334 2151 5380 ¹5.
2179 5356 2240 5368 —
2279 5332 2295 5362 ⁷
2332 5333 2374 5382 ΙΙ
2412 5331 2665 5399 Par-clip„
2698 5347 2863 5401 xvm,
2898 5339 2976 5391 23.
3006 5365 3068 5379 —
3099 5340 3286 5407 [Ptol.
3317 5359 3377 5413 c,
3409 5351 3458 5399 2.
3488 5375 3550 5391 -·

2002 5407 2022 5436 ⁹
2055 5403 2177 5468 Iso„
2206 5416 2333 5471 Lvu,
2368 5408 2444 5458 Π.
