4196 6294
674 528 791 587 ¹04
1718 514 2389 591 ILLUMINATIONES
2432 514 2827 581 ECCLESIAE

670 659 882 722 veniat
918 657 1084 722 Elias
1115 666 1158 737 ¹,
1195 658 1309 741 qui
1338 657 1651 720 restauret
1677 653 1894 716 omnia
1920 670 2069 715 cum
2097 670 2173 715 eo
2191 699 2207 730 ,

668 771 731 830 et
755 767 965 833 veniet
992 766 1241 830 Enoch.
1281 763 1491 828 Bestia
1524 766 1738 825 autem
1766 767 1788 801 ¹
1824 761 2036 825 vincet
2070 759 2212 823 illos

669 873 827 938 duos
851 878 1057 937 testes
1074 873 1252 938 Unde
1278 890 1532 936 necesse
1568 874 1663 934 est
1689 872 1760 933 ut
1787 869 1965 952 prius
1990 871 2203 946 ruant,

669 984 731 1044 et
754 981 867 1043 ssat
893 981 1102 1061 ruina,
1132 987 1196 1045 et
1219 984 1437 1063 postea
1465 976 1876 1054 restaurati03
1909 975 2166 1038 tandem
2184 975 2206 1008 ³

676 1112 706 1149 α
740 1089 860 1151 erit
895 1090 1251 1167 tribulatio,
1295 1088 1464 1152 utin
1501 1103 1749 1150 errores
1783 1086 1861 1167 (a)
1891 1084 2202 1148 inducan-

668 1201 797 1276 tur,
838 1200 888 1262 si
918 1200 1053 1264 fieri
1087 1203 1323 1282 potest,
1355 1197 1551 1262 etiam
1582 1195 1781 1259 electi.
1808 1215 1838 1252 n

1173 1437 1462 1506 SERMO
1508 1437 1689 1506 XVI.

664 1610 742 1665 De
786 1612 939 1664 statu
981 1609 1254 1673 Ecclesioe,
1303 1613 1355 1664 et
1400 1607 1650 1663 aetatibus
1688 1621 1809 1669 σθω,
1852 1621 1968 1662 cum
2008 1605 2206 1677 quibus

733 1700 906 1753 currit
938 1701 1168 1769 septima
1202 1701 1362 1764 aetas,
1392 1700 1445 1753 et
1474 1696 1540 1752 de
1578 1696 1798 1752 theoriis
1823 1710 1989 1752 sacrm
2017 1694 2204 1767 Scrip-

736 1793 884 1843 turae.

744 1952 766 1984 ⁸
792 1951 1070 2018 Protulit
1098 1956 1269 2017 terra
1295 1950 1552 2017 herbam
1579 1950 1918 2028 virentem,
1953 1955 2015 2015 et
2042 1946 2199 2031 affe-

663 2063 900 2125 rentem
939 2075 1149 2124 semen
1183 2058 1388 2139 ,iu-scta
1422 2074 1622 2141 qenus
1660 2074 1882 2136 suum,
1915 2058 2203 2139 liquam-

665 2182 783 2247 que
812 2167 1228 2247 pomiferum,
1261 2173 1320 2232 et
1346 2166 1573 2232 habens
1599 2166 1883 2247 fructum
1905 2211 1924 2242 ,
1965 2180 2198 2229 unum-

663 2273 952 2356 quodque
1019 2274 1366 2339 secundum
1441 2275 1708 2355 speciem
1770 2289 1954 2338 suam
1986 2321 2006 2351 ,
2075 2277 2193 2335 etc.

664 2380 911 2444 Dictum
942 2385 1066 2458 est,
1091 2382 1255 2445 circa
1281 2382 1595 2446 visionem
1623 2379 2060 2460 intelligentiae
2086 2399 2201 2462 per

663 2486 1056 2570 Scripturam
1098 2489 1397 2568 eruditae,
1429 2490 1506 2552 de
1553 2489 1974 2569 intelligentia
2008 2490 2195 2571 spiri-

660 2594 848 2673 tuali,
879 2614 1025 2677 quae
1067 2595 1543 2677 intelligebatur
1591 2614 1703 2677 per
1743 2598 2193 2678 congregatio-

659 2719 811 2764 nem
857 2720 1213 2783 aquarum3
1256 2703 1407 2766 item
1455 2701 1895 2766 sacramentali
1938 2704 2194 2784 figura,

660 2828 806 2893 quae
833 2811 1316 2892 intelligebatur
1346 2832 1460 2894 per
1501 2812 2030 2893 germinationem
2076 2817 2234 2875 ter--

658 2936 769 2983 rae.
804 2918 1050 2983 Dictum
1078 2926 1173 2983 est
1197 2921 1386 2983 etiam
1415 2922 1491 2985 de
1521 2921 1811 2999 theoriiS,
1845 2938 1991 3002 quae
2020 2921 2200 2984 intel-

658 3027 952 3109 liguntur
980 3048 1093 3111 per
1122 3048 1372 3109 semen,
1396 3036 1458 3094 et
1481 3050 1594 3114 per
1621 3032 1935 3094 fructum:
1963 3031 2200 3094 hahent

660 3136 831 3200 enim
885 3136 1149 3202 theoriae
1207 3139 1627 3203 sementinam
1682 3138 2193 3219 multitudinem,

661 3248 723 3307 et
771 3245 1133 3308 refectivam
1172 3247 1693 3310 sustentationem
1728 3267 1742 3306 :
1775 3245 1916 3309 ideo
1962 3246 2194 3309 intelli-

660 3357 910 3434 guntur
939 3355 1171 3435 partim
1213 3373 1326 3437 per
1362 3373 1612 3434 semen,
1645 3355 1876 3437 partim
1906 3373 2018 3437 per
2046 3373 2194 3435 ger-

661 3459 1080 3523 minationem
1108 3463 1454 3525 sructuum.
1489 3461 1809 3536 Quantum
1839 3461 1915 3524 ad
1945 3479 2194 3541 semen,

661 3568 1012 3630 consistunt
1042 3569 1105 3631 in
1140 3570 1640 3651 coaptationibus
1676 3573 2063 3650 temporum,
2096 3588 2193 3633 se-

662 3673 943 3737 cundum
976 3675 1146 3756 quod
1177 3676 1317 3757 ipsa
1345 3675 1466 3737 sibi
1495 3675 1768 3738 invicem
1817 3676 2194 3755 succedunt3

659 3783 975 3862 quantum
1031 3782 1109 3844 ad
1162 3782 1409 3846 arboris
1464 3783 1743 3846 fructum
1772 3831 1792 3861 ,
1850 3784 2199 3846 secundum

660 3888 831 3970 quod
896 3892 1181 3972 tempora
1245 3889 1734 3972 correspondent
1771 3913 1786 3968 ;
1845 3891 2198 3955 secundum

661 3996 1198 4076 comparationem
1240 3997 1520 4076 arboris,
1560 3998 1664 4060 vel
1705 3997 1998 4076 seminis,
2030 4002 2194 4061 tem-

660 4119 818 4182 pora
850 4102 967 4164 sibi
997 4109 1223 4168 mutuo
1247 4106 1627 4183 succedunt3
1659 4105 2006 4169 secundum
2029 4125 2199 4169 com-

661 4207 1051 4289 parationem
1085 4212 1396 4290 germinis
1422 4213 1502 4275 ad
1532 4213 1901 4293 germinans
1920 4263 1935 4291 ,
1969 4218 2197 4277 mutuo

659 4314 775 4377 sibi
805 4318 1323 4398 correspondent,
1356 4323 1429 4382 ut
1448 4322 1585 4401 jam
1616 4319 1872 4401 patebit.

740 4420 1238 4506 Distinguuntur
1264 4431 1477 4489 autem
1520 4431 1808 4508 tempora
1846 4427 2196 4491 secundum

660 4531 971 4594 rationem
1013 4533 1306 4612 ternarii,
1340 4533 1630 4597 videlicet
1672 4534 2024 4598 secundum
2068 4540 2196 4599 tres

657 4638 865 4720 legeS,
899 4639 1068 4703 intra
1109 4641 1437 4723 scriptam,
1466 4640 1744 4704 exterius
1783 4641 2148 4724 dispositam
2175 4692 2192 4721 ,

660 4746 953 4828 superius
980 4747 1293 4826 infusam3
1328 4748 1679 4812 secundum
1715 4749 2024 4812 rationem
2051 4752 2192 4833 qui-

660 4854 859 4932 narii,
889 4873 1108 4933 mane,
1141 4857 1382 4935 tertiae,
1429 4861 1627 4920 sextae
1653 4905 1670 4935 ,
1718 4874 1941 4935 nonae,
1993 4859 2190 4922 unde-

660 4960 843 5024 cimae
862 5008 882 5039 ‚
914 4979 1061 5044 quae
1090 4968 1241 5027 sunt
1268 4964 1553 5046 quinque
1581 4964 1958 5041 vocationeS,
1990 4983 2195 5047 usque

660 5067 740 5130 ad
766 5069 959 5132 finem
990 5072 1236 5135 mundi.
1272 5071 1349 5135 Et
1390 5072 1742 5135 secundum
1783 5071 1924 5135 haec
1965 5071 2191 5136 distin-

661 5180 956 5254 guuntur
983 5196 1095 5241 sex
1139 5182 1387 5254 aetates3
1435 5179 1701 5261 septima
1740 5183 1954 5243 autem
1997 5181 2196 5244 currit

658 5283 1003 5347 secundum
1032 5303 1254 5348 omnes
1277 5304 1423 5348 cum
1451 5290 1649 5349 sexta.

723 5444 741 5478 ¹
771 5445 973 5497 Mateta„
1004 5458 1132 5510 xvir,
1164 5451 1252 5509 113
1289 5448 1464 5509 Marc„
1492 5461 1567 5510 xx,
1598 5451 1672 5498 10.
1699 5475 1761 5485 —
1787 5449 1809 5482 ¹
1836 5449 2006 5513 Apoc„
2036 5461 2110 5511 xi,
2140 5451 2188 5498 7.

654 5531 678 5566 ε
705 5515 907 5578 Mami„
933 5528 1079 5581 xxiv,
1120 5522 1213 5581 21,
1247 5520 1323 5568 24.
1363 5544 1417 5555 —
1452 5519 1474 5554 δ
1508 5521 1654 5579 Gen„
1682 5523 1849 5582 ι,’12.
1889 5545 1949 5556 -
1988 5519 2009 5555 ⁸
2042 5521 2189 5582 Gen..

2403 651 2553 716 Post
2577 669 2823 716 novum
2849 653 3303 715 testamentum
3336 667 3471 715 non
3496 650 3618 714 erit
3643 650 3818 716 aliud
3840 700 3857 730 ,
3927 667 4102 713 novum

2320 777 2438 823 nec
2465 759 2719 841 aliquod
2754 778 2974 824 semen
3017 757 3398 839 novaelegis
3426 758 3714 822 subtrahi
3740 777 3854 841 po·
3886 733 4086 837 mffiss„

2319 870 2441 930 test
2490 889 2505 929 ε
2560 870 2623 929 et
2670 865 2812 929 ideo
2870 868 3320 930 testamentum
3375 870 3687 929 aeternum
3738 870 3854 929 est.
3883 856 4105 963 maffia

2321 972 2463 1056 Ipsa
2479 980 2770 1058 tempora
2798 976 2918 1039 sibi
2937 979 3167 1039 mutuo
3187 975 3552 1053 succedunt,
3574 980 3638 1039 et
3658 975 3861 1040 multa
3883 983 4100 1024 ‘mm

2317 1082 2500 1146 estin
2529 1083 2621 1146 eis
2647 1084 3201 1165 correspondentia
3217 1132 3233 1162 ,
3268 1087 3330 1147 et
3356 1087 3505 1147 sunt
3530 1083 3694 1147 sicut
3717 1101 3860 1164 ger-

2318 1190 2581 1254 minatio
2627 1191 2885 1254 seminis
2929 1209 3013 1255 ex
3059 1190 3337 1271 semine,
3381 1195 3454 1254 ut
3500 1191 3577 1255 de
3616 1192 3857 1255 semine

2316 1298 2540 1376 arbor,
2572 1298 2734 1362 etde
2764 1298 2989 1363 arbore
3016 1316 3254 1363 semen.

2396 1405 2825 1487 Assignantur
2856 1410 3072 1471 autem
3114 1411 3430 1489 tempora,
3461 1410 3536 1470 ut
3558 1406 3676 1470 sibi
3704 1425 3852 1471 mu-

2315 1508 2426 1575 tuo
2455 1515 2944 1597 correspondent
2971 1536 2986 1578 z
3019 1515 3226 1597 primo
3265 1514 3614 1579 secundum
3656 1514 3851 1578 ratio-

2310 1636 2462 1682 nem
2504 1621 2767 1684 unitatis
2793 1670 2813 1700 ,
2854 1626 2928 1686 ut
2977 1627 3381 1707 comparatur
3437 1641 3640 1687 unum
3682 1625 3845 1686 tem-

2311 1745 2434 1810 pus
2451 1729 2604 1792 novi
2632 1730 2987 1794 testamenti
3011 1730 3092 1794 ad
3109 1748 3312 1795 uuum
3337 1735 3592 1812 tempus
3614 1731 3850 1795 veteris

2313 1837 2672 1900 testamenti
2703 1838 3056 1902 secundum
3093 1838 3714 1920 correspondentiam
3740 1840 3848 1903 lit-

2309 1946 2465 2007 terae
2516 1948 2579 2007 et
2626 1945 2883 2027 spiritus
2905 1994 2925 2025 ,
2973 1948 3411 2028 promissionis
3462 1951 3734 2014 terrenae
3786 1954 3849 2013 et

2312 2051 2610 2131 coelestiS,
2641 2053 2886 2116 timoris
2932 2057 2996 2118 et
3022 2055 3277 2118 amoris
3336 2054 3491 2118 Item
3521 2056 3650 2119 duo
3677 2060 3848 2121 tem-

2311 2176 2466 2239 pora
2491 2160 2571 2223 ad
2599 2160 2726 2224 duo
2768 2161 2837 2223 in
2881 2162 3080 2226 veteri
3130 2166 3503 2226 testamento
3536 2185 3552 2226 z
3584 2169 3842 2246 tempus

2309 2269 2456 2330 ante
2482 2266 2726 2348 legem,
2760 2272 2823 2332 et
2861 2273 3116 2351 tempus
3155 2270 3278 2333 sub
3309 2269 3494 2351 lege3
3538 2271 3608 2334 in
3635 2290 3838 2350 nov0,

2304 2377 2453 2437 'ante
2481 2378 2730 2456 tempus
2767 2377 3111 2440 vocationis
3140 2377 3464 2457 gentium,
3497 2382 3559 2441 et
3584 2378 3617 2442 J
3625 2379 3842 2445 udaeo-

2307 2495 2485 2557 rum,
2521 2499 2669 2563 quae
2695 2482 2814 2544 erit
2838 2484 2904 2545 in
2935 2484 3083 2546 fine.
3116 2482 3194 2547 Et
3221 2484 3342 2547 ista
3368 2484 3626 2565 signata
3653 2489 3748 2549 est
3775 2486 3842 2549 in

2306 2585 2559 2651 duobus
2583 2587 2730 2651 filiis
2744 2588 2778 2652 J
2783 2589 2947 2669 udae,
2966 2591 3197 2655 seilicet
3224 2591 3468 2669 Zaram,
3490 2597 3549 2655 et
3580 2592 3837 2657 PhareS.

2307 2693 2526 2758 Zaram
2555 2697 2577 2731 ⁵
2610 2697 2818 2778 primo
2862 2699 3145 2764 extendit
3191 2719 3492 2780 manum,
3533 2702 3842 2766 obstetrix

2307 2802 2469 2882 ligat
2493 2802 2562 2865 in
2585 2822 2660 2866 ea
2686 2806 3014 2870 coccinum
3031 2855 3047 2884 ,
3073 2812 3135 2871 et
3162 2797 3378 2891 postea
3403 2810 3671 2873 retrahit
3700 2829 3838 2873 ma-

2307 2927 2508 2988 num,
2557 2914 2621 2975 et
2661 2912 2863 2976 exivit
2909 2912 3179 2992 Phare5‚
3225 2917 3338 2997 qui
3380 2917 3592 2979 divisit
3635 2936 3843 2981 mace-

2308 3016 2493 3079 riam.
2539 3016 2740 3082 Judaei
2782 3020 2989 3101 primo
3037 3023 3437 3086 crediderunt
3463 3072 3478 3098 ,
3517 3029 3579 3088 et
3627 3026 3841 3089 statim

2310 3140 2575 3189 manum
2602 3131 3007 3191 retraxerunt
3033 3128 3098 3192 in
3146 3130 3354 3211 prima
3394 3130 3698 3211 Ecclesia;
3732 3133 3846 3198 sed

2308 3240 2645 3316 postquam
2675 3235 3000 3318 plenitudo
3031 3241 3324 3318 gentium
3353 3241 3845 3321 subintraverit,

2310 3347 2465 3407 tunc
2508 3343 2728 3406 Zaram
2766 3344 3004 3423 exibit,
3054 3351 3117 3410 et
3161 3347 3434 3429 populus
3476 3348 3849 3414 Judaeorum

2310 3453 2738 3513 convertetur.
2771 3451 2928 3514 Item
2956 3453 3155 3517 trium
3182 3458 3549 3536 temporum
3575 3456 3653 3531 ad
3687 3458 3844 3536 tria,

2308 3560 2383 3618 ut
2406 3555 2777 3639 Synagogae
2805 3565 3146 3641 promotae,
3169 3562 3436 3627 initiatae
3457 3612 3474 3641 ,
3508 3568 3569 3628 et
3595 3563 3850 3628 ultima-

2311 3669 2423 3743 tae;
2456 3667 2610 3728 etin
2640 3665 2911 3730 Ecclesia
2942 3672 3193 3750 tempus
3222 3669 3511 3736 Ecclesiae
3549 3671 3844 3753 initiatae,

2311 3771 2622 3852 dilatatae,
2654 3778 2715 3836 et.
2750 3782 3229 3841 consummatae.
3260 3777 3436 3843 Unde
3464 3781 3532 3843 in
3563 3780 3851 3848 canticis

2311 3885 2440 3943 tres
2459 3885 2608 3945 sunt
2626 3882 3078 3948 admirationes
3098 3908 3113 3949 ε
3137 3910 3167 3947 <1
3187 3886 3343 3964 Quae
3361 3893 3455 3953 est
3474 3890 3613 3969 ista,
3647 3914 3678 3949 ι)
3699 3895 3847 3970 etc„

2311 3992 2374 4050 et
2410 4006 2445 4050 e
2482 3990 2797 4053 contrario
2825 3996 2953 4055 tres
2990 3993 3448 4076 deplorationes
3477 3998 3543 4060 in
3585 4000 3853 4065 Lamen-

2312 4096 2661 4162 tatiom’bus
2684 4097 2730 4160 ⁶.
2757 4095 2931 4162 Unde
2952 4118 3083 4163 non
3100 4101 3235 4165 sine
3255 4121 3446 4166 causa
3464 4106 3648 4169 toties
3678 4127 3853 4191 repe-

2311 4202 2466 4265 titur
2494 4203 2925 4284 alphabetum.
2959 4205 3118 4270 Item
3148 4214 3425 4290 quatuor
3447 4213 3528 4275 ad
3546 4218 3847 4295 quatuor,

2309 4315 2382 4373 ut
2408 4312 2594 4393 posui
2619 4331 2816 4394 supra
2834 4361 2853 4390 ‚
2879 4315 3261 4396 praecedenti
3304 4317 3656 4386 collatione.
3688 4321 3848 4388 Item

2309 4419 2592 4501 quinque
2645 4421 2995 4502 digitorum
3050 4423 3128 4486 ad
3171 4425 3453 4508 quinque
3478 4476 3493 4507 ,
3545 4429 3612 4491 in
3647 4434 3845 4496 veteri

2307 4530 2714 4606 testamento,
2760 4528 3136 4592 conditionis
3183 4536 3596 4615 naturarum,
3639 4538 3844 4622 inspi-

2308 4636 2631 4700 rationum
2681 4637 3189 4719 patriarcharum
3217 4689 3235 4720 ,
3280 4642 3693 4709 institutionis
3746 4649 3845 4712 le-

2310 4744 2555 4826 galium
2587 4793 2604 4822 ,
2663 4744 3155 4809 illustrationum
3208 4750 3673 4832 prophetalium
3711 4803 3727 4833 ,
3783 4761 3849 4821 et

2306 4850 2840 4915 restaurationum
2887 4852 3270 4933 ruinarum3
3321 4856 3390 4918 in
3434 4875 3603 4923 novo
3647 4863 3846 4924 testa-

2305 4960 2555 5034 mento,
2582 4957 2939 5022 donationis
2970 4959 3464 5040 charismatum,
3494 4966 3844 5031 vocationis

2306 5065 2596 5144 gentium
2619 5113 2639 5144 ,
2684 5064 3098 5130 institutionis
3148 5070 3579 5151 ecclesiarum,
3614 5073 3843 5137 multi-

2307 5173 2543 5238 tudinis
2568 5173 2992 5256 religionum,
3022 5179 3500 5244 restaurationis
3543 5180 3838 5247 omnium

2303 5357 2525 5408 xxxvm,
2554 5349 2634 5396 27.
2657 5373 2719 5384 —
2752 5350 2771 5379 ⁸
2797 5347 2993 5406 Thr-en..
3029 5362 3149 5417 1-1v‚
3185 5353 3301 5404 sunt
3327 5354 3544 5417 quatuor
3577 5352 3760 5421 capita,
3791 5360 3844 5407 et

2302 5421 2481 5484 quater
2507 5418 2751 5483 repetitur
2774 5421 3119 5485 alphabetum.

2371 5517 2439 5582 (a)
2479 5517 2629 5583 γυῖα.
2661 5533 2908 5571 errorem.
