4196 6294
1588 446 1948 514 PSALMUS
1989 444 2248 512 cxvln.

315 599 439 643 non
478 583 785 656 obierunt,
820 582 927 643 sed
963 586 1099 658 post
1135 582 1300 642 Judae
1344 583 1579 642 obitum
1625 583 1863 658 prodie-

312 681 470 737 runt.
500 679 683 737 sudas
711 677 870 736 enim
896 677 1200 749 hebraice,
1224 676 1512 735 confessio
1542 681 1628 735 est
1654 675 1858 734 latine.

314 775 394 830 De
432 771 643 846 primis
685 770 899 829 dicitur
929 771 941 800 ¹
980 791 997 828 ε
1045 790 1074 824 α
1098 770 1377 829 Exierunt
1417 786 1490 828 ex
1528 769 1707 829 lsrael
1750 769 1861 827 filii

313 865 551 941 iniqui:
587 885 615 921 »
658 880 793 923 ecce
835 864 1072 939 iniquos
1116 869 1251 923 ante
1293 864 1511 923 Judam
1556 868 1855 922 exeuntes

150 961 157 969 “
224 979 233 986 ·
313 964 392 1019 De
436 958 712 1018 secundis
756 958 971 1032 legitur
995 960 1060 1015 ²:
1099 980 1127 1011 «ι
1168 958 1348 1018 Judas
1390 961 1739 1034 persecutus
1776 961 1862 1015 est

312 1053 582 1128 iniquos,
607 1056 981 1129 perscrutans
1028 1068 1132 1111 eos
1171 1072 1243 1112 z»
1275 1069 1410 1111 ecce
1461 1052 1699 1128 iniquos
1746 1051 1858 1109 sub

311 1146 466 1205 Juda
523 1147 832 1205 obeuntes.
885 1150 964 1206 De
1018 1146 1189 1207 tertia
1237 1146 1510 1205 scribitur
1537 1149 1559 1183 ³
1603 1164 1618 1204 ι
1655 1166 1684 1201 α
1726 1149 1861 1203 Post

313 1240 545 1300 obitum
598 1241 764 1301 Judoe
810 1246 1174 1300 emerserunt
1223 1241 1416 1317 iniqui
1460 1242 1524 1298 in
1579 1239 1860 1298 omnibus

311 1335 533 1394 finibus
576 1336 752 1395 lsrael
794 1355 809 1394 :
855 1357 884 1392 »
920 1352 1055 1396 ecce
1096 1336 1336 1409 iniquos
1376 1333 1488 1393 sub
1535 1334 1690 1393 Juda
1735 1349 1860 1393 non

313 1430 628 1503 obeuntes,
658 1430 766 1490 sed
804 1435 941 1506 post
983 1430 1151 1489 Judae
1195 1429 1430 1488 obitum
1471 1428 1855 1503 prodeuntes,

780 1589 1067 1646 Articulus
1102 1588 1385 1645 secundus.

382 1716 429 1770 Α
473 1711 802 1771 defectione
849 1709 1150 1785 dissensit,
1192 1729 1330 1772 cum
1372 1711 1685 1785 adjunxit:
1721 1711 1858 1768 Odio

312 1806 478 1864 11αὸ111·
498 1827 515 1874 3
540 1807 829 1881 quoniam
855 1807 963 1865 ubi
1003 1807 1241 1879 odium,
1270 1805 1356 1865 ibi
1384 1804 1706 1864 voluntatis
1742 1805 1861 1862 dis-

310 1899 550 1958 sidium.
572 1899 851 1958 Voluntas
880 1904 1081 1959 autem
1105 1903 1192 1958 est
1212 1899 1510 1974 appetitus
1530 1896 1856 1970 rationaliS,

311 1990 461 2050 sicut
506 1993 852 2052 sensualitas
895 1994 1208 2067 animalis;
1255 1997 1313 2053 et
1352 1994 1502 2051 sicut
1537 1992 1694 2050 vires
1738 1991 1860 2051 ani-

310 2086 496 2145 males
538 2087 829 2161 pertinent
875 2086 956 2144 ad
998 2087 1305 2145 hominem
1350 2086 1734 2156 exteriorem,
1772 2086 1858 2144 sic

310 2180 628 2240 rationales
666 2181 912 2240 attinent
958 2181 1036 2240 ad
1077 2181 1452 2253 interiorem,
1494 2180 1670 2256 quia,
1706 2179 1858 2237 sicut

309 2274 580 2332 scribitur
623 2275 701 2333 ab
748 2276 1071 2349 Augustino
1101 2276 1123 2310 ⁸
1146 2318 1166 2347 ,
1203 2294 1234 2330 «
1270 2275 1726 2334 ascendentibus
1769 2273 1858 2331 in-

307 2371 532 2426 trorsus
582 2368 950 2443 quibusdam
1012 2369 1300 2441 gradibus
1367 2366 1856 2428 considerationis

308 2478 416 2535 per
442 2464 655 2521 animai
680 2467 908 2537 partes,
933 2463 1095 2521 unde
1134 2463 1339 2537 incipit
1376 2463 1608 2538 aliquid
1653 2479 1857 2521 occur-

307 2571 465 2629 rere,
495 2558 666 2632 quod
684 2573 809 2615 non
827 2556 902 2615 sit
923 2555 1100 2615 nobis
1121 2573 1437 2615 commune
1457 2573 1595 2615 cum
1616 2557 1851 2629 bestiis3

306 2650 446 2709 inde
474 2653 678 2728 incipit
704 2653 888 2724 ratic,
909 2652 1015 2711 ubi
1038 2654 1165 2726 iam
1186 2653 1371 2712 homo
1400 2653 1643 2711 interior
1670 2653 1856 2729 possit

307 2747 629 2819 agnosci.»
672 2750 741 2804 Et
781 2750 954 2817 nota,
983 2748 1151 2821 quod
1196 2747 1340 2805 tales
1388 2746 1681 2805 debemus
1708 2747 1853 2805 odio

305 2838 527 2897 habere
562 2838 777 2914 triplici
816 2841 1044 2898 ratione
1073 2859 1088 2898 ε
1123 2840 1269 2915 quia
1304 2844 1440 2899 sunt
1465 2840 1614 2913 legis
1642 2840 1855 2899 adver-

306 2932 474 3003 sarii,
503 2933 628 3006 regi
668 2934 973 3004 contrarii,
997 2934 1108 2992 vioe
1145 2934 1354 3007 legalis
1384 2934 1674 2992 insidiarii
1688 2954 1707 3008 3
1739 2949 1853 2993 nos

307 3027 505 3083 autem
544 3025 692 3100 legis
716 3027 1116 3099 aemulatores,
1147 3027 1307 3102 regis
1347 3028 1699 3099 imitatoreS,
1738 3028 1850 3087 viae

303 3119 480 3194 regiae
503 3118 777 3180 viatores.
809 3121 1006 3180 Prima
1029 3122 1181 3182 ratio
1208 3124 1447 3182 notatur
1473 3124 1495 3158 ⁸
1526 3142 1540 3181 :
1578 3141 1609 3177 α
1634 3123 1852 3200 iniqui-

304 3216 481 3272 tatem
519 3215 662 3274 odio
689 3215 904 3288 habui,
930 3219 988 3273 et
1014 3216 1394 3275 abominatus
1434 3233 1568 3275 sum
1607 3236 1623 3274 2
1650 3217 1848 3290 legem

303 3311 501 3366 autem
526 3312 690 3366 tuam
720 3309 938 3367 dilexi:
962 3330 990 3364 »
1010 3325 1146 3369 ecce
1175 3310 1384 3368 odium
1410 3311 1844 3370 aemulatorum.

301 3402 573 3460 Secunda
596 3403 746 3461 ratio
785 3402 1059 3461 scribitur
1084 3401 1107 3436 ⁶
1138 3422 1154 3461 ε
1191 3424 1220 3458 ι
1259 3405 1552 3473 Quoniam
1586 3408 1646 3463 et
1685 3404 1848 3463 Altis-

299 3495 484 3554 simus
538 3495 681 3554 odio
735 3496 917 3554 habet
969 3501 1347 3572 peccatores:
1390 3519 1418 3553 n
1455 3515 1591 3558 ecce
1638 3498 1847 3557 odium

300 3588 682 3649 imitatorum.
727 3590 912 3648 Tertia
959 3591 1109 3649 ratio
1149 3590 1445 3665 tangitur⁷
1489 3613 1504 3651 :
1542 3615 1570 3647 «
1597 3595 1846 3653 Omnem

300 3682 463 3740 viam
506 3683 778 3757 iniquam
824 3684 969 3742 odio
1014 3684 1224 3743 habui.
1251 3705 1279 3739 ιο
1327 3684 1430 3744 Via
1471 3684 1681 3760 iniqua
1722 3701 1846 3745 non

302 3778 388 3834 est
420 3780 611 3849 recta,
648 3776 756 3835 sed
791 3777 1072 3852 obliqua,
1102 3783 1160 3837 et
1194 3778 1521 3838 viatoribus
1558 3779 1799 3838 inimica
1828 3798 1842 3837 :

302 3885 435 3928 ecce
463 3871 673 3930 odium
709 3871 1027 3930 viatorum.

798 4029 1088 4086 Articulus
1140 4033 1353 4087 tertius

369 4152 794 4212 Rectitudinem
814 4155 1101 4229 persensit
1118 4156 1215 4229 (α),
1245 4171 1382 4213 611111
1402 4154 1626 4230 inquit:
1656 4158 1844 4230 Lenem

300 4250 476 4317 tuam3
504 4247 620 4306 boc
647 4250 755 4319 est,
780 4247 980 4321 legem
1023 4251 1249 4307 naturas
1275 4248 1552 4307 rationali
1594 4249 1845 4309 inditam

296 4344 577 4399 creaturae
608 4360 623 4399 :
653 4341 779 4400 baec
806 4346 1004 4400 autem
1030 4342 1128 4400 lex
1163 4346 1249 4400 est
1286 4342 1567 4416 quaedam
1602 4342 1709 4401 lux
1751 4360 1845 4404 ra·

297 4435 497 4505 tionis,
522 4452 630 4510 per
674 4451 863 4511 quam
902 4436 1175 4510 dirigitur
1202 4435 1264 4493 in
1309 4437 1576 4511 agendis.
1610 4440 1676 4496 Et
1701 4443 1843 4498 nota

298 4528 374 4586 de
403 4529 533 4603 lege
560 4531 693 4601 ista,
725 4530 915 4606 quod,
932 4530 1082 4588 sicut
1108 4530 1403 4604 colligitur
1429 4548 1503 4590 ex
1524 4533 1841 4607 Scriptura,

294 4622 424 4697 ipsa
451 4627 536 4681 est
573 4624 673 4682 lex
708 4623 938 4695 nativa,
968 4625 1108 4683 viva
1130 4666 1152 4694 ,
1193 4640 1444 4700 operum
1490 4625 1805 4685 discretiva
1819 4646 1837 4700 3

295 4715 585 4791 quoniam
627 4717 801 4776 insita
844 4720 1028 4776 menti
1068 4717 1328 4790 viventi,
1356 4719 1694 4794 operabilia
1727 4719 1842 4778 dis-

293 4810 558 4883 ponenti.
608 4813 686 4869 De
740 4810 937 4886 primo
989 4812 1261 4870 scribitur
1315 4813 1394 4870 ab
1449 4813 1731 4888 Apostolo
1767 4814 1791 4851 ⁸
1822 4833 1838 4872 ε

303 4921 331 4955 α
359 4908 505 4963 Cum
533 4908 767 4978 genteS,
792 4921 925 4979 quse
951 4903 1146 4978 legem
1173 4922 1295 4964 non
1322 4906 1576 4977 habent,
1606 4910 1843 4967 natura·

293 4996 425 5056 liter
459 5014 531 5057 ea
561 5041 577 5068 ,
625 5015 757 5074 quoe
802 4998 952 5072 legis
994 5003 1166 5069 sunt,
1216 4999 1437 5058 faciunt
1456 5020 1474 5074 3
1506 5021 1533 5055 n
1566 5001 1682 5061 hoc
1719 5005 1838 5075 est,

295 5107 429 5166 quae
455 5107 581 5150 non
605 5092 829 5150 habent
868 5092 1065 5166 legem
1090 5092 1416 5168 scripturae,
1450 5093 1674 5154 faciunt
1708 5111 1842 5171 quoe

360 5239 378 5274 ¹
410 5241 427 5290 1
457 5242 640 5301 Black„
671 5255 710 5307 1,
742 5246 819 5293 12.
842 5269 906 5281 -
934 5244 953 5274 ²
981 5243 1133 5302 thid..
1160 5254 1239 5304 111,
1267 5247 1315 5295 5.
1339 5271 1403 5286 -
1427 5245 1449 5281 ⁸
1475 5246 1624 5307 thid„
1651 5259 1728 5308 rx,
1757 5250 1837 5299 23.

293 5337 358 5350 —
387 5311 409 5344 ⁸
438 5313 590 5383 Aug„
614 5312 675 5363 de
705 5312 905 5376 Trinit„
941 5313 1032 5366 lib.
1063 5315 1184 5378 xli,
1211 5328 1259 5366 c.
1288 5326 1369 5367 111.
1398 5341 1459 5355 —
1493 5318 1515 5353 ⁸
1541 5317 1679 5369 Psal.
1718 5318 1841 5382 1166,

298 5384 409 5435 163.
429 5410 492 5422 -
517 5385 540 5419 ⁸
567 5384 747 5449 Βαὰλ,
777 5397 875 5450 111,
903 5389 951 5437 3.
971 5412 1034 5425 --
1063 5387 1079 5417 ⁷
1100 5387 1240 5439 Prae.
1262 5386 1384 5451 hoc,
1416 5391 1522 5439 128.
1552 5416 1615 5427 —
1637 5391 1655 5421 ⁸
1682 5392 1838 5455 Rom„

3392 452 3513 515 ⁴63

1968 585 2106 641 sunt
2132 582 2281 655 Iegis
2306 584 2569 641 naturae:
2599 595 2734 639 ecce
2769 581 2867 640 lex
2893 581 3112 641 nativa.
3142 582 3220 641 De
3245 582 3511 642 secundo

1967 675 2358 733 subscribitur
2404 675 2483 733 ab
2524 690 2597 733 eo
2625 676 2692 732 ⁹:
2730 693 2760 729 α
2799 674 3101 749 Ejusmodi
3142 675 3340 748 legem
3385 691 3512 735 non

1964 769 2282 840 habenteS,
2313 767 2428 843 ipsi
2455 768 2567 826 sibi
2597 772 2731 826 sunt
2761 767 2880 827 lex.
2908 789 2938 824 »
2970 767 3230 838 Qualiter
3255 768 3369 844 ipsi
3395 768 3511 827 sibi

1968 868 2104 921 sunt
2130 863 2271 921 lex?
2299 862 2598 937 numquid
2622 878 2659 920 a
2696 863 2826 936 lege
2866 862 3091 920 habent
3132 877 3309 920 suum
3336 879 3462 921 esse
3480 864 3511 920 ‘t

1966 961 2049 1017 lta
2073 958 2275 1034 plane.
2307 959 2464 1017 Sicut
2502 958 2664 1016 enim
2705 957 2929 1017 habent
2955 974 3080 1016 esse
3106 958 3374 1017 naturale
3400 974 3510 1033 per

1962 1051 2222 1111 formam
2248 1052 2574 1111 naturalem
2589 1096 2608 1124 ,
2628 1051 2711 1109 sic
2731 1051 2957 1110 habent
2978 1067 3104 1110 esse
3128 1051 3509 1111 connaturale

1964 1162 2073 1219 per
2115 1145 2368 1204 formam
2411 1145 2876 1204 connaturalem.
2917 1145 3005 1206 Ab
3041 1149 3293 1222 utraque
3319 1144 3514 1204 forma

1963 1238 2189 1297 habent
2217 1255 2341 1297 esse
2369 1238 2653 1310 formale,
2683 1238 2796 1296 nisi
2824 1239 2990 1313 quod
3019 1240 3098 1298 ab
3125 1239 3230 1298 illa
3246 1239 3514 1297 substau-

1962 1333 2103 1391 tiale
2113 1373 2135 1403 ,
2166 1333 2243 1391 ab
2271 1333 2384 1391 1166
2413 1331 2802 1405 accidentale,
2825 1337 2882 1390 et
2906 1332 2988 1391 ad
3013 1337 3263 1408 utraque
3289 1333 3514 1392 habent

1965 1442 2092 1485 esse
2121 1425 2332 1498 vitale,
2357 1426 2471 1483 nisi
2499 1425 2668 1501 quod
2697 1426 2776 1485 ab
2803 1425 2909 1484 illa
2929 1427 3271 1501 corporale,
3293 1427 3371 1485 ab
3398 1426 3509 1486 hac

1964 1519 2269 1594 spirituale
2318 1538 2333 1577 ε
2377 1535 2516 1578 6666
2563 1515 2661 1577 lex
2712 1519 2850 1577 viva
2902 1522 2961 1576 et
3008 1519 3387 1579 vivificativa.
3430 1522 3508 1578 De

1963 1613 2133 1672 tertio
2177 1612 2568 1672 conscribitur
2601 1613 2680 1672 ab
2720 1613 2850 1689 ipso
2877 1613 2920 1649 ¹⁰
2951 1631 2966 1672 :
3002 1633 3032 1669 α
3057 1614 3167 1685 Qui
3193 1614 3511 1673 ostendunt

1967 1724 2122 1783 opus
2166 1707 2317 1782 legis
2355 1708 2640 1784 scriptum
2678 1708 2740 1765 in
2786 1708 3071 1768 cordibus
3108 1709 3229 1768 suis
3248 1729 3268 1783 ;
3303 1730 3332 1765 1)
3366 1726 3435 1768 66
3460 1711 3510 1768 si

1966 1805 2168 1874 aperte
2216 1800 2374 1859 dicat
2401 1820 2418 1857 ε
2457 1802 2781 1860 ostendunt
2834 1818 2989 1876 opus
3042 1802 3360 1862 discretum
3402 1819 3511 1877 per

1962 1892 2116 1968 legis
2143 1894 2479 1964 decretum,
2511 1895 2679 1969 quod
2704 1896 2824 1953 suis
2851 1895 3136 1954 cordibus
3161 1901 3248 1954 est
3268 1912 3508 1955 concre-

1963 1991 2090 2045 tum
2124 2007 2138 2045 1
2165 2003 2302 2046 6666
2329 1989 2428 2047 lex
2452 2004 2701 2063 operum
2730 1988 3060 2049 discretiva.

2453 2149 2731 2205 Articulus
2763 2154 3009 2220 quartus.

2035 2274 2390 2333 Rectitudini
2419 2289 2662 2349 quoque
2689 2274 3026 2346 consensit,
3062 2291 3201 2334 cum
3234 2275 3316 2335 ait
3351 2294 3366 2333 =
3409 2279 3509 2333 Di-

1964 2363 2077 2424 leaei‘
2104 2384 2285 2426 :nam
2317 2370 2420 2443 qui
2451 2368 2675 2442 diligit,
2699 2369 2914 2427 dilecto
2941 2369 3257 2441 consentit,
3285 2374 3342 2427 et
3364 2369 3509 2429 fide-

1959 2461 2093 2520 liter
2120 2479 2182 2521 se
2212 2463 2546 2537 conjungit,
2573 2464 2723 2521 sicut
2747 2462 3030 2538 scriptum
3058 2466 3237 2522 est¹¹:
3273 2483 3304 2518 α
3324 2463 3507 2537 Dilige

1960 2556 2305 2631 proximum
2334 2562 2531 2626 tuum,
2561 2561 2620 2615 et
2645 2558 3005 2631 conjungere
3033 2557 3150 2617 tide
3178 2574 3313 2616 cum
3345 2573 3449 2617 eo:
3473 2580 3501 2614 ιο

1964 2654 2032 2709 Et
2052 2654 2217 2722 nota,
2227 2651 2394 2725 quod
2411 2651 2524 2710 tria
2534 2651 2754 2710 suntad
2773 2652 2951 2725 hujus
2970 2651 3119 2725 legis
3129 2652 3505 2712 dilectionem

1962 2745 2323 2814 necessaria,
2351 2744 2626 2804 videlicet
2654 2744 2901 2818 diligere
2937 2745 3391 2818 fraternitatem,
3417 2746 3505 2804 di·

1957 2838 2145 2912 ligere
2173 2840 2507 2907 veritatem,
2538 2839 2786 2911 diligere
2826 2839 3298 2914 simplicitatem3
3331 2845 3395 2898 ut
3432 2840 3506 2898 sit

1959 2948 2131 2991 amor
2156 2933 2528 2992 fraternitatis
2555 2935 2617 2991 in
2660 2933 2998 3005 affectione,
3029 2934 3288 2993 veritatis
3313 2934 3378 2991 in
3404 2950 3503 2993 ac-

1958 3026 2153 3097 tione,
2181 3027 2566 3101 simplicitatis
2592 3027 2656 3084 in
2680 3026 3023 3086 intentione.
3063 3027 3273 3087 Primoe
3316 3027 3501 3086 dilec-

1955 3118 2132 3178 tionis
2175 3120 2505 3180 admonitio
2552 3120 2806 3181 habetur
2840 3121 2884 3157 ¹2
2922 3138 2938 3180 2
2973 3140 3004 3178 α
3032 3123 3501 3195 Fraternitatem,

1953 3212 2179 3288 inquit,
2210 3215 2434 3288 diligite
2467 3234 2482 3272 :
2525 3219 2710 3275 Deum
2737 3216 2967 3289 timete,
2997 3236 3025 3270 ιο
3059 3220 3168 3275 616.
3219 3218 3502 3276 Secundae

1957 3306 2289 3366 dilectionis
2313 3310 2616 3382 persuasio
2644 3308 2860 3383 legitur
2882 3308 2925 3346 ¹³
2956 3329 2971 3367 :
2997 3309 3354 3369 «Veritatem
3379 3316 3502 3369 tan-

1956 3406 2081 3459 tum
2117 3406 2175 3459 et
2216 3418 2431 3476 pacem
2477 3402 2739 3477 diligite,
2768 3403 2910 3461 dicit
2953 3404 3236 3462 Dominus
3282 3404 3501 3463 exerci-

1957 3497 2143 3552 tuum.
2173 3516 2201 3551 »
2233 3496 2433 3555 Tertiae
2460 3496 2791 3555 dilectionis
2819 3497 3258 3556 commendatio
3288 3497 3499 3557 scribi-

1953 3593 2048 3646 tur
2066 3589 2138 3646 ¹⁸:
2168 3611 2195 3642 «
2212 3589 2374 3661 Scio,
2405 3591 2648 3649 Domine
2676 3594 2845 3663 DeuS,
2864 3592 3035 3666 quod
3050 3592 3271 3666 probes
3290 3591 3497 3664 corda,

1954 3686 2012 3740 et
2037 3683 2472 3759 simplicitatem
2500 3685 2735 3758 diligas,
2763 3707 2790 3739 1·

2594 3845 2850 3911 Epilogus.

2023 3968 2183 4024 Patet
2209 3966 2406 4042 itaque
2434 3983 2602 4025 mens
2629 3967 2931 4042 Prophetas
2956 3983 3136 4043 super
3157 3967 3500 4028 defectionis

1958 4058 2495 4118 animadversione.
2525 4061 2615 4118 Ait
2642 4061 2838 4118 enim:
2869 4063 3092 4134 Iniquus
3105 4103 3127 4134 ,
3155 4061 3222 4120 id
3243 4067 3361 4134 est,
3390 4063 3500 4121 ini-

1957 4152 2196 4228 quitatis
2250 4152 2474 4212 amicos
2497 4197 2514 4219 ,
2574 4154 2745 4228 quasi
2802 4154 3194 4213 detectionem
3246 4156 3500 4215 sentiens

1954 4245 2288 4304 secundum
2326 4246 2631 4305 hominem
2680 4247 3071 4322 exteriorem3
3113 4250 3252 4307 Odio
3303 4250 3496 4322 habui,

1954 4340 2126 4415 quasi
2173 4340 2521 4399 dissentiens
2558 4341 2890 4399 secundum
2927 4341 3234 4400 bominem
3266 4341 3500 4400 interio-

1953 4448 2122 4506 rem3
2168 4436 2358 4507 Leqem
2404 4442 2585 4494 autem
2639 4441 2822 4507 tuam,
2870 4435 3041 4511 quasi
3087 4433 3500 4494 rectitudinem

1953 4528 2330 4601 praesentiens
2371 4528 2701 4588 secundum
2753 4529 3045 4588 rationem
3091 4529 3496 4606 superiorem3

1954 4623 2147 4679 Dileaei
2158 4664 2182 4695 ,
2209 4623 2381 4698 quasi
2424 4622 2793 4681 consentiens
2837 4623 3166 4683 secundum
3207 4622 3499 4682 rationem

1951 4713 2310 4776 inferiorem.

2507 4857 2845 4902 vastemus
2879 4858 2941 4901 11.

2028 5006 2152 5061 1¹4.
2193 5002 2448 5075 Adjutor,
2479 5009 2530 5059 et
2557 5006 2829 5075 susceptor
2854 5014 2999 5058 metas
3028 5014 3081 5057 es
3109 5002 3202 5071 tu,
3229 5003 3336 5057 etc.
3361 5001 3498 5060 Ver·

1955 5113 2056 5155 sus
2095 5096 2354 5155 anterior
2389 5098 2631 5153 annotat
2669 5093 2919 5169 qualiter
2956 5092 3158 5152 anima
3193 5093 3500 5154 rationalis

1956 5259 2016 5307 ιι.
2046 5249 2123 5297 u.
2145 5272 2211 5284 -
2237 5248 2256 5278 ·
2282 5246 2406 5298 tbid.
2433 5272 2494 5284 —
2518 5247 2557 5282 ¹·
2585 5246 2734 5311 lbid„
2766 5250 2842 5299 15.
2862 5274 2927 5285 -
2948 5245 2991 5283 ¹¹
3019 5246 3201 5309 Bccli„
3226 5259 3392 5313 xxvn,
3418 5252 3495 5301 18.

1951 5344 2013 5356 —
2033 5319 2072 5353 ¹¹
2093 5319 2111 5368 Ι
2134 5318 2290 5384 Petu,
2311 5330 2372 5383 11,
2398 5319 2475 5369 t7.
2495 5343 2558 5356 -
2582 5318 2622 5353 ¹⁸
2642 5316 2813 5383 lach„
2834 5330 2949 5380 vm,
2971 5322 3048 5370 19.
3066 5345 3129 5359 -
3147 5320 3189 5356 ¹⁸
3208 5321 3224 5371 Ι
3245 5318 3496 5387 Paralip.‚.

1951 5401 2102 5454 xxxx,
2134 5393 2205 5442 17.
2229 5416 2288 5429 -
2304 5390 2377 5456 (6)
2406 5389 2640 5441 Fon-tasse
2662 5390 2921 5456 legendum
2944 5391 3233 5456 praesensit.
