4196 6294
614 480 735 541 130

606 610 822 695 plena.
852 608 1013 674 Item
1039 610 1211 694 apud
1246 608 1759 692 conjunctionem
1793 608 1889 669 est
1925 623 1961 669 e
1997 622 2154 670 con-

611 735 832 797 verso,
878 718 1032 800 quia
1066 722 1218 782 tunc
1258 716 1649 780 illuminatur
1688 714 1898 795 magis
1924 732 2151 777 secun-

611 824 767 888 dum
808 826 1171 903 veritatem,
1214 828 1276 888 et
1312 826 1527 886 minus
1560 822 1911 885 secundum
1956 840 2155 903 appa-

612 933 884 997 rentiam
933 937 1236 1011 nostram,
1276 932 1426 1014 qnia
1466 936 1616 994 tunc
1656 930 1819 992 nihil
1860 929 2154 992 videmus

612 1040 689 1105 de
703 1040 879 1106 luna.
904 1041 1077 1123 Ergo
1097 1041 1231 1105 sive
1250 1038 1710 1103 consummatio
1730 1036 2150 1117 intelligatur,

613 1150 716 1241 ΥοῙ
742 1154 1053 1233 quantum
1083 1150 1160 1213 ad
1190 1148 1674 1231 oppositionem,
1706 1145 1809 1209 vel
1838 1149 2152 1228 quantum

608 1259 690 1322 ad
716 1257 1247 1340 conjunctionem,
1291 1261 1636 1337 utrumque
1682 1272 1910 1320 verum
1938 1257 2052 1333 est,
2091 1259 2154 1318 et

606 1346 778 1448 quod
806 1366 1178 1430 mirabiliter
1201 1364 1445 1443 crescit,
1480 1368 1541 1426 et
1582 1362 1751 1445 quod
1779 1360 2154 1424 mirabiliter

605 1476 923 1539 minuitur
950 1476 1017 1538 in
1046 1473 1614 1538 consummatione.
1646 1470 1828 1535 Luna
1852 1488 1998 1552 quae
2024 1456 2156 1532 cre'-

603 1586 740 1663 scit,
777 1590 839 1648 et
885 1585 1229 1663 minuitur,
1278 1584 1493 1663 signat
1538 1581 1866 1645 hominem
1905 1579 1976 1642 in
2018 1580 2153 1643 vita

603 1693 833 1768 activa,
866 1705 929 1756 et
971 1688 1486 1773 contemplativa,
1524 1689 1688 1751 sicut
1728 1687 1906 1750 stella
1940 1691 2153 1749 matu-

604 1802 760 1878 tina,
791 1819 936 1882 quae
965 1798 1305 1881 aliquando
1339 1797 1635 1879 praecedit
1664 1796 1882 1875 solem,
1912 1801 1974 1859 et
2000 1799 2154 1857 tunc

603 1908 820 1988 signat
860 1907 1435 1989 contemplativam
1471 1910 1532 1967 et
1561 1904 1901 1986 aliquando
1930 1902 2149 1984 sequi-

603 2019 731 2098 tur,
764 2020 827 2078 et
851 2020 1001 2078 tunc
1024 2015 1238 2095 signat
1264 2013 1533 2077 activam
1562 2013 1787 2078 vitam.
1820 2010 1971 2074 naec
1997 2009 2153 2073 luna

605 2127 701 2186 est
723 2122 1016 2198 Ecclesia,
1048 2140 1279 2185 vacans
1304 2129 1366 2184 et
1393 2118 1928 2202 contemplationi,
1960 2123 2021 2181 et
2043 2136 2152 2180 ac-

604 2231 763 2294 tioni
804 2251 821 2295 :
871 2230 1123 2315 quando
1170 2233 1352 2294 vacat
1397 2225 1949 2308 contemplationi,
2000 2229 2153 2288 ωηο

605 2356 855 2402 summe
896 2338 1295 2400 illuminatur
1340 2334 1702 2415 fulgoribus
1749 2331 2146 2409 coelestibus3

603 2446 855 2528 quando
884 2464 1037 2509 vero
1059 2444 1291 2508 actioni
1319 2447 1502 2508 vacat
1521 2490 1537 2518 ,
1567 2447 1634 2504 tu
1648 2460 1722 2503 nc
1759 2440 1973 2504 minus
2000 2440 2150 2503 illu-

603 2553 907 2617 minatur.
936 2552 1014 2617 Et
1042 2572 1171 2615 non
1189 2552 1349 2616 vivit
1376 2551 1593 2629 hom0,
1620 2549 1889 2632 quinon
1909 2548 2153 2611 minua-

602 2664 731 2741 tur,
762 2662 1019 2744 quando
1043 2662 1147 2724 dat
1175 2680 1241 2724 se
1268 2660 1520 2737 actioni,
1554 2662 1814 2740 excepto
1861 2656 2148 2735 Cnmsm,

603 2771 715 2852 qui
742 2771 861 2834 fuit
901 2770 1210 2852 perfectus
1250 2769 1319 2832 in
1356 2768 1604 2831 actione
1654 2770 1716 2830 et
1756 2766 2149 2849 contempla-

605 2879 800 2942 tione.
846 2877 1025 2941 Unde
1060 2877 1280 2941 nullus
1328 2877 1526 2945 homo
1575 2874 1824 2956 sapiens
1865 2892 2154 2956 unquam

604 2986 925 3050 descendit
967 2985 1046 3049 ad
1083 2986 1430 3062 actionem,
1472 2982 1757 3045 maxime
1803 2981 2150 3063 praesiden-

603 3096 794 3173 tium,
832 3096 957 3160 nisi
985 3095 1264 3178 quadam
1294 3092 1667 3157 necessitate
1695 3113 1710 3154 ε
1743 3090 1897 3172 quia
1923 3106 2151 3153 secun-

604 3205 753 3270 dum
786 3205 1168 3286 Gregorium
1194 3205 1264 3266 in
1287 3200 1731 3268 Pastoralz'bus
1750 3202 1768 3234 ¹
1788 3218 1810 3263 .·
1846 3221 1877 3259 (ι
1902 3198 2155 3262 Pollens

604 3314 952 3379 virtutibus
980 3313 1217 3375 invitus
1245 3309 1509 3386 accedit3
1563 3326 1785 3372 carens
1809 3306 2157 3371 virtutibus

606 3422 842 3484 accedit
867 3438 996 3484 non
1023 3423 1298 3497 coaetus,
1332 3438 1363 3475 n
1400 3416 1554 3498 quia
1582 3434 1664 3479 ex
1690 3415 1812 3478 hoc
1840 3412 2157 3476 miuuitur

605 3528 829 3593 lumen
847 3529 907 3592 id
926 3527 1099 3610 quod
1114 3531 1208 3590 est
1228 3526 1526 3588 maximae
1550 3525 1631 3604 (a)
1651 3521 2154 3596 illuminationis„

606 3638 840 3700 scilicet
867 3635 1439 3718 contemplationis,
1472 3632 1600 3697 Sed
1640 3651 1675 3695 e
1723 3636 1965 3708 contra,
1996 3630 2162 3692 sicut

605 3763 839 3827 sponsa
865 3744 1179 3808 desiderat
1214 3759 1546 3825 sponsum,
1591 3743 1653 3804 et
1678 3746 1701 3779 ²
1733 3738 1996 3802 materia
2026 3739 2155 3802 for·

607 3872 805 3933 mam,
836 3857 898 3917 et
925 3857 1112 3935 turpe
1141 3851 1510 3934 pulchrum3
1544 3850 1632 3912 ita
1682 3849 1894 3911 anima
1923 3848 2162 3934 appetit

609 3962 779 4025 uniri
810 3981 923 4044 per
952 3979 1283 4025 excessum
1302 3957 1890 4039 contemplationis:
1918 3959 1980 4019 et
2006 3961 2161 4020 tunc

609 4069 864 4150 quando
893 4066 1430 4149 hemisphaerium
1462 4066 1696 4132 animae
1727 4046 1934 4128 totum
1962 4063 2157 4128 lumi-

608 4177 801 4240 nibus
837 4176 1101 4259 plenum
1141 4178 1276 4254 est,
1327 4178 1482 4238 tunc
1527 4174 1721 4237 homo
1765 4172 2043 4236 exterius
2087 4173 2160 4235 fit

608 4288 779 4349 totus
819 4285 1139 4361 deformi5‚
1172 4288 1326 4348 ωηο
1364 4282 1559 4346 homo
1597 4283 1669 4345 fit
1711 4283 1840 4345 fine
1881 4280 2156 4363 loquela.

610 4392 787 4458 Unde
825 4397 977 4457 tunc
1013 4392 1207 4457 habet
1242 4392 1575 4457 veritatem
1624 4389 1784 4454 illud
1831 4389 1901 4452 in
1935 4389 2156 4456 Canti-

607 4503 704 4567 cis
728 4507 750 4541 ³
777 4522 803 4563 .·
841 4525 871 4563 α
897 4499 1104 4566 Nolite
1150 4519 1255 4564 me
1300 4498 1720 4578 considerare,
1772 4497 1942 4580 quod
1981 4499 2162 4561 fusca

608 4612 758 4691 sim3
807 4611 961 4694 quia
1003 4609 1388 4675 decoloravit
1434 4626 1537 4671 me
1564 4606 1691 4685 sol,
1744 4629 1775 4665 n
1825 4605 1980 4689 quia
2008 4609 2160 4668 tunc

608 4720 890 4783 maxime
912 4718 1328 4802 conjungitur
1346 4715 1703 4779 luminibus
1722 4713 2156 4777 interioribus,

610 4825 786 4890 Unde
814 4828 1048 4891 dicitur
1072 4826 1095 4859 ⁸
1124 4844 1142 4889 :
1184 4850 1213 4887 α
1241 4825 1339 4888 Ex
1371 4842 1499 4912 quo
1523 4823 1775 4886 locutus
1805 4840 1872 4884 es
1915 4820 1994 4884 ad
2024 4838 2161 4884 ser-

607 4951 767 4997 vum
796 4939 1005 5013 tuum,
1039 4932 1461 5015 impeditioris
1490 4935 1552 4993 et
1589 4929 1882 4993 tardioris
1912 4927 2158 5011 linguae

609 5041 809 5106 factus
836 5051 1003 5106 sum.
1021 5065 1052 5101 »
1089 5040 1394 5105 Similiter
1415 5037 1629 5118 Israel,
1654 5037 1826 5101 idest
1857 5036 1998 5100 «vir
2024 5035 2154 5099 for-

674 5280 693 5315 ¹
721 5281 892 5344 Greg„
913 5281 1129 5342 Pastor„
1160 5282 1293 5343 part.
1325 5289 1361 5341 1,
1390 5292 1437 5328 c.
1466 5289 1524 5327 1x
1556 5292 1571 5326 ε
1595 5294 1622 5324 «
1650 5274 1929 5328 Virtutibus
1958 5273 2157 5337 pollens

611 5357 819 5401 coactus
846 5351 909 5400 ad
930 5351 1159 5415 regimen
1184 5350 1356 5399 veniat
1366 5363 1383 5412 3
1402 5348 1675 5398 virtutibus
1700 5359 1888 5396 vacuus
1909 5358 1975 5394 ne
2003 5358 2159 5394 coac-

612 5427 691 5472 tus·
712 5423 920 5487 quidem
937 5424 1163 5474 accedat.
1189 5440 1216 5469 »
1233 5449 1297 5459 —-
1316 5426 1337 5456 ἒ
1358 5421 1531 5482 Arist„
1554 5420 1728 5483 Phys„
1747 5418 1836 5467 lib.
1862 5418 1899 5479 1,
1925 5422 2048 5467 text.
2074 5419 2157 5466 81.

610 5520 675 5533 -
697 5495 719 5530 ³
747 5494 917 5560 Cant„
940 5505 979 5559 1,
1001 5498 1049 5544 6.
1065 5521 1129 5531 --
1146 5495 1169 5530 ¹·
1187 5493 1371 5554 Exod„
1396 5505 1466 5554 ιν,
1495 5496 1572 5544 10.
1589 5516 1650 5528 -
1674 5491 1694 5524 ⁵
1715 5490 1857 5550 Gen„
1881 5500 2049 5550 xxxn,
2073 5489 2156 5536 25.

1653 465 2326 538 ILLUMINATIONES
2375 470 2767 540 ECCLESIAE

2265 607 2348 670 tis
2363 629 2392 666 υ
2428 609 2500 671 in
2530 610 2683 689 vita,
2715 610 3087 674 fortificatus
3112 609 3233 673 fuit
3257 608 3325 673 in
3351 609 3525 674 lucta
3550 611 3804 694 Angeli,

2266 716 2572 778 emarcuit
2594 719 2811 780 tamen
2834 722 2856 757 ⁸
2885 734 3124 781 nervus
3150 717 3407 781 femoris
3425 719 3480 799 ej
3493 737 3589 795 ηε,
3608 719 3807 784 etfac-

2265 827 2369 886 tus
2397 828 2490 886 est
2518 824 2823 888 claudus:
2856 826 3012 907 quia
3031 826 3171 888 haec
3188 826 3632 908 contemplatio
3663 827 3811 892 facit

2265 929 2524 1010 nigram
2556 932 2837 995 animam
2868 951 3173 1015 apparere
3200 911 3590 1011 hominibuS,
3613 952 3812 1015 quan-

2264 1036 2346 1101 do
2391 1058 2645 1103 summo
2686 1041 2803 1103 soli
2835 1041 3275 1122 conjungitur.
3327 1039 3480 1104 Haec
3520 1046 3613 1105 est
3649 1043 3813 1105 sicut

2263 1147 2509 1227 Esther,
2551 1168 2697 1231 quae
2725 1151 2746 1184 ⁸
2784 1172 2815 1209 «
2857 1167 2990 1212 non
3034 1150 3267 1232 quaerit
3308 1149 3626 1214 mundum
3664 1168 3811 1213 mu-

2262 1253 2551 1335 liebrem,
2583 1279 2613 1315 1>
2647 1257 2757 1322 sed
2782 1263 3078 1322 contenta
3105 1264 3200 1322 est
3224 1258 3502 1322 naturali
3530 1259 3811 1342 pulchri-

2262 1363 2506 1442 tudine,
2537 1383 2654 1427 nec
2671 1366 2902 1447 quaerit
2929 1366 3083 1429 istos
3101 1371 3366 1430 ornatus
3396 1366 3806 1430 meretricios

2263 1469 2428 1534 Nam
2470 1472 2718 1536 dicebat
2745 1475 2968 1537 beatus
3003 1473 3052 1537 F
3055 1475 3403 1551 ranciscuS,
3436 1476 3589 1557 quia
3624 1476 3812 1539 «dico

2262 1579 2479 1657 vobiS‚
2530 1582 2702 1662 quod
2745 1600 3084 1663 nunquam
3132 1582 3247 1665 qui
3289 1582 3428 1648 vult
3468 1599 3809 1664 apparere,

2261 1692 2467 1769 potest
2504 1690 2726 1753 venire
2773 1690 2853 1753 ad
2887 1690 3563 1773 contemplationem.»
3602 1689 3812 1754 Tertio

2264 1800 2667 1878 comparatur
2693 1797 2869 1861 lunae
2893 1803 3149 1880 propter
3170 1797 3621 1879 refulgentiam
3647 1798 3815 1862 ordi-

2262 1908 2502 1982 natam;
2548 1904 2718 1968 unde
2764 1906 2997 1969 dicitur
3025 1912 3048 1945 ⁷
3081 1926 3097 1969 :
3140 1929 3171 1966 α
3197 1905 3321 1971 Vas
3360 1912 3717 1969 castrorum
3745 1905 3813 1967 in

2262 2011 2666 2076 firmamento
2694 2014 2836 2076 coeli
2871 2013 3259 2095 resplendet:
3290 2036 3320 2074 n
3356 2014 3590 2078 dicitur
3613 2013 3691 2077 de
3709 2012 3814 2076 lu-

2260 2139 2365 2184 na.
2397 2120 2622 2185 Omnia
2650 2122 2841 2201 enim,
2879 2140 3026 2205 quae
3056 2127 3206 2186 sunt
3232 2124 3300 2187 in
3330 2122 3628 2201 Ecclesia,
3664 2126 3812 2188 sunt

2262 2230 2613 2293 secundum
2661 2231 2970 2293 rationem
3013 2230 3254 2294 ordinis
3280 2231 3675 2294 ordinatione
3702 2236 3818 2294 ro-'

2261 2336 2482 2415 busta,
2529 2337 2824 2419 pulchra,
2863 2338 3174 2419 Jucunda.
3215 2336 3479 2419 Propter
3525 2337 3808 2419 primum

2260 2444 2493 2508 dicitur
2533 2462 2648 2511 vas
2694 2451 3069 2522 castrorum,
3101 2450 3124 2483 ⁸
3172 2468 3204 2505 «
3230 2446 3397 2509 acies
3439 2444 3801 2508 ordinata.»

2261 2556 2284 2591 ⁹
2323 2575 2354 2612 α
2374 2552 2535 2630 Quid
2560 2553 2803 2618 videbis
2823 2554 2891 2616 in
2911 2553 3238 2633 Sulamite,
3265 2554 3389 2617 nisi
3417 2553 3643 2616 choros
3671 2571 3810 2615 cas-

2261 2665 2553 2726 trorum?
2569 2686 2599 2721 »
2625 2663 2776 2746 quia
2792 2664 2910 2726 iste
2937 2664 3091 2728 ordo
3108 2667 3281 2727 totus
3309 2665 3403 2727 est
3426 2662 3506 2726 ad
3523 2680 3811 2743 pugnan-

2261 2769 2418 2833 dum
2438 2775 2658 2833 contra
2675 2770 3158 2834 universitatem
3180 2770 3486 2834 hostium.
3513 2768 3670 2832 ltem
3696 2768 3809 2831 ha-

2261 2878 2368 2941 het
2389 2878 2888 2959 jucunditatem3
2920 2877 3062 2941 ideo
3091 2877 3240 2941 dicit
3270 2899 3284 2939 ε
3310 2874 3681 2958 Resplendet
3702 2874 3803 2956 (b).

2263 2984 2339 3048 Et
2365 2985 2507 3050 haec
2542 2989 2639 3049 est
2687 2985 2918 3063 gloria,
2956 3004 3101 3067 quae
3135 2989 3231 3048 est
3271 2985 3631 3048 formositas
3659 3003 3809 3057 cum

2255 3094 2673 3177 jucunditate.
2713 3090 2889 3157 Unde
2930 3097 2994 3157 et
3036 3092 3264 3157 divites
3303 3093 3643 3157 ostendunt
3670 3093 3805 3174 glo·

2263 3202 2428 3265 riam
2456 3218 2662 3279 suam,
2693 3200 3040 3264 incedendo
3067 3200 3136 3263 in
3157 3199 3367 3281 gloria
3395 3201 3666 3264 vestium
3686 3248 3704 3278 ,
3749 3204 3811 3264 et

2263 3309 2573 3385 laetitiam,
2605 3309 2765 3372 sicut
2800 3309 2867 3372 in
2906 3309 3146 3391 nuptiis
3192 3313 3254 3372 et
3289 3308 3487 3372 festis,
3538 3307 3690 3372 Haec
3717 3312 3811 3371 est

2266 3418 2542 3482 secunda
2586 3435 2731 3499 pars
2777 3416 3362 3498 contemplationis»,
3410 3416 3810 3480 considerare

2266 3525 2500 3589 scilicet
2528 3524 2868 3590 Ecclesiam
2898 3525 3252 3588 secundum
3281 3524 3449 3606 quod
3473 3529 3569 3587 est
3590 3541 3808 3605 super-

2268 3634 2494 3698 vestita
2518 3633 2753 3715 figuris
2778 3637 2842 3696 et
2868 3631 3153 3711 theoriiS,
3180 3636 3241 3695 et
3260 3631 3610 3695 secundum
3639 3630 3810 3712 quod

2266 3740 2578 3806 illustrata
2601 3762 2640 3806 a
2665 3740 2819 3820 sole,
2845 3746 2909 3805 et
2935 3740 3286 3804 secundum
3315 3739 3485 3821 quod
3513 3743 3610 3802 est
3637 3738 3808 3802 ordi-

2266 3856 2416 3914 nata
2441 3851 2521 3914 ad
2568 3847 3034 3934 pugnandum3
3068 3850 3130 3911 et
3157 3847 3246 3910 sic
3272 3851 3369 3911 est
3410 3846 3566 3910 luna
3602 3845 3670 3909 in
3699 3848 3810 3910 fir-

2268 3964 2591 4024 mamento
2618 3960 2873 4038 animae,
2905 3962 2981 4021 ut
3026 3956 3466 4020 consideratur
3493 3975 3607 4039 per
3630 3957 3810 4020 theo-

2266 4070 2431 4132 riam
2485 4067 2899 4151 symbolicam
2929 4113 2949 4143 ,
3011 4083 3125 4147 per
3189 4065 3505 4128 theoriam
3559 4065 3812 4147 proprie

2267 4178 2524 4242 dictam.
2580 4174 2790 4239 Tertia
2831 4191 2978 4257 pars
3023 4173 3571 4255 contemplationis
3599 4183 3692 4237 est
3744 4173 3813 4236 in

2267 4283 2764 4349 consideratione
2818 4282 3143 4346 luculenta
3205 4283 3440 4346 mentis
3511 4282 3813 4345 humanae

2267 4394 2743 4458 hierarchizatae
2774 4411 2791 4456 t
2825 4398 2886 4455 et
2914 4391 3053 4454 haec
3090 4390 3478 4470 intelligitur
3522 4407 3637 4473 per
3673 4388 3814 4452 stel-

2266 4501 2379 4582 laS,
2414 4500 2547 4565 sive
2575 4518 2690 4582 per
2715 4499 2926 4563 lucem
2972 4497 3324 4579 stellarum,
3365 4517 3513 4582 quae
3554 4497 3812 4581 quidem

2267 4607 2460 4671 habet
2494 4606 2913 4671 radiationem
2957 4606 3337 4686 mansivam,
3387 4607 3704 4683 decoram,
3753 4609 3817 4668 et

2261 4715 2637 4798 jucundam.
2668 4714 2905 4779 Anima
2931 4732 3078 4797 quae
3126 4715 3320 4779 habet
3359 4714 3500 4779 haec
3542 4716 3686 4794 tria,
3719 4716 3816 4776 est

2268 4823 2743 4888 hierarchizata.
2793 4822 2882 4887 De
2925 4823 3277 4887 radiatione
3322 4823 3632 4902 mansiva,
3665 4838 3813 4902 quae

2268 4931 2454 4994 estin
2499 4930 2714 4994 anima
2747 4929 3221 5010 hierarchizata,
3269 4930 3499 4993 dicitur
3543 4930 3610 4992 in
3649 4928 3814 4991 libro

2267 5038 2568 5103 Judt'cum
2607 5037 2698 5102 ¹⁰:
2734 5061 2765 5097 α
2794 5036 3002 5101 Stetlae
3037 5040 3378 5101 manentes
3404 5037 3473 5099 in
3498 5035 3722 5099 ordine
3752 5040 3815 5099 et

2266 5165 2462 5211 cursu
2490 5163 2627 5225 su0‚
2674 5148 3139 5228 pugnaverunt
3182 5149 3401 5208 contra
3428 5143 3739 5207 Sisaram.
3772 5165 3805 5204 n

2265 5344 2329 5357 —
2365 5318 2385 5348 ⁸
2420 5316 2588 5377 Esth„
2616 5327 2672 5376 11,
2704 5318 2753 5366 3.
2789 5341 2850 5353 -
2880 5317 2903 5353 ⁷
2933 5315 3118 5377 Eccli„
3149 5326 3298 5377 xmu,
3327 5317 3376 5364 9.
3404 5340 3466 5353 -
3490 5316 3509 5346 ⁸
3537 5314 3703 5381 Cant„
3733 5327 3808 5379 vr,

2266 5391 2316 5451 3,
2344 5391 2391 5439 9.
2411 5390 2515 5425 —*³
2540 5389 2709 5452 Cant„
2737 5400 2827 5447 vu,
2860 5392 2905 5437 1.
2928 5415 2992 5425 —
3023 5389 3061 5423 ¹⁰
3081 5387 3267 5448 ludim,
3293 5397 3344 5451 V,
3374 5389 3454 5437 20.

2330 5487 2396 5552 (a)
2425 5488 2548 5538 Coet.
2576 5485 2695 5538 edit.
2725 5487 2970 5537 maxime.
2999 5509 3061 5521 -
3092 5485 3157 5550 (b)
3184 5485 3311 5536 ltem
3338 5486 3677 5552 Resplendeat.

3911 1498 4050 1538 Pnu-

3839 1559 3946 1602 cisci
3965 1560 4053 1603 dio-
