4196 6294
1228 777 1956 892 EXPOSITIO
2043 782 2189 895 IN
2276 783 3149 897 PSALTERIUM

2033 1085 2348 1109 -““

1842 1355 2030 1431 ARG
2050 1357 2101 1430 U
2119 1356 2249 1433 ΜΕ
2268 1356 2388 1432 ΝΤ
2406 1357 2540 1434 UM

1942 1526 2049 1601 (Εω
2073 1527 2205 1585 edit.
2233 1526 2443 1601 vatic.)

662 1702 1008 1784 ¹Sanctum
1052 1712 1588 1780 Bonaventuram
1610 1762 1628 1796 ,
1667 1715 1905 1803 praeter
1950 1709 2080 1778 alia
2101 1762 2120 1796 ,
2169 1731 2321 1802 quae
2358 1709 2651 1802 plurima
2672 1762 2691 1796 ,
2735 1716 2800 1778 et
2843 1709 3155 1781 doctrinae
3178 1765 3197 1799 ,
3244 1720 3310 1783 et
3351 1713 3612 1806 pietatis
3647 1739 3781 1788 suae

603 1837 1032 1899 monumenta
1077 1827 1268 1896 nobis
1300 1827 1384 1919 (a)
1429 1827 1737 1919 reliquit,
1770 1828 1842 1894 in
1889 1825 2285 1897 Psalterium
2329 1826 2526 1895 etiam
2570 1826 2841 1896 brevem
2881 1815 3365 1919 'expositionem
3412 1831 3741 1924 scripsisse
3766 1887 3784 1918 ,

603 1952 1010 2038 compertum
1055 1952 1171 2014 est.
1213 1944 1418 2037 Cujus
1461 1966 1657 2036 porro
1694 1943 2117 2037 expositionis
2160 1943 2494 2035 exemplar
2532 1949 2761 2029 vetus,
2803 1966 3005 2012 manu
3052 1941 3436 2035 exaratum,
3471 1958 3789 2043 tanquam

603 2063 994 2155 praeclarum
1023 2074 1268 2130 munus
1295 2061 1481 2130 Sixto
1508 2060 1754 2142 Quinto
1773 2113 1792 2147 ,
1819 2059 2126 2130 Pontifici
2166 2058 2459 2129 Maximo
2480 2112 2498 2146 ,
2530 2081 2612 2127 ex
2636 2059 2951 2128 Hetruria
2993 2061 3273 2131 allatum
3294 2116 3312 2149 ,
3354 2064 3427 2133 in
3452 2066 3789 2159 Typogra-

602 2179 760 2271 phia
801 2178 1158 2264 Vaticana,
1209 2178 1292 2246 ab
1349 2200 1425 2247 eo
1469 2177 1808 2264 instituta,
1860 2176 2039 2247 unde
2095 2176 2264 2246 sacri
2315 2175 2581 2246 Codices
2607 2229 2627 2263 ‚
2686 2176 3209 2271 sanctorumque
3258 2180 3533 2251 Patrum
3588 2205 3789 2275 opera

603 2317 804 2387 quam
845 2295 1368 2364 emendatissima
1412 2294 1769 2386 prodeant,
1814 2293 2062 2388 placuit
2103 2315 2242 2362 una
2274 2315 2426 2362 cum
2472 2293 2722 2361 caeteris
2762 2293 2945 2362 illius
2997 2295 3571 2368 lucubrationibus
3614 2310 3785 2372 recte

602 2412 963 2505 ordineque
986 2411 1278 2503 imprimi
1305 2464 1323 2498 ,
1354 2419 1553 2502 atque
1582 2409 1735 2479 inde
1762 2410 1973 2479 emitti
2017 2409 2100 2478 ad
2141 2409 2494 2479 Catholicae
2535 2408 2839 2479 Ecclesiae
2879 2434 3100 2480 usum.
3150 2413 3266 2482 Est
3290 2436 3487 2506 porro
3532 2419 3788 2510 exposi⁴

601 2528 799 2597 tionis
826 2527 1027 2620 hujus
1048 2527 1216 2597 liber
1242 2550 1397 2595 sane
1426 2526 1847 2619 hujusmodi,
1878 2527 2144 2618 qualem
2173 2525 2359 2594 illius
2383 2532 2718 2594 auctorem
2739 2579 2758 2613 ,
2790 2527 3009 2618 ipsum
3039 2538 3338 2600 sanctum
3364 2532 3789 2604 Bonaventu-

601 2668 771 2732 ram,
799 2644 1143 2714 Doctorem
1170 2651 1236 2713 et
1263 2643 1722 2736 Seraphicum,
1754 2651 1819 2712 et
1845 2643 2210 2735 sapientem
2231 2695 2250 2729 ,
2283 2641 2729 2735 devotumque
2754 2655 3120 2734 agnoscunt
3142 2700 3160 2734 ,
3192 2656 3391 2741 atque
3436 2650 3600 2720 adeo
3637 2675 3787 2743 pro-

602 2762 877 2832 fitentur
900 2759 1276 2850 gravissimi
1303 2759 1477 2846 viri,
1505 2761 1626 2852 qui
1652 2760 1818 2829 hene
1867 2759 2197 2846 sentiunt,
2228 2759 2544 2852 illiusque
2587 2782 2858 2852 operum
2888 2785 3015 2830 usu
3058 2764 3342 2835 litterate
3381 2768 3576 2859 periti
3603 2778 3781 2839 sunt.

600 2879 749 2949 Jam
775 2901 932 2949 vero
958 2877 1245 2946 Joaunes
1269 2875 1473 2946 Gerso
1498 2929 1518 2963 ‚
1553 2877 1662 2945 cui
1694 2877 1980 2945 multum
2010 2897 2270 2967 semper
2317 2875 2643 2945 tributum
2686 2885 2784 2946 est
2808 2931 2826 2965 ,
2871 2878 2939 2947 id
2979 2879 3457 2953 Bonaventurae
3499 2887 3788 2956 testimo-

602 2998 790 3066 nium
820 2994 967 3080 dat,
998 3001 1074 3062 ut
1101 2993 1284 3063 salva
1308 3015 1464 3084 pace
1491 2992 1777 3062 aliorum
1805 2992 2159 3061 Doctorum
2184 3044 2202 3078 ,
2232 2992 2515 3079 dixerit,
2545 2992 2740 3062 illum
2773 2995 3059 3063 maxime
3088 2997 3401 3068 idoneum
3432 3023 3568 3069 esse
3594 3055 3610 3086 ,
3641 3011 3786 3071 tum

601 3114 684 3184 ad
728 3109 1205 3182 illuminandas
1247 3130 1383 3179 suae
1432 3108 1744 3178 doctrinas
1786 3108 1932 3179 luce
1978 3107 2327 3178 hominum
2385 3117 2635 3178 mentes
2662 3165 2678 3197 ,
2737 3118 2884 3180 tum
2939 3112 3235 3204 pietatiS,
3289 3114 3797 3211 devotionisque

601 3230 834 3299 ardore
863 3226 1370 3296 inflammandos
1411 3226 1730 3318 salutares
1767 3225 1976 3294 animi
2013 3226 2307 3295 affectus
2349 3253 2383 3291 α
2408 3226 2638 3312 Multi,
2693 3227 2914 3319 inquit
2941 3229 3378 3320 Trithemius,
3422 3233 3785 3304 doctrinam

602 3346 946 3438 proferunt
973 3370 992 3429 3
1023 3342 1437 3413 devotionem
1468 3343 1823 3433 praedicant
1849 3342 2081 3428 multi3
2114 3341 2328 3434 pauci,
2366 3342 2708 3412 scribendo
2736 3344 2965 3431 libros,
2999 3345 3369 3415 docuerunt
3394 3358 3781 3443 utramque3

600 3462 1069 3531 Bonaventura
1097 3467 1359 3528 sanctus
1387 3466 1452 3528 et
1478 3459 1723 3528 multos
1764 3459 2132 3550 superavit,
2165 3466 2232 3525 et
2275 3480 2515 3548 paucos
2538 3510 2557 3544 ,
2601 3459 2757 3528 dum
2800 3460 2943 3550 ejus
2990 3461 3288 3531 doctrina
3328 3465 3741 3535 devotionem
3764 3522 3782 3556 ‚

602 3578 864 3648 devotio
908 3576 1178 3645 instruit
1220 3575 1610 3644 doctrinam.
1648 3599 1683 3640 >³
1725 3574 1827 3643 Ex
1867 3574 1987 3643 hac
2033 3574 2240 3663 igitur
2277 3573 2581 3642 Psalterii
2620 3575 3022 3667 expositione
3070 3599 3210 3646 rem
3256 3587 3605 3674 utramque
3647 3585 3789 3653 ani-

600 3694 923 3764 madverti
961 3694 1159 3762 licet:
1203 3715 1356 3762 nam
1402 3715 1555 3760 cum
1596 3692 1796 3784 plena
1834 3699 1930 3760 est
1973 3691 2420 3760 doctrinarum
2459 3691 2653 3777 locis,
2701 3693 2945 3783 quibus
2983 3692 3440 3765 haereticorum
3487 3699 3787 3791 impietas

600 3811 788 3881 facile
823 3811 1285 3900 redarguitur3
1319 3817 1460 3876 tum
1489 3808 1899 3877 documentis
1936 3808 2266 3894 abundat,
2300 3807 2545 3899 quihus
2589 3806 2888 3876 fidelium
2933 3811 3141 3878 animi
3183 3813 3254 3880 in
3305 3837 3532 3884 omnes
3574 3830 3788 3909 partes

597 3912 965 3996 excitantur
1021 3927 1104 3995 ad
1152 3926 1315 4016 legis
1371 3925 1616 3994 divinae
1668 3925 2165 3994 meditationem
2203 3978 2221 4012 ,
2278 3923 2777 4015 devotionisque
2831 3926 3150 3996 studium.
3210 3929 3293 3997 Et
3348 3954 3547 4020 vero,
3606 3936 3785 4026 quod

600 4044 884 4114 maxime
938 4043 1020 4112 ad
1074 4051 1317 4111 rectam
1378 4041 1703 4135 psallendi
1756 4042 2077 4110 rationem
2135 4040 2505 4133 plurimum
2563 4038 2932 4131 adjumenti
2980 4043 3207 4131 affert,
3250 4045 3343 4115 ita
3387 4047 3458 4116 in
3506 4049 3786 4120 Psalmis

600 4158 1000 4251 exponendis
1024 4160 1287 4249 singula
1312 4160 1369 4229 is
1394 4167 1603 4247 notat,
1634 4168 1711 4228 ut
1737 4157 2342 4249 interpretationem
2376 4164 2757 4248 perpetuam
2800 4158 3147 4251 adhibeat,
3194 4164 3371 4234 unde
3407 4166 3779 4256 psallentiS,

598 4285 715 4348 aut
739 4277 1015 4368 legentis
1041 4299 1227 4345 mens
1245 4278 1514 4346 incendi
1552 4277 1794 4370 possit,
1828 4298 1960 4343 non
1992 4274 2191 4343 modo
2218 4273 2301 4343 ad
2332 4273 2791 4361 cogitationem
2814 4326 2832 4360 ,
2864 4275 2977 4343 sed
3024 4277 3223 4346 etiam
3265 4280 3348 4347 ad
3385 4281 3781 4352 desiderium

597 4394 783 4464 illius
822 4393 1155 4463 imitandae
1202 4393 1467 4463 virtutis
1493 4446 1511 4480 ,
1555 4417 1759 4485 quam
1802 4392 2223 4460 Psalmorum
2273 4389 2705 4481 explicatione
2765 4389 2901 4481 ipse
2947 4391 3154 4462 docet.
3209 4395 3292 4464 Et
3336 4400 3650 4489 quoniam
3698 4401 3780 4470 ad

597 4511 967 4581 officiorum
1003 4510 1385 4581 divinorum
1414 4533 1637 4603 preces
1663 4509 1974 4578 dicendas
2001 4489 2478 4576 attentissimus
2503 4506 3333 4601 diligentissimusque'fuit
3352 4566 3368 4598 ,
3400 4514 3468 4583 id
3497 4517 3781 4586 maxime

597 4629 890 4718 studuit,
923 4637 999 4698 ut
1022 4682 1038 4714 ,
1071 4652 1222 4697 cum
1254 4652 1381 4697 usu
1407 4629 1624 4713 venit,
1656 4649 1886 4695 eorum
1934 4626 2102 4694 ritus
2145 4623 2586 4715 mysteriaque
2618 4621 2970 4714 explicaret
3011 4625 3370 4719 aliquando
3412 4631 3570 4723 ipsis
3612 4634 3784 4724 psal-

598 4748 759 4832 miS,
790 4769 872 4815 ex
911 4745 1157 4838 quibus
1196 4746 1558 4838 praesertim
1605 4766 1847 4833 magna
1890 4742 2165 4810 illorum
2209 4762 2359 4832 pars
2418 4747 2691 4807 constat.
2744 4738 2858 4807 Est
2901 4740 3025 4810 hoc
3063 4746 3268 4813 sancti
3296 4746 3780 4820 Bonaventurae
3847 4827 3850 4828 ἢ

600 4864 970 4955 proprium,
1006 4870 1081 4932 ut
1116 4863 1335 4931 verbis
1380 4860 1738 4931 admodum
1778 4860 1998 4929 brevis
2038 4859 2156 4945 sit;
2200 4865 2267 4926 at
2301 4878 2524 4925 rerum
2570 4856 3179 4950 sententiarumque
3207 4865 3781 4956 comprehensione

599 4980 997 5050 uberrimus,
1029 4981 1258 5072 Itaque
1283 5032 1302 5066 ‚
1334 4980 1454 5048 etsi
1480 4978 1682 5046 incise
1707 5031 1723 5063 ,
1755 4976 2278 5066 commaticoque
2317 4994 2557 5062 genere
2586 4971 2912 5041 scribendi
2944 4975 3179 5064 utitur,
3214 4989 3530 5072 apparent
3559 4989 3780 5049 tamen

595 5094 730 5165 fere
766 5096 838 5164 in
884 5097 1165 5187 singulis
1210 5097 1426 5167 verbis
1466 5096 1743 5186 singulae
1790 5092 2130 5164 sententiae
2152 5143 2171 5179 ,
2218 5097 2419 5181 atque
2463 5089 2626 5157 adeo
2677 5089 2942 5179 singula
2983 5083 3336 5185 mysteriai
3369 5096 3448 5164 de
3491 5097 3773 5189 quihuS,

594 5211 973 5283 scholastico
1015 5238 1234 5302 more,
1274 5213 1574 5283 distincte
1604 5267 1623 5301 ‚
1674 5211 2091 5282 membratim
2115 5262 2134 5294 ,
2174 5215 2372 5299 atque
2429 5204 2801 5274 illuminate
2837 5205 3017 5277 dicit.
3072 5211 3148 5278 Id
3193 5213 3530 5304 perspicue
3570 5213 3783 5282 mani-

596 5328 838 5398 festum
888 5338 983 5398 est
1026 5331 1097 5399 in
1144 5333 1266 5402 hac
1309 5332 1450 5428 ipsa
1495 5330 1987 5424 explanatione,
2025 5348 2180 5419 quae
2221 5344 2359 5394 non
2411 5320 2607 5393 modo
2656 5321 3070 5397 locutionum
3119 5327 3370 5415 forma,
3422 5329 3535 5399 sed
3579 5330 3777 5400 etiam

660 5502 729 5567 (a)
757 5501 915 5568 Edit..
934 5502 1045 5556 Vnt.
1073 5502 1136 5554 is.
