4196 6294
446 2435 523 2664 ‘’s-ssa

690 475 771 538 80
1740 458 2411 526 ILLUMINATIONES
2453 459 2848 528 ECCLESIAE

692 605 907 672 tialem
925 602 1215 669 ordinem
1229 650 1247 682 ,
1269 603 1336 666 et
1350 595 1858 683 dependentiam,
1878 595 2231 660 secundum

692 713 981 779 ordinem
1023 715 1274 774 naturae
1309 734 1323 774 ι
1357 712 1420 772 et
1456 724 1590 770 non
1632 705 1864 769 dicitur
1892 704 1997 769 hic
2040 721 2231 786 supe-

691 822 858 899 rius,
890 824 952 884 et
986 818 1282 896 inferius,
1327 814 1679 879 secundum
1720 810 1955 875 lineam
1998 811 2230 893 praedi-

692 926 1141 1004 camentalem,
1171 924 1281 988 sed
1320 921 1675 986 secundum
1721 919 1930 999 magis
1973 918 2186 981 nobile
2206 964 2226 995 ‚

690 1039 754 1099 et
779 1035 1016 1099 minus,
1043 1032 1254 1097 Tertio
1275 1035 1370 1093 est
1391 1030 1547 1093 ordo
1563 1027 1869 1110 temporis
1886 1025 1966 1090 ad
1985 1043 2229 1102 aevum,

690 1147 753 1207 et
790 1142 915 1207 aevi
958 1141 1039 1205 ad
1086 1139 1501 1205 aeternitatem
1538 1159 1553 1200 :
1584 1136 1735 1218 quia
1766 1135 1820 1197 si
1865 1139 1958 1198 est
1990 1133 2231 1216 aliquid

691 1253 949 1331 propter
976 1247 1149 1311 aliud
1179 1250 1494 1324 creatum,
1527 1249 1589 1307 et
1614 1242 1770 1306 illud
1799 1245 2081 1307 creatum
2109 1240 2232 1305 erit

689 1363 946 1442 propter
975 1359 1348 1436 increatum,
1372 1360 1433 1420 et
1450 1356 1802 1419 increatum
1833 1353 1952 1417 erit
1973 1354 2233 1436 propter

689 1484 757 1529 se
785 1470 895 1530 :ut
921 1466 976 1528 si
1004 1470 1100 1529 est
1125 1482 1228 1528 res
1255 1461 1621 1544 temporalis
1644 1465 1900 1544 propter
1918 1455 2225 1535 animam,

689 1578 753 1638 et
796 1573 1012 1637 anima
1067 1576 1326 1655 propter
1373 1570 1575 1635 Deum
1605 1617 1626 1649 ,
1675 1567 2023 1632 necessario
2070 1584 2230 1648 ergo

688 1680 854 1744 Deus
882 1684 1141 1763 propter
1167 1678 1245 1762 (a)
1278 1696 1345 1742 se
1372 1682 1487 1742 est.
1528 1676 1894 1763 Secundum
1937 1675 2225 1739 ordinem

689 1806 847 1870 ergo
890 1786 1301 1864 causalitatiS,
1354 1784 1717 1867 dignitatis,
1763 1784 1910 1847 finis
1942 1831 1960 1860 ,
2007 1783 2230 1847 omnia

689 1897 1011 1961 declarant
1054 1914 1189 1959 esse
1235 1894 1520 1977 primum
1565 1896 1630 1956 et
1673 1891 1973 1956 ultimum
2020 1890 2087 1954 in
2117 1908 2228 1953 ra-

688 2004 862 2068 tione
909 2002 1330 2086 producendi3
1362 2001 1470 2065 sed
1511 1999 1814 2064 ultimum
1862 1999 1931 2062 in
1981 1998 2230 2061 ratione

687 2111 884 2175 flendi
915 2134 929 2175 ε
963 2112 1087 2175 hoc
1111 2128 1269 2193 ergo
1307 2108 1657 2173 secundum
1696 2106 2008 2171 rationem
2050 2105 2228 2169 ordi-

687 2219 808 2283 nis.

771 2326 912 2389 Alio
941 2325 1130 2389 modo
1158 2329 1448 2389 creatura
1466 2324 1614 2388 dicit
1631 2323 1833 2387 Deum
1854 2340 1992 2387 esse
2011 2339 2230 2385 secun—

520 2437 576 2528 ξπ
594 2438 663 2528 ζζζ
689 2433 843 2496 dum
868 2435 1186 2496 rationem
1216 2433 1522 2515 originis,
1559 2435 1632 2495 ut
1673 2432 1727 2495 si
1768 2434 1865 2494 est
1900 2447 2015 2494 ens
2054 2447 2228 2493 crea-

510 2561 565 2590 00
579 2548 662 2591 ori·
688 2546 825 2605 tu‘m
841 2590 861 2619 ‚
891 2545 988 2604 est
1026 2560 1142 2604 ens
1178 2541 1532 2605 increatum
1568 2562 1583 2604 ε
1615 2544 1679 2603 et
1725 2539 1780 2602 si
1824 2545 1920 2603 est
1962 2557 2075 2603 ens
2110 2557 2228 2622 per

544 2622 579 2651 ”
689 2648 1264 2731 participationem,
1305 2651 1402 2711 est
1436 2665 1550 2711 ens
1586 2665 1699 2729 per
1745 2647 2084 2711 essentiam
2121 2668 2136 2711 ε
2170 2646 2224 2708 si

688 2760 785 2818 est
810 2774 926 2818 ens
949 2774 1062 2837 per
1091 2755 1610 2838 compositionem
1630 2802 1647 2833 ,
1675 2758 1771 2818 est
1799 2773 1913 2818 ens
1941 2772 2055 2837 per
2080 2755 2227 2818 sim·

687 2864 1030 2947 plicitatem
1049 2882 1066 2928 2
1089 2868 1151 2927 et
1172 2865 1225 2927 si
1244 2866 1338 2927 est
1355 2881 1470 2927 ens
1489 2878 1603 2945 per
1622 2861 2220 2939 multiformitatem,

686 2976 784 3036 est
805 2991 920 3037 ens
946 2990 1061 3055 per
1083 2972 1586 3045 uniformitatem
1608 3019 1625 3051 ,
1658 2970 1760 3035 vel
1805 2969 2221 3033 identitatem.

687 3079 901 3145 Primo
939 3080 1310 3161 dicendum,
1342 3078 1511 3163 quod
1550 3096 1739 3142 omne
1780 3079 2066 3141 creatum
2109 3093 2223 3159 po-

684 3188 779 3252 nit
822 3206 1077 3252 causam
1094 3236 1112 3269 ,
1144 3192 1208 3251 et
1243 3186 1626 3253 universitas
1665 3191 2071 3249 causatorum
2104 3200 2219 3266 po-

684 3295 780 3358 nit
796 3314 1054 3360 causam
1072 3293 1819 3378 primamuniversalem.
1841 3292 2024 3357 Tunc
2051 3309 2224 3374 quae-

683 3421 759 3468 ro
784 3404 864 3468 de
902 3422 1092 3492 causa
1130 3402 1286 3467 illa:
1329 3407 1441 3467 aut
1483 3407 1578 3466 est
1615 3405 1853 3480 creata,
1883 3405 1997 3465 aut
2040 3419 2171 3464 non
2203 3423 2219 3465 ι

683 3511 740 3575 si
766 3511 886 3601 sic,
917 3516 1011 3575 est
1035 3510 1213 3575 abire
1240 3511 1311 3573 in
1337 3509 1665 3573 infinitum
1688 3531 1705 3587 ;
1735 3509 1788 3572 si
1817 3526 1944 3572 non
1965 3557 1984 3587 ,
2016 3508 2224 3572 haheo

682 3619 1104 3701 propositum.
1157 3618 1313 3682 ltem
1355 3635 1470 3681 ens
1515 3634 1629 3698 per
1673 3616 2223 3699 participationem

681 3726 763 3789 ab
801 3743 879 3790 eo
917 3725 1111 3789 habet
1149 3742 1314 3804 esse,
1347 3723 1523 3807 quod
1568 3727 1666 3787 est
1702 3740 1817 3786 ens
1854 3741 1969 3806 per
2003 3740 2222 3787 essen-

681 3833 836 3896 tiam
861 3879 880 3909 ,
910 3833 1064 3915 quia
1086 3830 1231 3896 fluit
1253 3831 1335 3894 ab
1363 3848 1461 3894 eo.
1495 3828 1802 3894 Similiter
1828 3848 2018 3894 omne
2043 3849 2223 3895 com-

679 3941 957 4023 positum
997 3944 1095 4004 est
1124 3957 1165 4002 a
1203 3938 1732 4020 componentibus
1774 3959 1790 4002 z
1827 3938 2125 4003 similiter
2161 3945 2226 4003 et

680 4051 893 4130 partes
911 4097 929 4128 ,
961 4065 1110 4111 cum
1146 4047 1276 4111 sint
1310 4046 1730 4129 dependentes
1772 4046 1853 4110 ad
1896 4046 2177 4111 invicem
2201 4094 2220 4125 ‚

678 4158 829 4220 sunt
855 4155 937 4219 ab
961 4155 1175 4238 aliquo
1200 4153 1668 4237 simplicissimo
1688 4152 2003 4217 absolut0.
2037 4151 2221 4217 Simi-

678 4262 824 4328 liter
848 4263 926 4327 de
956 4262 1468 4328 multiformitate
1501 4283 1516 4326 ι
1548 4262 1603 4325 si
1644 4262 1818 4326 enim
1844 4267 2079 4326 esteris
2106 4280 2223 4346 per

680 4373 1277 4452 multiformitatem,
1299 4377 1392 4437 est
1414 4390 1527 4435 ens
1549 4390 1664 4454 per
1684 4357 2216 4450 uniformitatem,

679 4486 756 4548 ut
783 4481 1198 4559 innumeris,
1228 4481 1381 4564 quia
1407 4497 1661 4545 necesse
1689 4484 1785 4544 est
1811 4479 2110 4545 devenire
2137 4481 2219 4545 ad

679 4590 995 4655 unitatem
1025 4610 1043 4653 ι
1074 4588 1199 4653 hoc
1228 4606 1386 4669 ergo
1417 4589 1662 4652 ratione
1688 4588 1976 4669 originis.
2007 4587 2222 4652 Tertio

640 4774 654 4785 ,
679 4699 893 4777 modo,
928 4697 1176 4761 ratione
1204 4695 1643 4779 completionis
1672 4695 1764 4758 :si
1802 4700 1897 4760 est
1936 4713 2068 4759 esse
2105 4712 2219 4776 po-

680 4806 974 4886 tentiale,
1009 4808 1107 4870 est
1150 4822 1289 4870 esse
1312 4803 1592 4882 actuale3
1624 4802 1679 4865 si
1719 4808 1813 4867 est
1839 4821 1973 4867 esse
2000 4806 2220 4866 muta-

632 4903 648 4914 ’
680 4916 836 4994 hile,
865 4918 961 4980 est
987 4932 1124 4980 esse
1149 4911 1551 4977 immutabile
1575 4930 1593 4990 ;
1626 4910 1682 4974 si
1720 4915 1815 4974 est
1839 4928 1974 4974 esse
1999 4928 2224 4974 secun·

680 5021 835 5086 dum
871 5022 1026 5105 quid
1051 5069 1073 5102 ,
1121 5025 1216 5085 est
1244 5038 1379 5084 esse
1423 5018 1831 5102 simpliciter3
1864 5019 1919 5080 si
1953 5023 2048 5081 est
2085 5035 2222 5082 esse

680 5130 1038 5212 dependens
1053 5177 1074 5210 ‚
1103 5132 1203 5194 est
1234 5145 1371 5192 esse
1409 5126 1809 5202 absolutum;
1840 5125 1897 5189 si
1941 5132 2035 5190 est
2079 5143 2220 5190 esse

680 5239 751 5301 in
780 5254 1047 5318 genere,
1077 5239 1171 5302 oet
1198 5253 1335 5300 esse
1361 5238 1544 5299 extra
1567 5252 1797 5316 genus.
1839 5232 1967 5298 Ens
1999 5238 2221 5298 autem

745 5400 811 5461 (α)
836 5399 959 5451 Coet.
1004 5398 1125 5452 edit.
1164 5413 1275 5465 per.
1309 5425 1372 5438 -
1408 5397 1483 5464 (ὁ)
1523 5400 1648 5450 Cat.
1690 5396 1812 5448 edit.
1847 5398 2124 5452 diversum.
2152 5424 2216 5437 —

680 5471 748 5539 (e)
777 5471 901 5523 Goee.
929 5471 1052 5522 edit.
1081 5471 1232 5525 libro·

2346 597 2686 679 potentiale
2711 599 2887 664 venit
2927 617 3011 664 ex
3054 600 3286 665 actuali
3324 618 3461 666 esse
3480 648 3499 679 ,
3530 603 3885 669 necessario

2345 704 2412 768 in
2439 705 2704 770 diversis
2728 707 2803 789 (b)
2827 730 2843 787 ;
2872 708 3075 772 sedin
3100 709 3322 773 eodem
3341 758 3359 789 ,
3381 728 3519 774 esse
3545 712 3885 793 potentiale

2345 814 2642 895 praecedit
2671 833 2808 879 esse
2834 815 3102 880 actuale.
3137 815 3439 881 Similiter
3462 820 3764 884 mutabile
3791 825 3887 885 est

2344 919 2553 985 fluens
2580 922 2661 986 ab
2682 922 3065 987 immutabili
3095 925 3250 989 fixo.
3274 924 3578 990 Similiter
3597 934 3886 991 creatura

2346 1029 2760 1093 essentialiter
2783 1031 3144 1113 dependens
3165 1052 3204 1095 a
3231 1033 3470 1114 prim0,
3501 1037 3564 1096 et
3591 1036 3882 1114 materia,

2344 1141 2409 1198 et
2436 1136 2643 1200 forma
2660 1185 2681 1215 ,
2710 1142 2773 1201 et
2799 1138 2992 1202 etiam
3029 1140 3315 1203 accidens
3340 1141 3554 1221 magis
3578 1141 3888 1223 dependet

2346 1260 2384 1305 a
2407 1242 2566 1321 Deo,
2598 1262 2796 1326 quam
2822 1263 2862 1308 a
2888 1263 3007 1309 suo
3038 1246 3321 1328 subjecto
3353 1269 3369 1311 ι
3403 1248 3554 1331 quia
3582 1247 3745 1312 Deus
3769 1268 3886 1330 po-

2347 1354 2469 1414 test
2501 1353 2734 1431 facere,
2763 1355 2838 1417 ut
2865 1353 2947 1415 sit
2973 1353 3111 1416 sine
3139 1354 3456 1436 subjecto,
3490 1355 3658 1418 utin
3686 1375 3887 1421 sacra-

2345 1465 2560 1523 mento
2583 1460 2831 1540 altaris;
2859 1461 2970 1525 sed
2993 1479 3158 1538 non,
3185 1462 3354 1544 quod
3385 1480 3513 1526 non
3535 1463 3884 1547 dependeat

2343 1565 2425 1628 ab
2457 1584 2553 1630 eo.
2588 1566 2894 1632 Similiter
2921 1569 2975 1633 si
3013 1574 3108 1633 est
3150 1589 3266 1633 ens
3306 1571 3655 1636 secundum
3686 1573 3841 1655 quid
3862 1623 3879 1655 ,

2341 1672 2462 1735 erit
2503 1692 2616 1737 ens
2662 1675 3030 1758 simpliciter
3076 1677 3145 1740 in
3194 1677 3297 1740 his
3354 1696 3498 1760 quae
3543 1684 3692 1742 nata
3736 1685 3887 1743 sunt

2341 1799 2476 1845 esse
2507 1782 2877 1866 simpliciter
2910 1804 2925 1845 ε
2959 1789 3031 1849 ut
3056 1785 3111 1847 si
3139 1789 3232 1848 est
3260 1786 3510 1867 sapiens
3531 1787 3884 1851 secundum

2340 1890 2491 1973 quid
2514 1939 2532 1969 ,
2572 1895 2668 1956 est
2710 1893 2961 1975 sapiens
3008 1893 3398 1975 simpliciter.
3444 1895 3783 1972 Similiter,
3815 1901 3887 1960 ut

2339 2003 2750 2065 removeatur
2774 2001 3107 2082 instantia,
3139 2007 3233 2066 est
3254 2003 3438 2067 albus
3467 2004 3695 2069 dente:
3725 2023 3884 2085 ergo

2337 2111 2433 2171 est
2461 2107 2645 2172 albus
2690 2109 3084 2190 simpliciter.
3117 2108 3184 2173 Si
3213 2113 3307 2173 est
3342 2128 3456 2173 ens
3499 2111 3568 2174 in
3606 2129 3880 2192 genere,

2337 2219 2433 2279 est
2471 2234 2584 2279 ens
2628 2221 2810 2279 extra
2852 2234 3080 2297 genuS.
3134 2217 3265 2281 Ens
3312 2218 3485 2282 enim
3529 2219 3599 2282 in
3644 2237 3884 2299 genere

2336 2321 2530 2386 habet
2568 2323 2957 2387 differentias
3001 2329 3388 2389 coarctantes
3425 2348 3442 2403 ;
3483 2331 3548 2389 et
3587 2326 3712 2389 tale
3755 2345 3886 2391 non

2339 2429 2530 2493 habet
2563 2449 2746 2513 posse
2777 2481 2794 2509 ,
2835 2451 2971 2496 esse
2998 2481 3016 2511 ‚
3065 2437 3130 2496 et
3171 2450 3367 2513 agere
3412 2434 3879 2499 universaliter.

2345 2536 2516 2602 Unde
2565 2536 2731 2604 Deus
2776 2546 2870 2604 est
2910 2558 3024 2604 ens
3066 2543 3251 2605 extra
3304 2558 3543 2621 genuS,
3589 2546 3652 2605 et
3690 2560 3887 2625 supra

2340 2662 2570 2725 genus.
2593 2645 2710 2710 11ae
2736 2646 2939 2728 igitur
2965 2648 3424 2730 speculationes
3441 2627 3722 2728 ordinis’,
3755 2650 3884 2713 ori-

2337 2752 2537 2832 ginis,
2569 2758 2632 2817 et
2659 2755 3130 2837 completioniS,
3162 2755 3410 2819 ducunt
3439 2756 3517 2819 ad
3556 2755 3714 2820 illud
3741 2775 3883 2821 esse

2335 2859 2650 2941 primum,
2683 2861 2854 2944 quod
2883 2865 3344 2944 repraesentant
3371 2880 3596 2926 omnes
3624 2869 3884 2927 creatu-

2335 2986 2449 3032 rae.
2478 2967 2611 3033 Hoc
2636 2970 2811 3033 enim
2839 2988 3074 3034 nomen
3117 2972 3423 3054 scriptum
3452 2971 3640 3035 estin
3667 2973 3880 3037 omni-

2333 3077 2458 3140 bus
2502 3077 2714 3142 rebus·
2762 3076 2842 3142 Et
2881 3083 3032 3142 sunt
3070 3079 3174 3143 hae
3228 3079 3615 3143 conditiones
3669 3080 3835 3143 entis
3852 3127 3875 3160 ,

2334 3201 2527 3267 super
2554 3203 2712 3267 quas
2742 3186 3093 3250 fundantur
3128 3187 3498 3251 certissimae
3537 3186 3876 3253 illationeS.

2334 3291 2513 3356 Unde
2550 3293 2712 3357 dixit
2736 3297 2958 3358 auctor
2982 3293 3130 3357 libri
3155 3294 3235 3360 de
3268 3294 3499 3361 causis
3522 3296 3591 3379 (c)
3634 3317 3649 3360 ε
3680 3320 3711 3357 α
3735 3295 3879 3360 Pri-

2333 3419 2442 3464 ma
2466 3420 2688 3466 rerum
2714 3406 3154 3467 creaturarum
3180 3404 3475 3469 omnium
3505 3409 3599 3469 est
3625 3423 3764 3470 esse
3790 3428 3804 3471 ε
3836 3429 3869 3465 ιι

2332 3509 2442 3572 sed
2472 3527 2598 3590 ego
2624 3509 2765 3574 dico
2794 3529 2811 3576 ε
2852 3533 2883 3571 α
2908 3511 3116 3593 prima
3155 3530 3375 3577 rerum
3421 3511 3881 3594 intelligentia-

2333 3634 2485 3682 rum
2511 3623 2607 3682 est
2633 3636 2768 3682 esse
2790 3619 3096 3701 primum.
3128 3642 3160 3679 n

2878 3838 3166 3910 SERMO
3211 3840 3331 3909 X1.

2383 4000 2648 4070 Quomodo
2688 4005 2931 4061 Trinitas
2964 4004 3237 4076 speculum
3272 4009 3353 4061 est
3380 4004 3801 4077 pulcherrimum
3816 4046 3831 4061 .

2411 4160 2434 4195 ¹
2471 4161 2600 4226 Nos
2645 4168 2856 4228 autem
2890 4161 3169 4228 revelata
3214 4162 3382 4242 facie
3424 4162 3697 4244 aleriam
3745 4163 3880 4231 Do-

2329 4270 2499 4337 mini
2524 4269 2955 4351 speculantes,
2990 4273 3109 4334 etc.
3135 4268 3387 4334 Dictum
3422 4274 3518 4335 est
3542 4271 3621 4336 de
3647 4290 3880 4337 secun-

2329 4377 2410 4441 da
2450 4377 2729 4457 visione,
2773 4377 3006 4441 scilicet
3045 4376 3488 4459 intelligentiae
3524 4399 3638 4463 per
3676 4381 3877 4447 fidem

2332 4485 2595 4549 elevatae
2635 4534 2655 4565 ‚
2704 4503 2850 4568 quae
2892 4484 3276 4568 intelligitur
3325 4505 3441 4570 per
3488 4489 3721 4553 coelum
3772 4490 3878 4555 vel

2329 4593 2812 4657 firmamentum
2844 4641 2864 4672 ‚
2915 4594 3086 4676 quod
3132 4598 3226 4658 est
3267 4594 3472 4658 altum
3500 4641 3521 4674 ‚
3566 4596 3828 4660 firmum
3856 4645 3877 4677 ,

2329 4701 2709 4784 speciosum.
2743 4699 2991 4764 Dictum
3018 4705 3114 4764 est
3139 4700 3219 4765 de
3246 4699 3495 4765 duobus
3521 4701 3781 4783 primis,
3812 4706 3876 4767 et

2329 4806 2678 4888 incoeptum
2732 4806 2810 4870 de
2862 4807 3048 4870 tertio
3079 4853 3100 4886 ‚
3158 4806 3395 4870 scilicet
3448 4807 3874 4889 speciositate.

2330 4930 2478 4996 quae
2502 4917 2596 4978 est
2624 4914 3036 4979 multiformis
3064 4915 3407 4997 speculatio
3435 4915 3606 4980 fidei.
3631 4915 3720 4981 De
3749 4936 3879 4999 qua

2329 5022 2574 5086 dictum
2616 5026 2712 5086 est
2753 5022 3030 5087 Abrahae
3057 5070 3079 5103 ,
3127 5023 3253 5087 hoc
3310 5026 3404 5087 est
3459 5023 3741 5087 credenti
3788 5024 3811 5059 ⁸
3857 5046 3871 5085 ;

2338 5152 2370 5191 α
2396 5129 2658 5212 Suspice
2684 5129 2952 5210 coelum,
2984 5135 3049 5195 et
3084 5148 3358 5195 numera
3401 5128 3644 5209 stellas,
3675 5131 3729 5193 si
3754 5149 3871 5213 po-

2328 5241 2445 5301 tes,
2476 5259 2507 5298 n
2537 5237 2788 5303 Dictum
2814 5242 2911 5302 est
2935 5257 2976 5304 a
3011 5238 3252 5304 Joanne
3274 5243 3298 5280 ⁸
3326 5261 3342 5302 :
3383 5261 3416 5300 c
3446 5237 3716 5303 Sustulit
3760 5259 3871 5305 me

2396 5403 2408 5432 ⁸
2439 5400 2551 5453 Lib.
2577 5400 2638 5452 de
2670 5400 2842 5462 Cam„
2870 5415 3020 5466 prop.
3047 5414 3122 5461 iv,
3147 5402 3203 5452 in
3228 5400 3392 5467 princ.
3415 5429 3479 5444 --
3498 5402 3522 5436 ²
3548 5402 3589 5454 u
3617 5403 3759 5467 Cor..
3788 5419 3871 5474 ιιι,

2331 5477 2499 5526 18.-
2519 5472 2543 5508 ⁸
2566 5478 2707 5536 cen„
2732 5484 2821 5539 xv,
2849 5478 2898 5527 s.
2928 5499 2987 5513 -
3013 5474 3036 5510 ⁶
3059 5475 3232 5539 ιρι»,
3263 5485 3380 5538 ω,
3415 5477 3492 5525 10.
