<?xml version="1.0" encoding="UTF-8"?>
<!DOCTYPE html PUBLIC "-//W3C//DTD XHTML 1.0 Transitional//EN"
    "http://www.w3.org/TR/xhtml1/DTD/xhtml1-transitional.dtd">
<html xmlns="http://www.w3.org/1999/xhtml" xml:lang="en" lang="en">
 <head>
  <title>
</title>
<meta http-equiv="Content-Type" content="text/html;charset=utf-8" />
  <meta name='ocr-system' content='tesseract 3.04.00' />
  <meta name='ocr-capabilities' content='ocr_page ocr_carea ocr_par ocr_line ocrx_word'/>
</head>
<body>
  <div class='ocr_page' id='page_1' title='image "./srecardinalissb00cargoog_0545.png"; bbox 0 0 4196 6294; ppageno 0'>
   <div class='ocr_carea' id='block_1_1' title="bbox 1660 471 2324 538">
    <p class='ocr_par' dir='ltr' id='par_1_1' title="bbox 1660 471 2324 538">
     <span class='ocr_line' id='line_1_1' title="bbox 1660 471 2324 538; baseline 0.002 -2"><span class='ocrx_word' id='word_1_1' title='bbox 1660 471 2021 538; x_wconf 87' lang='lat' dir='ltr'><strong>PSALMUS</strong></span> <span class='ocrx_word' id='word_1_2' title='bbox 2063 471 2324 538; x_wconf 80' lang='lat' dir='ltr'>CXVIII.</span> 
     </span>
    </p>
   </div>
   <div class='ocr_carea' id='block_1_2' title="bbox 395 606 1941 1158">
    <p class='ocr_par' dir='ltr' id='par_1_2' title="bbox 395 606 1941 1158">
     <span class='ocr_line' id='line_1_2' title="bbox 398 606 1939 668; baseline -0.002 0"><span class='ocrx_word' id='word_1_3' title='bbox 398 607 632 668; x_wconf 89' lang='lat' dir='ltr'>Domini</span> <span class='ocrx_word' id='word_1_4' title='bbox 676 608 1012 666; x_wconf 75' lang='lat' dir='ltr'><strong>reserante?</strong></span> <span class='ocrx_word' id='word_1_5' title='bbox 1039 608 1117 664; x_wconf 91' lang='lat' dir='ltr'><strong>De</strong></span> <span class='ocrx_word' id='word_1_6' title='bbox 1151 606 1415 666; x_wconf 91' lang='lat' dir='ltr'><strong>secundo</strong></span> <span class='ocrx_word' id='word_1_7' title='bbox 1445 609 1463 643; x_wconf 86' lang='lat'>¹</span> <span class='ocrx_word' id='word_1_8' title='bbox 1495 628 1509 662; x_wconf 89' lang='lat'><strong>:</strong></span> <span class='ocrx_word' id='word_1_9' title='bbox 1549 630 1575 659; x_wconf 89' lang='lat'>«</span> <span class='ocrx_word' id='word_1_10' title='bbox 1604 607 1803 666; x_wconf 85' lang='lat' dir='ltr'><strong>Ponite</strong></span> <span class='ocrx_word' id='word_1_11' title='bbox 1831 623 1939 666; x_wconf 88' lang='lat' dir='ltr'><strong>vos</strong></span> 
     </span>
     <span class='ocr_line' id='line_1_3' title="bbox 397 698 1941 775; baseline -0.002 -13"><span class='ocrx_word' id='word_1_12' title='bbox 397 705 461 762; x_wconf 92' lang='lat' dir='ltr'><strong>in</strong></span> <span class='ocrx_word' id='word_1_13' title='bbox 487 701 769 762; x_wconf 83' lang='lat' dir='ltr'>cordibus</span> <span class='ocrx_word' id='word_1_14' title='bbox 807 698 1014 758; x_wconf 90' lang='lat' dir='ltr'><strong>vestris</strong></span> <span class='ocrx_word' id='word_1_15' title='bbox 1050 715 1350 759; x_wconf 86' lang='lat' dir='ltr'><strong>sermones</strong></span> <span class='ocrx_word' id='word_1_16' title='bbox 1389 701 1549 759; x_wconf 79' lang='lat' dir='ltr'><strong>istoS.</strong></span> <span class='ocrx_word' id='word_1_17' title='bbox 1580 722 1608 756; x_wconf 75' lang='grc' dir='ltr'><strong>ι»</strong></span> <span class='ocrx_word' id='word_1_18' title='bbox 1640 701 1941 775; x_wconf 85' lang='lat' dir='ltr'><strong>Numquid</strong></span> 
     </span>
     <span class='ocr_line' id='line_1_4' title="bbox 396 793 1937 867; baseline -0.001 -12"><span class='ocrx_word' id='word_1_19' title='bbox 396 797 569 856; x_wconf 90' lang='lat' dir='ltr'><strong>audis</strong></span> <span class='ocrx_word' id='word_1_20' title='bbox 607 810 911 854; x_wconf 82' lang='lat' dir='ltr'><strong>sermones</strong></span> <span class='ocrx_word' id='word_1_21' title='bbox 950 793 1267 867; x_wconf 90' lang='lat' dir='ltr'><strong>cordibus,</strong></span> <span class='ocrx_word' id='word_1_22' title='bbox 1307 794 1787 866; x_wconf 81' lang='lat' dir='ltr'><strong>commendatOS,</strong></span> <span class='ocrx_word' id='word_1_23' title='bbox 1825 798 1937 854; x_wconf 92' lang='lat' dir='ltr'><strong>Do-</strong></span> 
     </span>
     <span class='ocr_line' id='line_1_5' title="bbox 396 887 1937 964; baseline -0.001 -14"><span class='ocrx_word' id='word_1_24' title='bbox 396 892 560 950; x_wconf 92' lang='lat' dir='ltr'><strong>mino</strong></span> <span class='ocrx_word' id='word_1_25' title='bbox 601 891 977 964; x_wconf 72' lang='lat' dir='ltr'><strong>imperante?</strong></span> <span class='ocrx_word' id='word_1_26' title='bbox 1018 891 1095 946; x_wconf 91' lang='lat' dir='ltr'><strong>De</strong></span> <span class='ocrx_word' id='word_1_27' title='bbox 1138 887 1307 946; x_wconf 81' lang='lat' dir='ltr'><strong>tertio</strong></span> <span class='ocrx_word' id='word_1_28' title='bbox 1329 890 1351 924; x_wconf 81' lang='lat'>²</span> <span class='ocrx_word' id='word_1_29' title='bbox 1384 907 1398 945; x_wconf 74' lang='grc' dir='ltr'>ε</span> <span class='ocrx_word' id='word_1_30' title='bbox 1437 907 1467 943; x_wconf 72' lang='grc' dir='ltr'><strong>α</strong></span> <span class='ocrx_word' id='word_1_31' title='bbox 1496 890 1937 948; x_wconf 85' lang='lat' dir='ltr'><strong>consummatio</strong></span> 
     </span>
     <span class='ocr_line' id='line_1_6' title="bbox 395 982 1937 1057; baseline -0.001 -15"><span class='ocrx_word' id='word_1_32' title='bbox 395 1000 740 1044; x_wconf 86' lang='lat' dir='ltr'><strong>sermonum</strong></span> <span class='ocrx_word' id='word_1_33' title='bbox 793 982 918 1057; x_wconf 92' lang='lat' dir='ltr'><strong>ipse</strong></span> <span class='ocrx_word' id='word_1_34' title='bbox 971 985 1074 1040; x_wconf 88' lang='lat' dir='ltr'><strong>est.</strong></span> <span class='ocrx_word' id='word_1_35' title='bbox 1107 1002 1135 1036; x_wconf 71' lang='lat' dir='ltr'><strong>n</strong></span> <span class='ocrx_word' id='word_1_36' title='bbox 1169 987 1255 1041; x_wconf 82' lang='lat' dir='ltr'><strong>An</strong></span> <span class='ocrx_word' id='word_1_37' title='bbox 1306 984 1578 1055; x_wconf 81' lang='lat' dir='ltr'><strong>agnoscis</strong></span> <span class='ocrx_word' id='word_1_38' title='bbox 1631 1000 1937 1042; x_wconf 86' lang='lat' dir='ltr'><strong>sermones</strong></span> 
     </span>
     <span class='ocr_line' id='line_1_7' title="bbox 397 1075 1570 1158; baseline -0.002 -20"><span class='ocrx_word' id='word_1_39' title='bbox 397 1080 868 1150; x_wconf 79' lang='lat' dir='ltr'><strong>consummatoS,</strong></span> <span class='ocrx_word' id='word_1_40' title='bbox 897 1075 1149 1158; x_wconf 85' lang='lat' dir='ltr'><strong>Domino</strong></span> <span class='ocrx_word' id='word_1_41' title='bbox 1178 1080 1570 1136; x_wconf 71' lang='lat' dir='ltr'><strong>munerante?</strong></span> 
     </span>
    </p>
   </div>
   <div class='ocr_carea' id='block_1_3' title="bbox 857 1235 1448 1293">
    <p class='ocr_par' dir='ltr' id='par_1_3' title="bbox 857 1235 1448 1293">
     <span class='ocr_line' id='line_1_8' title="bbox 857 1235 1448 1293; baseline 0.002 -2"><span class='ocrx_word' id='word_1_42' title='bbox 857 1235 1143 1292; x_wconf 80' lang='lat' dir='ltr'><strong>Articulus</strong></span> <span class='ocrx_word' id='word_1_43' title='bbox 1168 1235 1448 1293; x_wconf 79' lang='lat' dir='ltr'><strong>secundus.</strong></span> 
     </span>
    </p>
   </div>
   <div class='ocr_carea' id='block_1_4' title="bbox 375 1360 1934 2945">
    <p class='ocr_par' dir='ltr' id='par_1_4' title="bbox 375 1360 1934 2945">
     <span class='ocr_line' id='line_1_9' title="bbox 462 1360 1933 1436; baseline -0.003 -14"><span class='ocrx_word' id='word_1_44' title='bbox 462 1366 744 1423; x_wconf 76' lang='lat' dir='ltr'><strong>Illuminat</strong></span> <span class='ocrx_word' id='word_1_45' title='bbox 767 1377 934 1420; x_wconf 83' lang='lat' dir='ltr'><strong>:ecce</strong></span> <span class='ocrx_word' id='word_1_46' title='bbox 958 1362 1168 1419; x_wconf 87' lang='lat' dir='ltr'><strong>mentis</strong></span> <span class='ocrx_word' id='word_1_47' title='bbox 1193 1360 1529 1436; x_wconf 89' lang='lat' dir='ltr'><strong>recipientis</strong></span> <span class='ocrx_word' id='word_1_48' title='bbox 1553 1360 1933 1430; x_wconf 80' lang='lat' dir='ltr'><strong>illuminatiO,</strong></span> 
     </span>
     <span class='ocr_line' id='line_1_10' title="bbox 386 1454 1932 1534; baseline -0.004 -17"><span class='ocrx_word' id='word_1_49' title='bbox 386 1476 498 1534; x_wconf 91' lang='lat' dir='ltr'><strong>per</strong></span> <span class='ocrx_word' id='word_1_50' title='bbox 514 1473 697 1533; x_wconf 89' lang='lat' dir='ltr'><strong>quam</strong></span> <span class='ocrx_word' id='word_1_51' title='bbox 715 1456 1083 1514; x_wconf 90' lang='lat' dir='ltr'><strong>illuminatur</strong></span> <span class='ocrx_word' id='word_1_52' title='bbox 1108 1455 1541 1529; x_wconf 88' lang='lat' dir='ltr'><strong>ignorantium,</strong></span> <span class='ocrx_word' id='word_1_53' title='bbox 1571 1454 1678 1513; x_wconf 91' lang='lat' dir='ltr'><strong>sed</strong></span> <span class='ocrx_word' id='word_1_54' title='bbox 1704 1459 1932 1512; x_wconf 84' lang='lat' dir='ltr'><strong>Patrem</strong></span> 
     </span>
     <span class='ocr_line' id='line_1_11' title="bbox 388 1550 1932 1621; baseline -0.003 -10"><span class='ocrx_word' id='word_1_55' title='bbox 388 1553 685 1612; x_wconf 89' lang='lat' dir='ltr'><strong>luminum</strong></span> <span class='ocrx_word' id='word_1_56' title='bbox 728 1550 1102 1609; x_wconf 83' lang='lat' dir='ltr'><strong>exorantium</strong></span> <span class='ocrx_word' id='word_1_57' title='bbox 1147 1552 1319 1609; x_wconf 80' lang='lat' dir='ltr'><strong>ratio,</strong></span> <span class='ocrx_word' id='word_1_58' title='bbox 1362 1552 1523 1609; x_wconf 87' lang='lat' dir='ltr'><strong>Unde</strong></span> <span class='ocrx_word' id='word_1_59' title='bbox 1561 1550 1893 1608; x_wconf 89' lang='lat' dir='ltr'><strong>notandum</strong></span> <span class='ocrx_word' id='word_1_60' title='bbox 1913 1592 1932 1621; x_wconf 99' lang='lat'><strong>,</strong></span> 
     </span>
     <span class='ocr_line' id='line_1_12' title="bbox 388 1643 1934 1722; baseline -0.004 -17"><span class='ocrx_word' id='word_1_61' title='bbox 388 1648 555 1722; x_wconf 88' lang='lat' dir='ltr'><strong>quod</strong></span> <span class='ocrx_word' id='word_1_62' title='bbox 579 1645 876 1703; x_wconf 89' lang='lat' dir='ltr'><strong>illuminat</strong></span> <span class='ocrx_word' id='word_1_63' title='bbox 914 1649 1081 1703; x_wconf 87' lang='lat' dir='ltr'><strong>Pater</strong></span> <span class='ocrx_word' id='word_1_64' title='bbox 1108 1644 1405 1702; x_wconf 91' lang='lat' dir='ltr'><strong>luminum</strong></span> <span class='ocrx_word' id='word_1_65' title='bbox 1434 1643 1738 1702; x_wconf 87' lang='lat' dir='ltr'><strong>credentes</strong></span> <span class='ocrx_word' id='word_1_66' title='bbox 1752 1685 1773 1714; x_wconf 97' lang='lat'><strong>,</strong></span> <span class='ocrx_word' id='word_1_67' title='bbox 1800 1659 1934 1717; x_wconf 91' lang='lat' dir='ltr'><strong>spe-</strong></span> 
     </span>
     <span class='ocr_line' id='line_1_13' title="bbox 386 1737 1931 1813; baseline -0.003 -13"><span class='ocrx_word' id='word_1_68' title='bbox 386 1746 606 1813; x_wconf 80' lang='lat' dir='ltr'><strong>rantes,</strong></span> <span class='ocrx_word' id='word_1_69' title='bbox 640 1739 956 1812; x_wconf 80' lang='lat' dir='ltr'><strong>diligentes</strong></span> <span class='ocrx_word' id='word_1_70' title='bbox 972 1759 989 1812; x_wconf 83' lang='lat'><em>3</em></span> <span class='ocrx_word' id='word_1_71' title='bbox 1031 1737 1173 1813; x_wconf 87' lang='lat' dir='ltr'><strong>quia</strong></span> <span class='ocrx_word' id='word_1_72' title='bbox 1215 1737 1471 1796; x_wconf 88' lang='lat' dir='ltr'><strong>fideliter</strong></span> <span class='ocrx_word' id='word_1_73' title='bbox 1493 1780 1511 1808; x_wconf 93' lang='lat'>‚</span> <span class='ocrx_word' id='word_1_74' title='bbox 1539 1737 1893 1796; x_wconf 88' lang='lat' dir='ltr'><strong>fiducialiter</strong></span> <span class='ocrx_word' id='word_1_75' title='bbox 1911 1780 1931 1810; x_wconf 97' lang='lat'><strong>,</strong></span> 
     </span>
     <span class='ocr_line' id='line_1_14' title="bbox 383 1831 1931 1907; baseline -0.001 -15"><span class='ocrx_word' id='word_1_76' title='bbox 383 1835 673 1894; x_wconf 87' lang='lat' dir='ltr'><strong>ferventer</strong></span> <span class='ocrx_word' id='word_1_77' title='bbox 698 1835 952 1892; x_wconf 82' lang='lat' dir='ltr'><strong>oranteS.</strong></span> <span class='ocrx_word' id='word_1_78' title='bbox 996 1835 1073 1890; x_wconf 90' lang='lat' dir='ltr'><strong>De</strong></span> <span class='ocrx_word' id='word_1_79' title='bbox 1094 1831 1292 1907; x_wconf 89' lang='lat' dir='ltr'><strong>primo</strong></span> <span class='ocrx_word' id='word_1_80' title='bbox 1321 1831 1595 1891; x_wconf 83' lang='lat' dir='ltr'><strong>scribitur</strong></span> <span class='ocrx_word' id='word_1_81' title='bbox 1617 1834 1640 1869; x_wconf 76' lang='lat'><strong>⁸</strong></span> <span class='ocrx_word' id='word_1_82' title='bbox 1667 1852 1680 1890; x_wconf 92' lang='lat'>:</span> <span class='ocrx_word' id='word_1_83' title='bbox 1718 1853 1748 1887; x_wconf 75' lang='grc' dir='ltr'>α</span> <span class='ocrx_word' id='word_1_84' title='bbox 1774 1834 1931 1902; x_wconf 89' lang='lat' dir='ltr'><strong>Quo-</strong></span> 
     </span>
     <span class='ocr_line' id='line_1_15' title="bbox 383 1926 1925 1999; baseline -0.002 -13"><span class='ocrx_word' id='word_1_85' title='bbox 383 1930 545 1988; x_wconf 89' lang='lat' dir='ltr'><strong>niam</strong></span> <span class='ocrx_word' id='word_1_86' title='bbox 578 1933 641 1987; x_wconf 91' lang='lat' dir='ltr'><strong>tu</strong></span> <span class='ocrx_word' id='word_1_87' title='bbox 680 1926 987 1986; x_wconf 85' lang='lat' dir='ltr'><strong>illuminas</strong></span> <span class='ocrx_word' id='word_1_88' title='bbox 1028 1926 1335 1983; x_wconf 89' lang='lat' dir='ltr'><strong>lucernam</strong></span> <span class='ocrx_word' id='word_1_89' title='bbox 1381 1942 1608 1998; x_wconf 89' lang='lat' dir='ltr'><strong>meam,</strong></span> <span class='ocrx_word' id='word_1_90' title='bbox 1644 1926 1888 1985; x_wconf 90' lang='lat' dir='ltr'><strong>Domine</strong></span> <span class='ocrx_word' id='word_1_91' title='bbox 1908 1947 1925 1999; x_wconf 91' lang='lat'>;</span> 
     </span>
     <span class='ocr_line' id='line_1_16' title="bbox 383 2020 1927 2095; baseline -0.001 -14"><span class='ocrx_word' id='word_1_92' title='bbox 383 2026 533 2082; x_wconf 89' lang='lat' dir='ltr'><strong>Deus</strong></span> <span class='ocrx_word' id='word_1_93' title='bbox 574 2038 744 2080; x_wconf 90' lang='lat' dir='ltr'><strong>meus</strong></span> <span class='ocrx_word' id='word_1_94' title='bbox 776 2065 796 2095; x_wconf 97' lang='lat'><strong>,</strong></span> <span class='ocrx_word' id='word_1_95' title='bbox 840 2020 1114 2079; x_wconf 91' lang='lat' dir='ltr'><strong>illumina</strong></span> <span class='ocrx_word' id='word_1_96' title='bbox 1154 2020 1428 2079; x_wconf 86' lang='lat' dir='ltr'><strong>tenebras</strong></span> <span class='ocrx_word' id='word_1_97' title='bbox 1476 2036 1677 2079; x_wconf 88' lang='lat' dir='ltr'><strong>meas:</strong></span> <span class='ocrx_word' id='word_1_98' title='bbox 1718 2040 1749 2076; x_wconf 86' lang='lat'>»</span> <span class='ocrx_word' id='word_1_99' title='bbox 1794 2024 1927 2079; x_wconf 85' lang='lat' dir='ltr'><strong>tan-</strong></span> 
     </span>
     <span class='ocr_line' id='line_1_17' title="bbox 382 2114 1928 2192; baseline -0.001 -16"><span class='ocrx_word' id='word_1_100' title='bbox 382 2134 565 2192; x_wconf 88' lang='lat' dir='ltr'><strong>quam</strong></span> <span class='ocrx_word' id='word_1_101' title='bbox 603 2121 870 2192; x_wconf 89' lang='lat' dir='ltr'><strong>patenter</strong></span> <span class='ocrx_word' id='word_1_102' title='bbox 907 2115 1183 2191; x_wconf 89' lang='lat' dir='ltr'><strong>inquiens</strong></span> <span class='ocrx_word' id='word_1_103' title='bbox 1213 2135 1228 2174; x_wconf 86' lang='lat'>:</span> <span class='ocrx_word' id='word_1_104' title='bbox 1260 2114 1551 2187; x_wconf 89' lang='lat' dir='ltr'><strong>Quoniam</strong></span> <span class='ocrx_word' id='word_1_105' title='bbox 1578 2115 1928 2174; x_wconf 87' lang='lat' dir='ltr'><strong>illuminasti</strong></span> 
     </span>
     <span class='ocr_line' id='line_1_18' title="bbox 380 2210 1929 2286; baseline -0.002 -16"><span class='ocrx_word' id='word_1_106' title='bbox 380 2213 755 2286; x_wconf 83' lang='lat' dir='ltr'><strong>ignorantem</strong></span> <span class='ocrx_word' id='word_1_107' title='bbox 789 2254 810 2283; x_wconf 96' lang='lat'><strong>,</strong></span> <span class='ocrx_word' id='word_1_108' title='bbox 855 2213 922 2270; x_wconf 93' lang='lat' dir='ltr'><strong>ut</strong></span> <span class='ocrx_word' id='word_1_109' title='bbox 962 2211 1266 2270; x_wconf 77' lang='lat' dir='ltr'><strong>crederem</strong></span> <span class='ocrx_word' id='word_1_110' title='bbox 1295 2253 1313 2281; x_wconf 93' lang='lat'>‚</span> <span class='ocrx_word' id='word_1_111' title='bbox 1358 2210 1630 2268; x_wconf 84' lang='lat' dir='ltr'><strong>illumina</strong></span> <span class='ocrx_word' id='word_1_112' title='bbox 1673 2210 1929 2267; x_wconf 87' lang='lat' dir='ltr'><strong>fideliter</strong></span> 
     </span>
     <span class='ocr_line' id='line_1_19' title="bbox 381 2303 1926 2379; baseline -0.002 -14"><span class='ocrx_word' id='word_1_113' title='bbox 381 2308 760 2379; x_wconf 85' lang='lat' dir='ltr'><strong>exorantem,</strong></span> <span class='ocrx_word' id='word_1_114' title='bbox 785 2310 852 2365; x_wconf 92' lang='lat' dir='ltr'><strong>ut</strong></span> <span class='ocrx_word' id='word_1_115' title='bbox 878 2305 1102 2365; x_wconf 89' lang='lat' dir='ltr'><strong>credita</strong></span> <span class='ocrx_word' id='word_1_116' title='bbox 1126 2303 1374 2363; x_wconf 85' lang='lat' dir='ltr'><strong>firmiter</strong></span> <span class='ocrx_word' id='word_1_117' title='bbox 1400 2319 1749 2362; x_wconf 82' lang='lat' dir='ltr'><strong>asseverem.</strong></span> <span class='ocrx_word' id='word_1_118' title='bbox 1781 2307 1926 2363; x_wconf 84' lang='lat' dir='ltr'><strong>Ecce</strong></span> 
     </span>
     <span class='ocr_line' id='line_1_20' title="bbox 379 2397 1927 2460; baseline -0.001 -2"><span class='ocrx_word' id='word_1_119' title='bbox 379 2401 733 2460; x_wconf 89' lang='lat' dir='ltr'><strong>illuminatio</strong></span> <span class='ocrx_word' id='word_1_120' title='bbox 781 2400 1166 2459; x_wconf 90' lang='lat' dir='ltr'><strong>credentium.</strong></span> <span class='ocrx_word' id='word_1_121' title='bbox 1209 2400 1286 2456; x_wconf 91' lang='lat' dir='ltr'><strong>De</strong></span> <span class='ocrx_word' id='word_1_122' title='bbox 1330 2397 1593 2456; x_wconf 89' lang='lat' dir='ltr'><strong>secundo</strong></span> <span class='ocrx_word' id='word_1_123' title='bbox 1633 2398 1655 2433; x_wconf 72' lang='lat'>⁸</span> <span class='ocrx_word' id='word_1_124' title='bbox 1687 2418 1701 2455; x_wconf 73' lang='grc' dir='ltr'><strong><em>ε</em></strong></span> <span class='ocrx_word' id='word_1_125' title='bbox 1738 2417 1765 2452; x_wconf 79' lang='grc' dir='ltr'>α</span> <span class='ocrx_word' id='word_1_126' title='bbox 1794 2398 1927 2456; x_wconf 93' lang='lat' dir='ltr'><strong>lllu-</strong></span> 
     </span>
     <span class='ocr_line' id='line_1_21' title="bbox 378 2493 1925 2568; baseline -0.002 -16"><span class='ocrx_word' id='word_1_127' title='bbox 378 2495 622 2553; x_wconf 87' lang='lat' dir='ltr'><strong>minabo</strong></span> <span class='ocrx_word' id='word_1_128' title='bbox 633 2538 652 2567; x_wconf 94' lang='lat'><strong>,</strong></span> <span class='ocrx_word' id='word_1_129' title='bbox 675 2516 703 2551; x_wconf 69' lang='grc' dir='ltr'><strong>ι)</strong></span> <span class='ocrx_word' id='word_1_130' title='bbox 739 2493 883 2552; x_wconf 88' lang='lat' dir='ltr'><strong>dicit</strong></span> <span class='ocrx_word' id='word_1_131' title='bbox 908 2493 1237 2568; x_wconf 85' lang='lat' dir='ltr'><strong>Sapientia,</strong></span> <span class='ocrx_word' id='word_1_132' title='bbox 1268 2507 1517 2551; x_wconf 72' lang='lat' dir='ltr'><strong>«omnes</strong></span> <span class='ocrx_word' id='word_1_133' title='bbox 1535 2495 1835 2567; x_wconf 89' lang='lat' dir='ltr'><strong>sperantes</strong></span> <span class='ocrx_word' id='word_1_134' title='bbox 1863 2493 1925 2550; x_wconf 89' lang='lat' dir='ltr'><strong>iu</strong></span> 
     </span>
     <span class='ocr_line' id='line_1_22' title="bbox 378 2586 1923 2660; baseline 0.001 -15"><span class='ocrx_word' id='word_1_135' title='bbox 378 2588 628 2647; x_wconf 91' lang='lat' dir='ltr'><strong>Domino</strong></span> <span class='ocrx_word' id='word_1_136' title='bbox 669 2606 684 2646; x_wconf 91' lang='lat'><strong>:</strong></span> <span class='ocrx_word' id='word_1_137' title='bbox 732 2609 760 2641; x_wconf 89' lang='lat'>»</span> <span class='ocrx_word' id='word_1_138' title='bbox 812 2604 948 2646; x_wconf 90' lang='lat' dir='ltr'><strong>ecce</strong></span> <span class='ocrx_word' id='word_1_139' title='bbox 1002 2586 1357 2646; x_wconf 88' lang='lat' dir='ltr'><strong>illuminatio</strong></span> <span class='ocrx_word' id='word_1_140' title='bbox 1405 2586 1787 2660; x_wconf 87' lang='lat' dir='ltr'><strong>sperantium.</strong></span> <span class='ocrx_word' id='word_1_141' title='bbox 1845 2588 1923 2646; x_wconf 91' lang='lat' dir='ltr'><strong>De</strong></span> 
     </span>
     <span class='ocr_line' id='line_1_23' title="bbox 376 2679 1918 2753; baseline -0.002 -13"><span class='ocrx_word' id='word_1_142' title='bbox 376 2682 544 2740; x_wconf 86' lang='lat' dir='ltr'><strong>tertio</strong></span> <span class='ocrx_word' id='word_1_143' title='bbox 567 2684 626 2740; x_wconf 78' lang='lat'><strong>⁸:</strong></span> <span class='ocrx_word' id='word_1_144' title='bbox 666 2701 694 2736; x_wconf 75' lang='grc' dir='ltr'>α</span> <span class='ocrx_word' id='word_1_145' title='bbox 716 2682 825 2752; x_wconf 89' lang='lat' dir='ltr'><strong>Qui</strong></span> <span class='ocrx_word' id='word_1_146' title='bbox 851 2682 1066 2740; x_wconf 88' lang='lat' dir='ltr'><strong>timetis</strong></span> <span class='ocrx_word' id='word_1_147' title='bbox 1095 2681 1413 2739; x_wconf 90' lang='lat' dir='ltr'><strong>Dominum</strong></span> <span class='ocrx_word' id='word_1_148' title='bbox 1429 2722 1448 2752; x_wconf 90' lang='lat'><strong>,</strong></span> <span class='ocrx_word' id='word_1_149' title='bbox 1473 2680 1698 2753; x_wconf 85' lang='lat' dir='ltr'><strong>diligite</strong></span> <span class='ocrx_word' id='word_1_150' title='bbox 1724 2679 1918 2753; x_wconf 90' lang='lat' dir='ltr'><strong>illum,</strong></span> 
     </span>
     <span class='ocr_line' id='line_1_24' title="bbox 376 2774 1921 2837; baseline -0.001 -2"><span class='ocrx_word' id='word_1_151' title='bbox 376 2781 433 2835; x_wconf 89' lang='lat' dir='ltr'><strong>et</strong></span> <span class='ocrx_word' id='word_1_152' title='bbox 474 2777 968 2835; x_wconf 90' lang='lat' dir='ltr'><strong>illuminabuntur</strong></span> <span class='ocrx_word' id='word_1_153' title='bbox 1013 2777 1227 2837; x_wconf 88' lang='lat' dir='ltr'><strong>cordra</strong></span> <span class='ocrx_word' id='word_1_154' title='bbox 1265 2780 1458 2834; x_wconf 87' lang='lat' dir='ltr'><strong>vestra</strong></span> <span class='ocrx_word' id='word_1_155' title='bbox 1490 2793 1503 2831; x_wconf 91' lang='lat'><strong>:</strong></span> <span class='ocrx_word' id='word_1_156' title='bbox 1535 2794 1564 2829; x_wconf 88' lang='lat'>»</span> <span class='ocrx_word' id='word_1_157' title='bbox 1608 2789 1743 2834; x_wconf 89' lang='lat' dir='ltr'><strong>ecce</strong></span> <span class='ocrx_word' id='word_1_158' title='bbox 1784 2774 1921 2834; x_wconf 91' lang='lat' dir='ltr'><strong>illu-</strong></span> 
     </span>
     <span class='ocr_line' id='line_1_25' title="bbox 375 2862 1256 2945; baseline 0.001 -18"><span class='ocrx_word' id='word_1_159' title='bbox 375 2872 618 2931; x_wconf 87' lang='lat' dir='ltr'><strong>minatio</strong></span> <span class='ocrx_word' id='word_1_160' title='bbox 649 2871 1045 2945; x_wconf 87' lang='lat' dir='ltr'><strong>diligentium.</strong></span> <span class='ocrx_word' id='word_1_161' title='bbox 1253 2862 1256 2864; x_wconf 10' lang='grc' dir='ltr'><strong>Α</strong></span> 
     </span>
    </p>
   </div>
   <div class='ocr_carea' id='block_1_5' title="bbox 878 3030 1417 3088">
    <p class='ocr_par' dir='ltr' id='par_1_5' title="bbox 878 3030 1417 3088">
     <span class='ocr_line' id='line_1_26' title="bbox 878 3030 1417 3088; baseline 0.002 -1"><span class='ocrx_word' id='word_1_162' title='bbox 878 3030 1167 3087; x_wconf 76' lang='lat' dir='ltr'><strong>Articulus</strong></span> <span class='ocrx_word' id='word_1_163' title='bbox 1201 3032 1417 3088; x_wconf 75' lang='lat' dir='ltr'><strong>tertius.</strong></span> 
     </span>
    </p>
   </div>
   <div class='ocr_carea' id='block_1_6' title="bbox 342 3154 1914 4828">
    <p class='ocr_par' dir='ltr' id='par_1_6' title="bbox 342 3154 1914 4828">
     <span class='ocr_line' id='line_1_27' title="bbox 438 3154 1914 3216; baseline 0.001 -2"><span class='ocrx_word' id='word_1_164' title='bbox 438 3158 777 3214; x_wconf 79' lang='lat' dir='ltr'><strong>Intellectum</strong></span> <span class='ocrx_word' id='word_1_165' title='bbox 821 3156 920 3213; x_wconf 76' lang='lat' dir='ltr'><strong>dat</strong></span> <span class='ocrx_word' id='word_1_166' title='bbox 961 3175 980 3211; x_wconf 74' lang='grc' dir='ltr'><strong><em>ε</em></strong></span> <span class='ocrx_word' id='word_1_167' title='bbox 1027 3155 1124 3212; x_wconf 91' lang='lat' dir='ltr'><strong>hic</strong></span> <span class='ocrx_word' id='word_1_168' title='bbox 1168 3154 1496 3215; x_wconf 83' lang='lat' dir='ltr'><strong>intellectus</strong></span> <span class='ocrx_word' id='word_1_169' title='bbox 1541 3159 1627 3214; x_wconf 89' lang='lat' dir='ltr'><strong>est</strong></span> <span class='ocrx_word' id='word_1_170' title='bbox 1676 3156 1914 3216; x_wconf 85' lang='lat' dir='ltr'><strong>habitus</strong></span> 
     </span>
     <span class='ocr_line' id='line_1_28' title="bbox 368 3248 1909 3325; baseline 0.001 -18"><span class='ocrx_word' id='word_1_171' title='bbox 368 3249 721 3322; x_wconf 77' lang='lat' dir='ltr'><strong>intellectuS,</strong></span> <span class='ocrx_word' id='word_1_172' title='bbox 764 3248 1132 3309; x_wconf 78' lang='lat' dir='ltr'><strong>intellectivae</strong></span> <span class='ocrx_word' id='word_1_173' title='bbox 1178 3249 1453 3325; x_wconf 63' lang='lat' dir='ltr'><strong>potentiae</strong></span> <span class='ocrx_word' id='word_1_174' title='bbox 1497 3248 1851 3325; x_wconf 87' lang='lat' dir='ltr'><strong>perfectivus</strong></span> <span class='ocrx_word' id='word_1_175' title='bbox 1894 3271 1909 3308; x_wconf 72' lang='grc' dir='ltr'><strong><em>ε</em></strong></span> 
     </span>
     <span class='ocr_line' id='line_1_29' title="bbox 367 3342 1913 3419; baseline 0 -17"><span class='ocrx_word' id='word_1_176' title='bbox 367 3344 472 3402; x_wconf 91' lang='lat' dir='ltr'><strong>ubi</strong></span> <span class='ocrx_word' id='word_1_177' title='bbox 508 3360 655 3403; x_wconf 91' lang='lat' dir='ltr'><strong>vero</strong></span> <span class='ocrx_word' id='word_1_178' title='bbox 691 3343 1101 3402; x_wconf 85' lang='lat' dir='ltr'><strong>intellectualis</strong></span> <span class='ocrx_word' id='word_1_179' title='bbox 1136 3343 1417 3419; x_wconf 81' lang='lat' dir='ltr'><strong>perfectio</strong></span> <span class='ocrx_word' id='word_1_180' title='bbox 1427 3386 1447 3415; x_wconf 97' lang='lat'><strong>,</strong></span> <span class='ocrx_word' id='word_1_181' title='bbox 1476 3342 1562 3401; x_wconf 87' lang='lat' dir='ltr'><strong>ibi</strong></span> <span class='ocrx_word' id='word_1_182' title='bbox 1595 3342 1913 3418; x_wconf 86' lang='lat' dir='ltr'><strong>spiritualis</strong></span> 
     </span>
     <span class='ocr_line' id='line_1_30' title="bbox 365 3437 1910 3512; baseline -0.001 -15"><span class='ocrx_word' id='word_1_183' title='bbox 365 3438 693 3511; x_wconf 85' lang='lat' dir='ltr'><strong>delectatio,</strong></span> <span class='ocrx_word' id='word_1_184' title='bbox 716 3455 848 3512; x_wconf 83' lang='lat' dir='ltr'><strong>quae</strong></span> <span class='ocrx_word' id='word_1_185' title='bbox 868 3437 1080 3495; x_wconf 91' lang='lat' dir='ltr'><strong>dicitur</strong></span> <span class='ocrx_word' id='word_1_186' title='bbox 1108 3437 1618 3511; x_wconf 83' lang='lat' dir='ltr'><strong>contemplationis</strong></span> <span class='ocrx_word' id='word_1_187' title='bbox 1633 3451 1910 3496; x_wconf 91' lang='lat' dir='ltr'><strong>consum-</strong></span> 
     </span>
     <span class='ocr_line' id='line_1_31' title="bbox 363 3531 1909 3606; baseline 0.001 -17"><span class='ocrx_word' id='word_1_188' title='bbox 363 3533 567 3591; x_wconf 86' lang='lat' dir='ltr'><strong>matio.</strong></span> <span class='ocrx_word' id='word_1_189' title='bbox 592 3535 738 3591; x_wconf 86' lang='lat' dir='ltr'><strong>Nam</strong></span> <span class='ocrx_word' id='word_1_190' title='bbox 767 3532 1077 3592; x_wconf 85' lang='lat' dir='ltr'><strong>delectatio</strong></span> <span class='ocrx_word' id='word_1_191' title='bbox 1114 3535 1200 3590; x_wconf 89' lang='lat' dir='ltr'><strong>est</strong></span> <span class='ocrx_word' id='word_1_192' title='bbox 1236 3531 1595 3606; x_wconf 87' lang='lat' dir='ltr'><strong>operationis</strong></span> <span class='ocrx_word' id='word_1_193' title='bbox 1638 3546 1909 3591; x_wconf 87' lang='lat' dir='ltr'><strong>consum-</strong></span> 
     </span>
     <span class='ocr_line' id='line_1_32' title="bbox 361 3625 1907 3701; baseline 0.001 -17"><span class='ocrx_word' id='word_1_194' title='bbox 361 3626 566 3697; x_wconf 88' lang='lat' dir='ltr'><strong>matio,</strong></span> <span class='ocrx_word' id='word_1_195' title='bbox 589 3626 915 3685; x_wconf 86' lang='lat' dir='ltr'><strong>secundum</strong></span> <span class='ocrx_word' id='word_1_196' title='bbox 936 3625 1363 3701; x_wconf 88' lang='lat' dir='ltr'><strong>Philosophum</strong></span> <span class='ocrx_word' id='word_1_197' title='bbox 1383 3628 1427 3683; x_wconf 81' lang='lat'><strong>⁶.</strong></span> <span class='ocrx_word' id='word_1_198' title='bbox 1449 3626 1563 3685; x_wconf 91' lang='lat' dir='ltr'><strong>Sed</strong></span> <span class='ocrx_word' id='word_1_199' title='bbox 1576 3628 1907 3686; x_wconf 89' lang='lat' dir='ltr'><strong>notandum</strong></span> 
     </span>
     <span class='ocr_line' id='line_1_33' title="bbox 360 3719 1906 3795; baseline 0.001 -17"><span class='ocrx_word' id='word_1_200' title='bbox 360 3720 514 3778; x_wconf 89' lang='lat' dir='ltr'><strong>circa</strong></span> <span class='ocrx_word' id='word_1_201' title='bbox 556 3720 971 3794; x_wconf 86' lang='lat' dir='ltr'><strong>hujuscemodi</strong></span> <span class='ocrx_word' id='word_1_202' title='bbox 1016 3719 1410 3789; x_wconf 90' lang='lat' dir='ltr'><strong>intellectum,</strong></span> <span class='ocrx_word' id='word_1_203' title='bbox 1448 3721 1615 3795; x_wconf 90' lang='lat' dir='ltr'><strong>quod</strong></span> <span class='ocrx_word' id='word_1_204' title='bbox 1652 3720 1906 3793; x_wconf 88' lang='lat' dir='ltr'><strong>legimus</strong></span> 
     </span>
     <span class='ocr_line' id='line_1_34' title="bbox 357 3813 1901 3889; baseline 0.001 -18"><span class='ocrx_word' id='word_1_205' title='bbox 357 3813 721 3872; x_wconf 88' lang='lat' dir='ltr'><strong>intellectum</strong></span> <span class='ocrx_word' id='word_1_206' title='bbox 768 3814 994 3885; x_wconf 90' lang='lat' dir='ltr'><strong>datum,</strong></span> <span class='ocrx_word' id='word_1_207' title='bbox 1043 3814 1405 3872; x_wconf 89' lang='lat' dir='ltr'><strong>intellectum</strong></span> <span class='ocrx_word' id='word_1_208' title='bbox 1454 3814 1527 3888; x_wconf 81' lang='lat' dir='ltr'><strong>(a)</strong></span> <span class='ocrx_word' id='word_1_209' title='bbox 1582 3816 1901 3889; x_wconf 91' lang='lat' dir='ltr'><strong>privatum,</strong></span> 
     </span>
     <span class='ocr_line' id='line_1_35' title="bbox 356 3907 1903 3983; baseline 0.002 -18"><span class='ocrx_word' id='word_1_210' title='bbox 356 3907 717 3967; x_wconf 88' lang='lat' dir='ltr'><strong>intellectum</strong></span> <span class='ocrx_word' id='word_1_211' title='bbox 755 3910 1049 3967; x_wconf 90' lang='lat' dir='ltr'><strong>mutatum</strong></span> <span class='ocrx_word' id='word_1_212' title='bbox 1081 3927 1095 3965; x_wconf 71' lang='grc' dir='ltr'>ε</span> <span class='ocrx_word' id='word_1_213' title='bbox 1127 3925 1386 3983; x_wconf 87' lang='lat' dir='ltr'><strong>quorum</strong></span> <span class='ocrx_word' id='word_1_214' title='bbox 1421 3908 1685 3983; x_wconf 90' lang='lat' dir='ltr'><strong>primum</strong></span> <span class='ocrx_word' id='word_1_215' title='bbox 1713 3909 1903 3968; x_wconf 83' lang='lat' dir='ltr'><strong>delec-</strong></span> 
     </span>
     <span class='ocr_line' id='line_1_36' title="bbox 353 4002 1901 4075; baseline 0.001 -14"><span class='ocrx_word' id='word_1_216' title='bbox 353 4002 558 4075; x_wconf 85' lang='lat' dir='ltr'><strong>tabile,</strong></span> <span class='ocrx_word' id='word_1_217' title='bbox 586 4002 916 4061; x_wconf 90' lang='lat' dir='ltr'><strong>secundum</strong></span> <span class='ocrx_word' id='word_1_218' title='bbox 946 4002 1357 4075; x_wconf 86' lang='lat' dir='ltr'><strong>detrectabile,</strong></span> <span class='ocrx_word' id='word_1_219' title='bbox 1388 4003 1626 4061; x_wconf 89' lang='lat' dir='ltr'><strong>tertium</strong></span> <span class='ocrx_word' id='word_1_220' title='bbox 1653 4003 1901 4063; x_wconf 88' lang='lat' dir='ltr'><strong>detesta-</strong></span> 
     </span>
     <span class='ocr_line' id='line_1_37' title="bbox 352 4095 1897 4172; baseline 0.002 -19"><span class='ocrx_word' id='word_1_221' title='bbox 352 4095 494 4154; x_wconf 90' lang='lat' dir='ltr'><strong>bile.</strong></span> <span class='ocrx_word' id='word_1_222' title='bbox 540 4100 617 4155; x_wconf 87' lang='lat' dir='ltr'><strong>De</strong></span> <span class='ocrx_word' id='word_1_223' title='bbox 660 4097 856 4172; x_wconf 90' lang='lat' dir='ltr'><strong>primo</strong></span> <span class='ocrx_word' id='word_1_224' title='bbox 899 4096 1177 4155; x_wconf 88' lang='lat' dir='ltr'><strong>scribitur</strong></span> <span class='ocrx_word' id='word_1_225' title='bbox 1210 4098 1233 4133; x_wconf 81' lang='lat'>⁷</span> <span class='ocrx_word' id='word_1_226' title='bbox 1272 4115 1286 4153; x_wconf 72' lang='grc' dir='ltr'><strong>ε</strong></span> <span class='ocrx_word' id='word_1_227' title='bbox 1325 4117 1354 4152; x_wconf 79' lang='grc' dir='ltr'><strong>α</strong></span> <span class='ocrx_word' id='word_1_228' title='bbox 1382 4096 1746 4155; x_wconf 81' lang='lat' dir='ltr'><strong>intellectum</strong></span> <span class='ocrx_word' id='word_1_229' title='bbox 1791 4098 1897 4156; x_wconf 89' lang='lat' dir='ltr'><strong>tibi</strong></span> 
     </span>
     <span class='ocr_line' id='line_1_38' title="bbox 354 4191 1895 4264; baseline 0.001 -14"><span class='ocrx_word' id='word_1_230' title='bbox 354 4192 547 4264; x_wconf 91' lang='lat' dir='ltr'><strong>dabo,</strong></span> <span class='ocrx_word' id='word_1_231' title='bbox 592 4196 648 4250; x_wconf 88' lang='lat' dir='ltr'><strong>et</strong></span> <span class='ocrx_word' id='word_1_232' title='bbox 681 4193 967 4251; x_wconf 86' lang='lat' dir='ltr'><strong>instruam</strong></span> <span class='ocrx_word' id='word_1_233' title='bbox 1001 4195 1055 4249; x_wconf 90' lang='lat' dir='ltr'><strong>te</strong></span> <span class='ocrx_word' id='word_1_234' title='bbox 1089 4209 1102 4249; x_wconf 91' lang='lat'>:</span> <span class='ocrx_word' id='word_1_235' title='bbox 1134 4212 1162 4246; x_wconf 70' lang='lat' dir='ltr'><strong>n</strong></span> <span class='ocrx_word' id='word_1_236' title='bbox 1186 4207 1329 4250; x_wconf 82' lang='lat' dir='ltr'><strong>ecce</strong></span> <span class='ocrx_word' id='word_1_237' title='bbox 1369 4192 1698 4249; x_wconf 89' lang='lat' dir='ltr'><strong>intellectus</strong></span> <span class='ocrx_word' id='word_1_238' title='bbox 1735 4191 1895 4252; x_wconf 90' lang='lat' dir='ltr'><strong>datio</strong></span> 
     </span>
     <span class='ocr_line' id='line_1_39' title="bbox 352 4285 1895 4360; baseline 0.001 -16"><span class='ocrx_word' id='word_1_239' title='bbox 352 4285 736 4344; x_wconf 64' lang='lat' dir='ltr'><strong>delectabilis</strong></span> <span class='ocrx_word' id='word_1_240' title='bbox 785 4290 862 4344; x_wconf 91' lang='lat' dir='ltr'><strong>De</strong></span> <span class='ocrx_word' id='word_1_241' title='bbox 904 4285 1169 4344; x_wconf 87' lang='lat' dir='ltr'><strong>secundo</strong></span> <span class='ocrx_word' id='word_1_242' title='bbox 1207 4286 1229 4321; x_wconf 78' lang='lat'><strong>⁸</strong></span> <span class='ocrx_word' id='word_1_243' title='bbox 1267 4303 1281 4342; x_wconf 75' lang='grc' dir='ltr'>ε</span> <span class='ocrx_word' id='word_1_244' title='bbox 1321 4304 1348 4339; x_wconf 77' lang='grc' dir='ltr'>α</span> <span class='ocrx_word' id='word_1_245' title='bbox 1376 4285 1620 4360; x_wconf 88' lang='lat' dir='ltr'><strong>Spiritus</strong></span> <span class='ocrx_word' id='word_1_246' title='bbox 1660 4290 1895 4345; x_wconf 88' lang='lat' dir='ltr'><strong>sanctus</strong></span> 
     </span>
     <span class='ocr_line' id='line_1_40' title="bbox 350 4380 1897 4455; baseline 0.002 -18"><span class='ocrx_word' id='word_1_247' title='bbox 350 4380 672 4455; x_wconf 77' lang='lat' dir='ltr'><strong>disciplinae</strong></span> <span class='ocrx_word' id='word_1_248' title='bbox 699 4381 936 4454; x_wconf 86' lang='lat' dir='ltr'><strong>effugiet</strong></span> <span class='ocrx_word' id='word_1_249' title='bbox 959 4381 1165 4440; x_wconf 88' lang='lat' dir='ltr'><strong>fictum</strong></span> <span class='ocrx_word' id='word_1_250' title='bbox 1180 4423 1199 4454; x_wconf 92' lang='lat'><strong>,</strong></span> <span class='ocrx_word' id='word_1_251' title='bbox 1231 4383 1289 4438; x_wconf 90' lang='lat' dir='ltr'><strong>et</strong></span> <span class='ocrx_word' id='word_1_252' title='bbox 1316 4380 1538 4438; x_wconf 85' lang='lat' dir='ltr'><strong>auferet</strong></span> <span class='ocrx_word' id='word_1_253' title='bbox 1572 4397 1634 4439; x_wconf 94' lang='lat' dir='ltr'><strong>se</strong></span> <span class='ocrx_word' id='word_1_254' title='bbox 1669 4396 1706 4439; x_wconf 93' lang='lat' dir='ltr'><strong>a</strong></span> <span class='ocrx_word' id='word_1_255' title='bbox 1733 4383 1897 4455; x_wconf 90' lang='lat' dir='ltr'><strong>cogi-</strong></span> 
     </span>
     <span class='ocr_line' id='line_1_41' title="bbox 347 4474 1894 4549; baseline 0.001 -18"><span class='ocrx_word' id='word_1_256' title='bbox 347 4474 667 4533; x_wconf 85' lang='lat' dir='ltr'><strong>tationibus</strong></span> <span class='ocrx_word' id='word_1_257' title='bbox 704 4491 837 4549; x_wconf 80' lang='lat' dir='ltr'><strong>quae</strong></span> <span class='ocrx_word' id='word_1_258' title='bbox 875 4479 1012 4533; x_wconf 89' lang='lat' dir='ltr'><strong>sunt</strong></span> <span class='ocrx_word' id='word_1_259' title='bbox 1042 4475 1168 4532; x_wconf 91' lang='lat' dir='ltr'><strong>sine</strong></span> <span class='ocrx_word' id='word_1_260' title='bbox 1202 4474 1499 4533; x_wconf 87' lang='lat' dir='ltr'><strong>intellectu</strong></span> <span class='ocrx_word' id='word_1_261' title='bbox 1532 4494 1547 4533; x_wconf 75' lang='grc' dir='ltr'>ε</span> <span class='ocrx_word' id='word_1_262' title='bbox 1579 4496 1607 4531; x_wconf 86' lang='lat'>»</span> <span class='ocrx_word' id='word_1_263' title='bbox 1643 4491 1776 4534; x_wconf 89' lang='lat' dir='ltr'><strong>ecce</strong></span> <span class='ocrx_word' id='word_1_264' title='bbox 1805 4475 1894 4533; x_wconf 92' lang='lat' dir='ltr'><strong>in-</strong></span> 
     </span>
     <span class='ocr_line' id='line_1_42' title="bbox 346 4567 1887 4643; baseline 0.002 -18"><span class='ocrx_word' id='word_1_265' title='bbox 346 4567 613 4626; x_wconf 88' lang='lat' dir='ltr'><strong>tellectus</strong></span> <span class='ocrx_word' id='word_1_266' title='bbox 666 4568 919 4643; x_wconf 82' lang='lat' dir='ltr'><strong>privatio</strong></span> <span class='ocrx_word' id='word_1_267' title='bbox 979 4568 1393 4626; x_wconf 79' lang='lat' dir='ltr'><strong>detrectabiliS.</strong></span> <span class='ocrx_word' id='word_1_268' title='bbox 1451 4572 1530 4627; x_wconf 90' lang='lat' dir='ltr'><strong>De</strong></span> <span class='ocrx_word' id='word_1_269' title='bbox 1585 4568 1753 4627; x_wconf 89' lang='lat' dir='ltr'><strong>tertio</strong></span> <span class='ocrx_word' id='word_1_270' title='bbox 1802 4571 1824 4605; x_wconf 80' lang='lat'><strong>⁹</strong></span> <span class='ocrx_word' id='word_1_271' title='bbox 1872 4590 1887 4628; x_wconf 91' lang='lat'>:</span> 
     </span>
     <span class='ocr_line' id='line_1_43' title="bbox 349 4661 1889 4737; baseline 0.006 -23"><span class='ocrx_word' id='word_1_272' title='bbox 349 4680 377 4714; x_wconf 89' lang='lat'>«</span> <span class='ocrx_word' id='word_1_273' title='bbox 417 4664 636 4737; x_wconf 88' lang='lat' dir='ltr'><strong>Raptus</strong></span> <span class='ocrx_word' id='word_1_274' title='bbox 677 4666 798 4732; x_wconf 90' lang='lat' dir='ltr'><strong>est,</strong></span> <span class='ocrx_word' id='word_1_275' title='bbox 845 4677 920 4720; x_wconf 90' lang='lat' dir='ltr'><strong>ne</strong></span> <span class='ocrx_word' id='word_1_276' title='bbox 964 4661 1189 4720; x_wconf 90' lang='lat' dir='ltr'><strong>malitia</strong></span> <span class='ocrx_word' id='word_1_277' title='bbox 1232 4665 1486 4721; x_wconf 88' lang='lat' dir='ltr'><strong>mutaret</strong></span> <span class='ocrx_word' id='word_1_278' title='bbox 1527 4662 1889 4723; x_wconf 89' lang='lat' dir='ltr'><strong>intellectum</strong></span> 
     </span>
     <span class='ocr_line' id='line_1_44' title="bbox 342 4755 1776 4828; baseline 0.003 -17"><span class='ocrx_word' id='word_1_279' title='bbox 342 4755 466 4828; x_wconf 82' lang='lat' dir='ltr'><strong>ejus</strong></span> <span class='ocrx_word' id='word_1_280' title='bbox 497 4775 512 4814; x_wconf 71' lang='grc' dir='ltr'>ε</span> <span class='ocrx_word' id='word_1_281' title='bbox 544 4775 573 4812; x_wconf 68' lang='lat' dir='ltr'>n</span> <span class='ocrx_word' id='word_1_282' title='bbox 594 4771 729 4815; x_wconf 90' lang='lat' dir='ltr'><strong>ecce</strong></span> <span class='ocrx_word' id='word_1_283' title='bbox 756 4755 1089 4815; x_wconf 87' lang='lat' dir='ltr'><strong>intellectus</strong></span> <span class='ocrx_word' id='word_1_284' title='bbox 1118 4756 1366 4815; x_wconf 87' lang='lat' dir='ltr'><strong>mutatio</strong></span> <span class='ocrx_word' id='word_1_285' title='bbox 1396 4757 1776 4817; x_wconf 78' lang='lat' dir='ltr'><strong>detestabilis,</strong></span> 
     </span>
    </p>
   </div>
   <div class='ocr_carea' id='block_1_7' title="bbox 819 4915 1395 4988">
    <p class='ocr_par' dir='ltr' id='par_1_7' title="bbox 819 4915 1395 4988">
     <span class='ocr_line' id='line_1_45' title="bbox 819 4915 1395 4988; baseline 0.003 -17"><span class='ocrx_word' id='word_1_286' title='bbox 819 4915 1103 4973; x_wconf 75' lang='lat' dir='ltr'><strong>Articulus</strong></span> <span class='ocrx_word' id='word_1_287' title='bbox 1139 4918 1395 4988; x_wconf 75' lang='lat' dir='ltr'><strong>quartus.</strong></span> 
     </span>
    </p>
   </div>
   <div class='ocr_carea' id='block_1_8' title="bbox 336 5040 1880 5209">
    <p class='ocr_par' dir='ltr' id='par_1_8' title="bbox 336 5040 1880 5209">
     <span class='ocr_line' id='line_1_46' title="bbox 406 5040 1880 5116; baseline 0.002 -18"><span class='ocrx_word' id='word_1_288' title='bbox 406 5043 659 5099; x_wconf 62' lang='lat' dir='ltr'><strong>Pas-vulis</strong></span> <span class='ocrx_word' id='word_1_289' title='bbox 688 5060 706 5099; x_wconf 74' lang='grc' dir='ltr'><strong><em>ε</em></strong></span> <span class='ocrx_word' id='word_1_290' title='bbox 739 5056 875 5099; x_wconf 91' lang='lat' dir='ltr'><strong>ecce</strong></span> <span class='ocrx_word' id='word_1_291' title='bbox 902 5040 1252 5116; x_wconf 68' lang='lat' dir='ltr'><strong>praeparatio</strong></span> <span class='ocrx_word' id='word_1_292' title='bbox 1280 5041 1595 5100; x_wconf 90' lang='lat' dir='ltr'><strong>hominum</strong></span> <span class='ocrx_word' id='word_1_293' title='bbox 1635 5042 1716 5100; x_wconf 90' lang='lat' dir='ltr'><strong>ad</strong></span> <span class='ocrx_word' id='word_1_294' title='bbox 1753 5058 1880 5101; x_wconf 92' lang='lat' dir='ltr'><strong>sus-</strong></span> 
     </span>
     <span class='ocr_line' id='line_1_47' title="bbox 336 5133 1876 5209; baseline 0.004 -18"><span class='ocrx_word' id='word_1_295' title='bbox 336 5133 678 5209; x_wconf 91' lang='lat' dir='ltr'><strong>cipiendum</strong></span> <span class='ocrx_word' id='word_1_296' title='bbox 711 5135 915 5194; x_wconf 90' lang='lat' dir='ltr'><strong>lumen</strong></span> <span class='ocrx_word' id='word_1_297' title='bbox 954 5134 1225 5193; x_wconf 88' lang='lat' dir='ltr'><strong>divinum</strong></span> <span class='ocrx_word' id='word_1_298' title='bbox 1234 5154 1254 5207; x_wconf 84' lang='lat'>3</span> <span class='ocrx_word' id='word_1_299' title='bbox 1298 5135 1519 5194; x_wconf 90' lang='lat' dir='ltr'><strong>scilicet</strong></span> <span class='ocrx_word' id='word_1_300' title='bbox 1555 5136 1876 5208; x_wconf 82' lang='lat' dir='ltr'><strong>humilitas,</strong></span> 
     </span>
    </p>
   </div>
   <div class='ocr_carea' id='block_1_9' title="bbox 332 5283 1875 5493">
    <p class='ocr_par' dir='ltr' id='par_1_9' title="bbox 332 5283 1875 5493">
     <span class='ocr_line' id='line_1_48' title="bbox 399 5283 1875 5349; baseline 0.001 -15"><span class='ocrx_word' id='word_1_301' title='bbox 399 5283 412 5312; x_wconf 85' lang='lat'>¹</span> <span class='ocrx_word' id='word_1_302' title='bbox 442 5283 578 5346; x_wconf 67' lang='lat' dir='ltr'><strong>Luc„</strong></span> <span class='ocrx_word' id='word_1_303' title='bbox 607 5296 681 5349; x_wconf 78' lang='lat' dir='ltr'><strong>lx,</strong></span> <span class='ocrx_word' id='word_1_304' title='bbox 709 5287 787 5336; x_wconf 75' lang='lat'><strong>44.</strong></span> <span class='ocrx_word' id='word_1_305' title='bbox 816 5309 878 5323; x_wconf 96' lang='lat'>—</span> <span class='ocrx_word' id='word_1_306' title='bbox 904 5286 923 5316; x_wconf 87' lang='lat'>²</span> <span class='ocrx_word' id='word_1_307' title='bbox 951 5283 1135 5345; x_wconf 72' lang='lat' dir='ltr'><strong>Eccli„</strong></span> <span class='ocrx_word' id='word_1_308' title='bbox 1158 5296 1312 5346; x_wconf 73' lang='lat' dir='ltr'><strong>nm,</strong></span> <span class='ocrx_word' id='word_1_309' title='bbox 1338 5288 1417 5336; x_wconf 82' lang='lat'><strong>29.</strong></span> <span class='ocrx_word' id='word_1_310' title='bbox 1446 5311 1510 5322; x_wconf 87' lang='lat'><strong>—-</strong></span> <span class='ocrx_word' id='word_1_311' title='bbox 1532 5286 1556 5321; x_wconf 81' lang='lat'>⁸</span> <span class='ocrx_word' id='word_1_312' title='bbox 1579 5285 1711 5340; x_wconf 70' lang='lat' dir='ltr'><strong>psat.</strong></span> <span class='ocrx_word' id='word_1_313' title='bbox 1741 5296 1875 5349; x_wconf 86' lang='lat' dir='ltr'><strong>xv11,</strong></span> 
     </span>
     <span class='ocr_line' id='line_1_49' title="bbox 333 5354 1872 5420; baseline 0.003 -16"><span class='ocrx_word' id='word_1_314' title='bbox 333 5354 413 5404; x_wconf 77' lang='lat'><strong>³2.</strong></span> <span class='ocrx_word' id='word_1_315' title='bbox 462 5381 517 5391; x_wconf 93' lang='lat'><em>-</em></span> <span class='ocrx_word' id='word_1_316' title='bbox 562 5356 580 5387; x_wconf 81' lang='lat'>⁸</span> <span class='ocrx_word' id='word_1_317' title='bbox 624 5356 809 5417; x_wconf 71' lang='lat' dir='ltr'><strong>Eccli„</strong></span> <span class='ocrx_word' id='word_1_318' title='bbox 860 5369 1012 5419; x_wconf 74' lang='lat' dir='ltr'><strong>xxiv,</strong></span> <span class='ocrx_word' id='word_1_319' title='bbox 1062 5358 1140 5407; x_wconf 78' lang='lat'><strong>45.</strong></span> <span class='ocrx_word' id='word_1_320' title='bbox 1186 5381 1249 5394; x_wconf 95' lang='lat'>—</span> <span class='ocrx_word' id='word_1_321' title='bbox 1293 5356 1316 5392; x_wconf 80' lang='lat'>⁸</span> <span class='ocrx_word' id='word_1_322' title='bbox 1361 5356 1514 5419; x_wconf 61' lang='lat' dir='ltr'><strong>thid„</strong></span> <span class='ocrx_word' id='word_1_323' title='bbox 1558 5369 1630 5420; x_wconf 90' lang='lat'><strong>11,</strong></span> <span class='ocrx_word' id='word_1_324' title='bbox 1684 5362 1759 5409; x_wconf 74' lang='lat'><strong>¹0.</strong></span> <span class='ocrx_word' id='word_1_325' title='bbox 1811 5383 1872 5395; x_wconf 93' lang='lat'><strong>—</strong></span> 
     </span>
     <span class='ocr_line' id='line_1_50' title="bbox 332 5423 1870 5493; baseline 0.001 -18"><span class='ocrx_word' id='word_1_326' title='bbox 332 5423 355 5458; x_wconf 79' lang='lat'>⁸</span> <span class='ocrx_word' id='word_1_327' title='bbox 386 5425 560 5491; x_wconf 64' lang='lat' dir='ltr'><strong>Arist,</strong></span> <span class='ocrx_word' id='word_1_328' title='bbox 596 5426 783 5488; x_wconf 68' lang='lat' dir='ltr'><strong>Ethic„</strong></span> <span class='ocrx_word' id='word_1_329' title='bbox 819 5427 907 5479; x_wconf 86' lang='lat' dir='ltr'><strong>lib.</strong></span> <span class='ocrx_word' id='word_1_330' title='bbox 952 5431 1023 5493; x_wconf 74' lang='lat' dir='ltr'><strong>x,</strong></span> <span class='ocrx_word' id='word_1_331' title='bbox 1061 5442 1107 5480; x_wconf 93' lang='lat' dir='ltr'><strong>c.</strong></span> <span class='ocrx_word' id='word_1_332' title='bbox 1148 5440 1222 5491; x_wconf 88' lang='lat' dir='ltr'><strong>1v,</strong></span> <span class='ocrx_word' id='word_1_333' title='bbox 1254 5426 1391 5479; x_wconf 84' lang='lat' dir='ltr'><strong>circa</strong></span> <span class='ocrx_word' id='word_1_334' title='bbox 1417 5428 1555 5479; x_wconf 90' lang='lat' dir='ltr'><strong>med.</strong></span> <span class='ocrx_word' id='word_1_335' title='bbox 1578 5454 1641 5467; x_wconf 95' lang='lat'>—</span> <span class='ocrx_word' id='word_1_336' title='bbox 1678 5430 1695 5459; x_wconf 81' lang='lat'><strong>‘¹</strong></span> <span class='ocrx_word' id='word_1_337' title='bbox 1728 5426 1870 5480; x_wconf 74' lang='lat' dir='ltr'><strong>Psal.</strong></span> 
     </span>
    </p>
   </div>
   <div class='ocr_carea' id='block_1_10' title="bbox 3475 490 3595 551">
    <p class='ocr_par' dir='ltr' id='par_1_10' title="bbox 3475 490 3595 551">
     <span class='ocr_line' id='line_1_51' title="bbox 3475 490 3595 551; baseline 0 -2"><span class='ocrx_word' id='word_1_338' title='bbox 3475 490 3595 551; x_wconf 72' lang='lat'><strong>485</strong></span> 
     </span>
    </p>
   </div>
   <div class='ocr_carea' id='block_1_11' title="bbox 2018 608 3593 3485">
    <p class='ocr_par' dir='ltr' id='par_1_11' title="bbox 2034 608 3593 2252">
     <span class='ocr_line' id='line_1_52' title="bbox 2047 608 3593 689; baseline 0.01 -26"><span class='ocrx_word' id='word_1_339' title='bbox 2047 623 2180 683; x_wconf 80' lang='lat' dir='ltr'><strong>quae</strong></span> <span class='ocrx_word' id='word_1_340' title='bbox 2209 608 2421 667; x_wconf 91' lang='lat' dir='ltr'><strong>dicitur</strong></span> <span class='ocrx_word' id='word_1_341' title='bbox 2447 611 2767 685; x_wconf 89' lang='lat' dir='ltr'><strong>spiritualis</strong></span> <span class='ocrx_word' id='word_1_342' title='bbox 2801 615 3144 689; x_wconf 81' lang='lat' dir='ltr'><strong>parvulitas.</strong></span> <span class='ocrx_word' id='word_1_343' title='bbox 3183 617 3298 677; x_wconf 91' lang='lat' dir='ltr'><strong>Sed</strong></span> <span class='ocrx_word' id='word_1_344' title='bbox 3340 620 3484 678; x_wconf 87' lang='lat' dir='ltr'><strong>nota</strong></span> <span class='ocrx_word' id='word_1_345' title='bbox 3516 619 3593 678; x_wconf 89' lang='lat' dir='ltr'><strong>de</strong></span> 
     </span>
     <span class='ocr_line' id='line_1_53' title="bbox 2042 702 3593 779; baseline 0.008 -21"><span class='ocrx_word' id='word_1_346' title='bbox 2042 702 2308 776; x_wconf 88' lang='lat' dir='ltr'><strong>parvulis</strong></span> <span class='ocrx_word' id='word_1_347' title='bbox 2318 747 2337 776; x_wconf 99' lang='lat'><strong>,</strong></span> <span class='ocrx_word' id='word_1_348' title='bbox 2369 704 2536 779; x_wconf 89' lang='lat' dir='ltr'><strong>quod</strong></span> <span class='ocrx_word' id='word_1_349' title='bbox 2566 706 2833 766; x_wconf 90' lang='lat' dir='ltr'><strong>diversos</strong></span> <span class='ocrx_word' id='word_1_350' title='bbox 2872 710 2937 766; x_wconf 91' lang='lat' dir='ltr'><strong>in</strong></span> <span class='ocrx_word' id='word_1_351' title='bbox 2980 709 3224 769; x_wconf 85' lang='lat' dir='ltr'><strong>diversis</strong></span> <span class='ocrx_word' id='word_1_352' title='bbox 3256 712 3593 772; x_wconf 81' lang='lat' dir='ltr'><strong>invenimus</strong></span> 
     </span>
     <span class='ocr_line' id='line_1_54' title="bbox 2044 796 3592 879; baseline 0.009 -27"><span class='ocrx_word' id='word_1_353' title='bbox 2044 796 2372 871; x_wconf 81' lang='lat' dir='ltr'><strong>scripturis3</strong></span> <span class='ocrx_word' id='word_1_354' title='bbox 2402 802 2604 873; x_wconf 86' lang='lat' dir='ltr'><strong>utpote</strong></span> <span class='ocrx_word' id='word_1_355' title='bbox 2634 803 2915 874; x_wconf 85' lang='lat' dir='ltr'><strong>parvulos</strong></span> <span class='ocrx_word' id='word_1_356' title='bbox 2941 806 3128 876; x_wconf 80' lang='lat' dir='ltr'><strong>aetate,</strong></span> <span class='ocrx_word' id='word_1_357' title='bbox 3157 806 3438 879; x_wconf 82' lang='lat' dir='ltr'><strong>parvulos</strong></span> <span class='ocrx_word' id='word_1_358' title='bbox 3466 823 3592 866; x_wconf 90' lang='lat' dir='ltr'><strong>ma-</strong></span> 
     </span>
     <span class='ocr_line' id='line_1_55' title="bbox 2044 890 3590 974; baseline 0.008 -28"><span class='ocrx_word' id='word_1_359' title='bbox 2044 890 2296 962; x_wconf 88' lang='lat' dir='ltr'><strong>turitate,</strong></span> <span class='ocrx_word' id='word_1_360' title='bbox 2325 892 2606 965; x_wconf 87' lang='lat' dir='ltr'><strong>parvulos</strong></span> <span class='ocrx_word' id='word_1_361' title='bbox 2633 895 2920 969; x_wconf 81' lang='lat' dir='ltr'><strong>pravitate</strong></span> <span class='ocrx_word' id='word_1_362' title='bbox 2952 915 2966 954; x_wconf 87' lang='lat'><strong>:</strong></span> <span class='ocrx_word' id='word_1_363' title='bbox 3000 913 3258 972; x_wconf 87' lang='lat' dir='ltr'><strong>quorum</strong></span> <span class='ocrx_word' id='word_1_364' title='bbox 3287 899 3467 974; x_wconf 89' lang='lat' dir='ltr'><strong>primi</strong></span> <span class='ocrx_word' id='word_1_365' title='bbox 3499 904 3590 960; x_wconf 83' lang='lat' dir='ltr'><strong>to-</strong></span> 
     </span>
     <span class='ocr_line' id='line_1_56' title="bbox 2042 983 3591 1064; baseline 0.009 -24"><span class='ocrx_word' id='word_1_366' title='bbox 2042 983 2346 1058; x_wconf 87' lang='lat' dir='ltr'><strong>lerabiles,</strong></span> <span class='ocrx_word' id='word_1_367' title='bbox 2384 987 2629 1045; x_wconf 88' lang='lat' dir='ltr'><strong>secundi</strong></span> <span class='ocrx_word' id='word_1_368' title='bbox 2669 989 3123 1064; x_wconf 81' lang='lat' dir='ltr'><strong>vituperabilcS,</strong></span> <span class='ocrx_word' id='word_1_369' title='bbox 3163 993 3312 1051; x_wconf 87' lang='lat' dir='ltr'><strong>tertii</strong></span> <span class='ocrx_word' id='word_1_370' title='bbox 3346 1010 3591 1054; x_wconf 89' lang='lat' dir='ltr'><strong>venera-</strong></span> 
     </span>
     <span class='ocr_line' id='line_1_57' title="bbox 2044 1075 3588 1150; baseline 0.009 -17"><span class='ocrx_word' id='word_1_371' title='bbox 2044 1075 2197 1134; x_wconf 89' lang='lat' dir='ltr'><strong>biles</strong></span> <span class='ocrx_word' id='word_1_372' title='bbox 2213 1121 2235 1150; x_wconf 96' lang='lat'><strong>,</strong></span> <span class='ocrx_word' id='word_1_373' title='bbox 2259 1082 2316 1137; x_wconf 89' lang='lat' dir='ltr'><strong>et</strong></span> <span class='ocrx_word' id='word_1_374' title='bbox 2351 1079 2430 1137; x_wconf 91' lang='lat' dir='ltr'><strong>ad</strong></span> <span class='ocrx_word' id='word_1_375' title='bbox 2460 1081 2691 1140; x_wconf 86' lang='lat' dir='ltr'><strong>divinas</strong></span> <span class='ocrx_word' id='word_1_376' title='bbox 2729 1082 3190 1144; x_wconf 90' lang='lat' dir='ltr'><strong>illuminationes</strong></span> <span class='ocrx_word' id='word_1_377' title='bbox 3225 1086 3475 1145; x_wconf 80' lang='lat' dir='ltr'><strong>habiles,</strong></span> <span class='ocrx_word' id='word_1_378' title='bbox 3508 1091 3588 1147; x_wconf 90' lang='lat' dir='ltr'><strong>De</strong></span> 
     </span>
     <span class='ocr_line' id='line_1_58' title="bbox 2042 1172 3587 1255; baseline 0.01 -28"><span class='ocrx_word' id='word_1_379' title='bbox 2042 1172 2252 1246; x_wconf 89' lang='lat' dir='ltr'><strong>primis</strong></span> <span class='ocrx_word' id='word_1_380' title='bbox 2280 1174 2326 1209; x_wconf 87' lang='lat'><strong>¹⁰</strong></span> <span class='ocrx_word' id='word_1_381' title='bbox 2355 1190 2371 1230; x_wconf 87' lang='lat'><strong>:</strong></span> <span class='ocrx_word' id='word_1_382' title='bbox 2399 1193 2429 1229; x_wconf 74' lang='grc' dir='ltr'><strong>α</strong></span> <span class='ocrx_word' id='word_1_383' title='bbox 2455 1177 2865 1248; x_wconf 86' lang='lat' dir='ltr'><strong>Egrediuntur,</strong></span> <span class='ocrx_word' id='word_1_384' title='bbox 2896 1179 3066 1252; x_wconf 88' lang='lat' dir='ltr'><strong>quasi</strong></span> <span class='ocrx_word' id='word_1_385' title='bbox 3095 1195 3324 1253; x_wconf 83' lang='lat' dir='ltr'><strong>greges,</strong></span> <span class='ocrx_word' id='word_1_386' title='bbox 3352 1183 3587 1255; x_wconf 84' lang='lat' dir='ltr'><strong>parvuli</strong></span> 
     </span>
     <span class='ocr_line' id='line_1_59' title="bbox 2043 1268 3582 1340; baseline 0.007 -17"><span class='ocrx_word' id='word_1_387' title='bbox 2043 1281 2283 1340; x_wconf 89' lang='lat' dir='ltr'><strong>corum,</strong></span> <span class='ocrx_word' id='word_1_388' title='bbox 2324 1272 2380 1326; x_wconf 89' lang='lat' dir='ltr'><strong>et</strong></span> <span class='ocrx_word' id='word_1_389' title='bbox 2417 1268 2669 1328; x_wconf 85' lang='lat' dir='ltr'><strong>infantes</strong></span> <span class='ocrx_word' id='word_1_390' title='bbox 2699 1287 2908 1329; x_wconf 89' lang='lat' dir='ltr'><strong>eorum</strong></span> <span class='ocrx_word' id='word_1_391' title='bbox 2942 1273 3206 1332; x_wconf 81' lang='lat' dir='ltr'><strong>exultant</strong></span> <span class='ocrx_word' id='word_1_392' title='bbox 3243 1273 3475 1333; x_wconf 88' lang='lat' dir='ltr'><strong>lusibus</strong></span> <span class='ocrx_word' id='word_1_393' title='bbox 3504 1296 3522 1334; x_wconf 77' lang='grc' dir='ltr'><strong><em>ε</em></strong></span> <span class='ocrx_word' id='word_1_394' title='bbox 3552 1298 3582 1333; x_wconf 73' lang='grc' dir='ltr'><strong>ιο</strong></span> 
     </span>
     <span class='ocr_line' id='line_1_60' title="bbox 2042 1362 3585 1444; baseline 0.008 -27"><span class='ocrx_word' id='word_1_395' title='bbox 2042 1375 2178 1418; x_wconf 86' lang='lat' dir='ltr'><strong>ecce</strong></span> <span class='ocrx_word' id='word_1_396' title='bbox 2201 1362 2431 1435; x_wconf 83' lang='lat' dir='ltr'><strong>parvuli</strong></span> <span class='ocrx_word' id='word_1_397' title='bbox 2458 1366 2645 1422; x_wconf 59' lang='lat' dir='ltr'><strong>aetate.</strong></span> <span class='ocrx_word' id='word_1_398' title='bbox 2675 1369 2755 1423; x_wconf 90' lang='lat' dir='ltr'><strong>De</strong></span> <span class='ocrx_word' id='word_1_399' title='bbox 2784 1367 3060 1425; x_wconf 87' lang='lat' dir='ltr'><strong>secundis</strong></span> <span class='ocrx_word' id='word_1_400' title='bbox 3090 1367 3130 1406; x_wconf 89' lang='lat'><strong>¹¹</strong></span> <span class='ocrx_word' id='word_1_401' title='bbox 3159 1386 3215 1425; x_wconf 71' lang='lat' dir='ltr'><strong>:a</strong></span> <span class='ocrx_word' id='word_1_402' title='bbox 3244 1371 3585 1444; x_wconf 86' lang='lat' dir='ltr'><strong>Usquequo,</strong></span> 
     </span>
     <span class='ocr_line' id='line_1_61' title="bbox 2040 1455 3585 1538; baseline 0.006 -27"><span class='ocrx_word' id='word_1_403' title='bbox 2040 1455 2313 1528; x_wconf 85' lang='lat' dir='ltr'><strong>parvuli,</strong></span> <span class='ocrx_word' id='word_1_404' title='bbox 2353 1457 2591 1530; x_wconf 82' lang='lat' dir='ltr'><strong>diligitis</strong></span> <span class='ocrx_word' id='word_1_405' title='bbox 2631 1457 2969 1532; x_wconf 84' lang='lat' dir='ltr'><strong>infantiam,</strong></span> <span class='ocrx_word' id='word_1_406' title='bbox 3009 1463 3066 1517; x_wconf 91' lang='lat' dir='ltr'><strong>et</strong></span> <span class='ocrx_word' id='word_1_407' title='bbox 3111 1462 3271 1519; x_wconf 87' lang='lat' dir='ltr'><strong>stulti</strong></span> <span class='ocrx_word' id='word_1_408' title='bbox 3304 1478 3415 1534; x_wconf 90' lang='lat' dir='ltr'><strong>ea,</strong></span> <span class='ocrx_word' id='word_1_409' title='bbox 3451 1479 3585 1538; x_wconf 62' lang='lat' dir='ltr'><strong>quaa</strong></span> 
     </span>
     <span class='ocr_line' id='line_1_62' title="bbox 2040 1551 3587 1628; baseline 0.006 -23"><span class='ocrx_word' id='word_1_410' title='bbox 2040 1551 2177 1606; x_wconf 90' lang='lat' dir='ltr'><strong>sunt</strong></span> <span class='ocrx_word' id='word_1_411' title='bbox 2216 1551 2427 1622; x_wconf 83' lang='lat' dir='ltr'><strong>noxia,</strong></span> <span class='ocrx_word' id='word_1_412' title='bbox 2475 1551 2741 1626; x_wconf 89' lang='lat' dir='ltr'><strong>cupient,</strong></span> <span class='ocrx_word' id='word_1_413' title='bbox 2783 1555 2843 1610; x_wconf 91' lang='lat' dir='ltr'><strong>et</strong></span> <span class='ocrx_word' id='word_1_414' title='bbox 2883 1553 3291 1628; x_wconf 85' lang='lat' dir='ltr'><strong>imprudentes</strong></span> <span class='ocrx_word' id='word_1_415' title='bbox 3330 1556 3587 1615; x_wconf 89' lang='lat' dir='ltr'><strong>odibunt</strong></span> 
     </span>
     <span class='ocr_line' id='line_1_63' title="bbox 2039 1643 3585 1721; baseline 0.006 -22"><span class='ocrx_word' id='word_1_416' title='bbox 2039 1643 2385 1702; x_wconf 89' lang='lat' dir='ltr'><strong>scientiam?</strong></span> <span class='ocrx_word' id='word_1_417' title='bbox 2420 1665 2450 1700; x_wconf 65' lang='lat' dir='ltr'>u</span> <span class='ocrx_word' id='word_1_418' title='bbox 2498 1661 2633 1704; x_wconf 91' lang='lat' dir='ltr'><strong>ecce</strong></span> <span class='ocrx_word' id='word_1_419' title='bbox 2675 1647 2910 1721; x_wconf 88' lang='lat' dir='ltr'><strong>parvuli</strong></span> <span class='ocrx_word' id='word_1_420' title='bbox 2953 1648 3306 1707; x_wconf 89' lang='lat' dir='ltr'><strong>maturitate.</strong></span> <span class='ocrx_word' id='word_1_421' title='bbox 3351 1652 3430 1706; x_wconf 90' lang='lat' dir='ltr'><strong>De</strong></span> <span class='ocrx_word' id='word_1_422' title='bbox 3475 1654 3585 1708; x_wconf 89' lang='lat' dir='ltr'><strong>ter-</strong></span> 
     </span>
     <span class='ocr_line' id='line_1_64' title="bbox 2039 1735 3585 1813; baseline 0.006 -20"><span class='ocrx_word' id='word_1_423' title='bbox 2039 1735 2133 1793; x_wconf 88' lang='lat' dir='ltr'><strong>tiis</strong></span> <span class='ocrx_word' id='word_1_424' title='bbox 2162 1737 2203 1772; x_wconf 84' lang='lat'><strong>¹²</strong></span> <span class='ocrx_word' id='word_1_425' title='bbox 2225 1757 2239 1794; x_wconf 92' lang='lat'><strong>:</strong></span> <span class='ocrx_word' id='word_1_426' title='bbox 2259 1739 2487 1797; x_wconf 78' lang='lat' dir='ltr'><strong>«Nolite</strong></span> <span class='ocrx_word' id='word_1_427' title='bbox 2515 1739 2684 1813; x_wconf 88' lang='lat' dir='ltr'><strong>pueri</strong></span> <span class='ocrx_word' id='word_1_428' title='bbox 2712 1740 2866 1797; x_wconf 88' lang='lat' dir='ltr'><strong>effici</strong></span> <span class='ocrx_word' id='word_1_429' title='bbox 2895 1741 3193 1813; x_wconf 89' lang='lat' dir='ltr'><strong>sensibus;</strong></span> <span class='ocrx_word' id='word_1_430' title='bbox 3225 1742 3332 1800; x_wconf 91' lang='lat' dir='ltr'><strong>sed</strong></span> <span class='ocrx_word' id='word_1_431' title='bbox 3357 1742 3585 1802; x_wconf 87' lang='lat' dir='ltr'><strong>malitia</strong></span> 
     </span>
     <span class='ocr_line' id='line_1_65' title="bbox 2037 1831 3578 1905; baseline 0.004 -16"><span class='ocrx_word' id='word_1_432' title='bbox 2037 1831 2272 1904; x_wconf 88' lang='lat' dir='ltr'><strong>parvuli</strong></span> <span class='ocrx_word' id='word_1_433' title='bbox 2302 1836 2480 1891; x_wconf 85' lang='lat' dir='ltr'><strong>estote</strong></span> <span class='ocrx_word' id='word_1_434' title='bbox 2497 1876 2516 1904; x_wconf 93' lang='lat'><strong>,</strong></span> <span class='ocrx_word' id='word_1_435' title='bbox 2547 1833 2816 1893; x_wconf 90' lang='lat' dir='ltr'><strong>sensibus</strong></span> <span class='ocrx_word' id='word_1_436' title='bbox 2844 1838 3043 1893; x_wconf 90' lang='lat' dir='ltr'><strong>autem</strong></span> <span class='ocrx_word' id='word_1_437' title='bbox 3067 1835 3312 1905; x_wconf 80' lang='lat' dir='ltr'><strong>perfecti</strong></span> <span class='ocrx_word' id='word_1_438' title='bbox 3346 1835 3469 1895; x_wconf 83' lang='lat' dir='ltr'><strong>sitis</strong></span> <span class='ocrx_word' id='word_1_439' title='bbox 3500 1855 3516 1894; x_wconf 76' lang='lat' dir='ltr'>z</span> <span class='ocrx_word' id='word_1_440' title='bbox 3549 1858 3578 1895; x_wconf 82' lang='lat'><strong>»</strong></span> 
     </span>
     <span class='ocr_line' id='line_1_66' title="bbox 2039 1927 3581 2001; baseline 0.005 -19"><span class='ocrx_word' id='word_1_441' title='bbox 2039 1940 2174 1982; x_wconf 89' lang='lat' dir='ltr'><strong>ecce</strong></span> <span class='ocrx_word' id='word_1_442' title='bbox 2221 1927 2455 2000; x_wconf 90' lang='lat' dir='ltr'><strong>parvuli</strong></span> <span class='ocrx_word' id='word_1_443' title='bbox 2500 1928 2802 2001; x_wconf 87' lang='lat' dir='ltr'><strong>pravitate.</strong></span> <span class='ocrx_word' id='word_1_444' title='bbox 2849 1928 3116 1987; x_wconf 77' lang='lat' dir='ltr'><strong>parvulis</strong></span> <span class='ocrx_word' id='word_1_445' title='bbox 3168 1930 3387 1989; x_wconf 87' lang='lat' dir='ltr'><strong>talibus</strong></span> <span class='ocrx_word' id='word_1_446' title='bbox 3434 1947 3581 1988; x_wconf 90' lang='lat' dir='ltr'><strong>non·</strong></span> 
     </span>
     <span class='ocr_line' id='line_1_67' title="bbox 2034 2021 3581 2101; baseline 0.006 -26"><span class='ocrx_word' id='word_1_447' title='bbox 2034 2034 2350 2094; x_wconf 86' lang='lat' dir='ltr'><strong>nunquam</strong></span> <span class='ocrx_word' id='word_1_448' title='bbox 2385 2021 2608 2080; x_wconf 85' lang='lat' dir='ltr'><strong>revelat</strong></span> <span class='ocrx_word' id='word_1_449' title='bbox 2647 2021 2960 2095; x_wconf 81' lang='lat' dir='ltr'><strong>Dominus,</strong></span> <span class='ocrx_word' id='word_1_450' title='bbox 3002 2038 3137 2098; x_wconf 81' lang='lat' dir='ltr'><strong>quae</strong></span> <span class='ocrx_word' id='word_1_451' title='bbox 3179 2024 3398 2083; x_wconf 85' lang='lat' dir='ltr'><strong>velavit</strong></span> <span class='ocrx_word' id='word_1_452' title='bbox 3437 2041 3581 2101; x_wconf 90' lang='lat' dir='ltr'><strong>pru-</strong></span> 
     </span>
     <span class='ocr_line' id='line_1_68' title="bbox 2037 2113 2334 2173; baseline 0 -2"><span class='ocrx_word' id='word_1_453' title='bbox 2037 2113 2334 2173; x_wconf 88' lang='lat' dir='ltr'><strong>dentibus.</strong></span> 
     </span>
     <span class='ocr_line' id='line_1_69' title="bbox 2675 2186 2934 2252; baseline -0.004 -14"><span class='ocrx_word' id='word_1_454' title='bbox 2675 2186 2934 2252; x_wconf 82' lang='lat' dir='ltr'><strong>Epilogus.</strong></span> 
     </span>
    </p>

    <p class='ocr_par' dir='ltr' id='par_1_12' title="bbox 2018 2290 3581 3385">
     <span class='ocr_line' id='line_1_70' title="bbox 2105 2290 3578 2370; baseline 0.005 -22"><span class='ocrx_word' id='word_1_455' title='bbox 2105 2290 2197 2348; x_wconf 83' lang='lat' dir='ltr'><strong>Ait</strong></span> <span class='ocrx_word' id='word_1_456' title='bbox 2235 2306 2377 2363; x_wconf 88' lang='lat' dir='ltr'><strong>ergo</strong></span> <span class='ocrx_word' id='word_1_457' title='bbox 2416 2291 2914 2366; x_wconf 76' lang='lat' dir='ltr'><strong>psalmographus</strong></span> <span class='ocrx_word' id='word_1_458' title='bbox 2950 2293 3027 2351; x_wconf 91' lang='lat' dir='ltr'><strong>de</strong></span> <span class='ocrx_word' id='word_1_459' title='bbox 3067 2294 3578 2370; x_wconf 87' lang='lat' dir='ltr'><strong>contemplationis</strong></span> 
     </span>
     <span class='ocr_line' id='line_1_71' title="bbox 2033 2384 3580 2461; baseline 0.005 -20"><span class='ocrx_word' id='word_1_460' title='bbox 2033 2384 2242 2457; x_wconf 86' lang='lat' dir='ltr'><strong>gratia,</strong></span> <span class='ocrx_word' id='word_1_461' title='bbox 2272 2401 2456 2458; x_wconf 89' lang='lat' dir='ltr'><strong>quam</strong></span> <span class='ocrx_word' id='word_1_462' title='bbox 2482 2384 2765 2444; x_wconf 89' lang='lat' dir='ltr'><strong>Dominus</strong></span> <span class='ocrx_word' id='word_1_463' title='bbox 2792 2389 3071 2460; x_wconf 87' lang='lat' dir='ltr'><strong>operatur</strong></span> <span class='ocrx_word' id='word_1_464' title='bbox 3096 2387 3159 2444; x_wconf 91' lang='lat' dir='ltr'><strong>in</strong></span> <span class='ocrx_word' id='word_1_465' title='bbox 3185 2387 3425 2461; x_wconf 75' lang='lat' dir='ltr'><strong>talibuS,</strong></span> <span class='ocrx_word' id='word_1_466' title='bbox 3453 2405 3580 2448; x_wconf 90' lang='lat' dir='ltr'><strong>me-</strong></span> 
     </span>
     <span class='ocr_line' id='line_1_72' title="bbox 2033 2477 3581 2556; baseline 0.005 -22"><span class='ocrx_word' id='word_1_467' title='bbox 2033 2477 2334 2536; x_wconf 85' lang='lat' dir='ltr'><strong>diantibus</strong></span> <span class='ocrx_word' id='word_1_468' title='bbox 2370 2478 2819 2537; x_wconf 89' lang='lat' dir='ltr'><strong>illuminationis</strong></span> <span class='ocrx_word' id='word_1_469' title='bbox 2856 2482 2913 2537; x_wconf 89' lang='lat' dir='ltr'><strong>et</strong></span> <span class='ocrx_word' id='word_1_470' title='bbox 2949 2480 3319 2538; x_wconf 86' lang='lat' dir='ltr'><strong>delectabilis</strong></span> <span class='ocrx_word' id='word_1_471' title='bbox 3356 2481 3581 2556; x_wconf 81' lang='lat' dir='ltr'><strong>perfec-</strong></span> 
     </span>
     <span class='ocr_line' id='line_1_73' title="bbox 2031 2571 3577 2650; baseline 0.003 -21"><span class='ocrx_word' id='word_1_472' title='bbox 2031 2571 2208 2629; x_wconf 87' lang='lat' dir='ltr'><strong>tionis</strong></span> <span class='ocrx_word' id='word_1_473' title='bbox 2255 2571 2485 2629; x_wconf 89' lang='lat' dir='ltr'><strong>actibus</strong></span> <span class='ocrx_word' id='word_1_474' title='bbox 2533 2588 2549 2629; x_wconf 74' lang='grc' dir='ltr'><strong><em>ε</em></strong></span> <span class='ocrx_word' id='word_1_475' title='bbox 2610 2575 2917 2632; x_wconf 76' lang='lat' dir='ltr'><strong>Declaratio</strong></span> <span class='ocrx_word' id='word_1_476' title='bbox 2971 2589 3276 2632; x_wconf 81' lang='lat' dir='ltr'><strong>sermonum</strong></span> <span class='ocrx_word' id='word_1_477' title='bbox 3328 2581 3577 2650; x_wconf 77' lang='lat' dir='ltr'><strong>tuorum,</strong></span> 
     </span>
     <span class='ocr_line' id='line_1_74' title="bbox 2031 2665 3576 2742; baseline 0.006 -21"><span class='ocrx_word' id='word_1_478' title='bbox 2031 2669 2322 2739; x_wconf 88' lang='lat' dir='ltr'><strong>quantum</strong></span> <span class='ocrx_word' id='word_1_479' title='bbox 2367 2665 2447 2722; x_wconf 91' lang='lat' dir='ltr'><strong>ad</strong></span> <span class='ocrx_word' id='word_1_480' title='bbox 2501 2669 2832 2741; x_wconf 90' lang='lat' dir='ltr'><strong>susceptam</strong></span> <span class='ocrx_word' id='word_1_481' title='bbox 2879 2667 3179 2742; x_wconf 70' lang='lat' dir='ltr'><strong>sapientiae</strong></span> <span class='ocrx_word' id='word_1_482' title='bbox 3225 2669 3576 2730; x_wconf 87' lang='lat' dir='ltr'><strong>declaratio-</strong></span> 
     </span>
     <span class='ocr_line' id='line_1_75' title="bbox 2028 2764 3578 2838; baseline 0.004 -19"><span class='ocrx_word' id='word_1_483' title='bbox 2028 2777 2201 2834; x_wconf 86' lang='lat' dir='ltr'><strong>nem3</strong></span> <span class='ocrx_word' id='word_1_484' title='bbox 2245 2764 2559 2829; x_wconf 77' lang='lat' dir='ltr'><strong>illuminat,</strong></span> <span class='ocrx_word' id='word_1_485' title='bbox 2602 2767 2889 2838; x_wconf 89' lang='lat' dir='ltr'><strong>quantum</strong></span> <span class='ocrx_word' id='word_1_486' title='bbox 2928 2764 3008 2823; x_wconf 90' lang='lat' dir='ltr'><strong>ad</strong></span> <span class='ocrx_word' id='word_1_487' title='bbox 3048 2765 3279 2824; x_wconf 88' lang='lat' dir='ltr'><strong>tertiam</strong></span> <span class='ocrx_word' id='word_1_488' title='bbox 3319 2771 3578 2825; x_wconf 88' lang='lat' dir='ltr'><strong>contem-</strong></span> 
     </span>
     <span class='ocr_line' id='line_1_76' title="bbox 2025 2855 3578 2933; baseline 0.005 -21"><span class='ocrx_word' id='word_1_489' title='bbox 2025 2855 2308 2929; x_wconf 87' lang='lat' dir='ltr'><strong>plationis</strong></span> <span class='ocrx_word' id='word_1_490' title='bbox 2347 2855 2673 2929; x_wconf 88' lang='lat' dir='ltr'><strong>actionem,</strong></span> <span class='ocrx_word' id='word_1_491' title='bbox 2704 2857 2927 2916; x_wconf 88' lang='lat' dir='ltr'><strong>scilicet</strong></span> <span class='ocrx_word' id='word_1_492' title='bbox 2961 2858 3492 2933; x_wconf 84' lang='lat' dir='ltr'><strong>illuminationem3</strong></span> <span class='ocrx_word' id='word_1_493' title='bbox 3527 2866 3578 2919; x_wconf 76' lang='lat' dir='ltr'><strong>et</strong></span> 
     </span>
     <span class='ocr_line' id='line_1_77' title="bbox 2026 2950 3575 3027; baseline 0.006 -23"><span class='ocrx_word' id='word_1_494' title='bbox 2026 2952 2358 3008; x_wconf 74' lang='lat' dir='ltr'><strong>intellectum</strong></span> <span class='ocrx_word' id='word_1_495' title='bbox 2393 2950 2527 3022; x_wconf 78' lang='lat' dir='ltr'><strong>dat,</strong></span> <span class='ocrx_word' id='word_1_496' title='bbox 2556 2953 2848 3025; x_wconf 89' lang='lat' dir='ltr'><strong>quantum</strong></span> <span class='ocrx_word' id='word_1_497' title='bbox 2885 2952 2965 3010; x_wconf 87' lang='lat' dir='ltr'><strong>ad</strong></span> <span class='ocrx_word' id='word_1_498' title='bbox 3003 2956 3277 3027; x_wconf 86' lang='lat' dir='ltr'><strong>quartam</strong></span> <span class='ocrx_word' id='word_1_499' title='bbox 3311 2956 3575 3013; x_wconf 90' lang='lat' dir='ltr'><strong>contem-</strong></span> 
     </span>
     <span class='ocr_line' id='line_1_78' title="bbox 2023 3041 3577 3119; baseline 0.005 -20"><span class='ocrx_word' id='word_1_500' title='bbox 2023 3041 2306 3118; x_wconf 89' lang='lat' dir='ltr'><strong>plationis</strong></span> <span class='ocrx_word' id='word_1_501' title='bbox 2349 3043 2533 3118; x_wconf 89' lang='lat' dir='ltr'><strong>ipsius</strong></span> <span class='ocrx_word' id='word_1_502' title='bbox 2576 3044 2984 3119; x_wconf 83' lang='lat' dir='ltr'><strong>operationem</strong></span> <span class='ocrx_word' id='word_1_503' title='bbox 2998 3090 3018 3119; x_wconf 88' lang='lat'><strong>,</strong></span> <span class='ocrx_word' id='word_1_504' title='bbox 3063 3047 3279 3105; x_wconf 91' lang='lat' dir='ltr'><strong>scilicet</strong></span> <span class='ocrx_word' id='word_1_505' title='bbox 3323 3048 3577 3108; x_wconf 89' lang='lat' dir='ltr'><strong>delecta-</strong></span> 
     </span>
     <span class='ocr_line' id='line_1_79' title="bbox 2023 3137 3574 3216; baseline 0.004 -21"><span class='ocrx_word' id='word_1_506' title='bbox 2023 3137 2282 3212; x_wconf 88' lang='lat' dir='ltr'><strong>tionem,</strong></span> <span class='ocrx_word' id='word_1_507' title='bbox 2310 3155 2417 3197; x_wconf 88' lang='lat' dir='ltr'><strong>seu</strong></span> <span class='ocrx_word' id='word_1_508' title='bbox 2452 3137 2867 3198; x_wconf 85' lang='lat' dir='ltr'><strong>delectabilem</strong></span> <span class='ocrx_word' id='word_1_509' title='bbox 2893 3139 3347 3216; x_wconf 78' lang='lat' dir='ltr'><strong>perfectionem3</strong></span> <span class='ocrx_word' id='word_1_510' title='bbox 3376 3159 3574 3216; x_wconf 76' lang='lat' dir='ltr'><strong>panm-</strong></span> 
     </span>
     <span class='ocr_line' id='line_1_80' title="bbox 2022 3232 3573 3312; baseline 0.005 -22"><span class='ocrx_word' id='word_1_511' title='bbox 2022 3235 2117 3303; x_wconf 78' lang='lat' dir='ltr'><strong>lis,</strong></span> <span class='ocrx_word' id='word_1_512' title='bbox 2133 3236 2421 3306; x_wconf 86' lang='lat' dir='ltr'><strong>quantum</strong></span> <span class='ocrx_word' id='word_1_513' title='bbox 2436 3232 2515 3292; x_wconf 90' lang='lat' dir='ltr'><strong>ad</strong></span> <span class='ocrx_word' id='word_1_514' title='bbox 2531 3235 2926 3308; x_wconf 88' lang='lat' dir='ltr'><strong>susceptivam</strong></span> <span class='ocrx_word' id='word_1_515' title='bbox 2937 3235 3334 3309; x_wconf 74' lang='lat' dir='ltr'><strong>intelligentiae</strong></span> <span class='ocrx_word' id='word_1_516' title='bbox 3345 3252 3573 3312; x_wconf 79' lang='lat' dir='ltr'><strong>proepa-</strong></span> 
     </span>
     <span class='ocr_line' id='line_1_81' title="bbox 2018 3326 2332 3385; baseline -0.006 0"><span class='ocrx_word' id='word_1_517' title='bbox 2018 3326 2332 3385; x_wconf 89' lang='lat' dir='ltr'><strong>rationem.</strong></span> 
     </span>
    </p>

    <p class='ocr_par' dir='ltr' id='par_1_13' title="bbox 2567 3439 3017 3485">
     <span class='ocr_line' id='line_1_82' title="bbox 2567 3439 3017 3485; baseline 0.002 -2"><span class='ocrx_word' id='word_1_518' title='bbox 2567 3439 2901 3484; x_wconf 77' lang='lat' dir='ltr'><strong>mercums</strong></span> <span class='ocrx_word' id='word_1_519' title='bbox 2936 3443 3017 3485; x_wconf 88' lang='lat' dir='ltr'><strong>m.</strong></span> 
     </span>
    </p>
   </div>
   <div class='ocr_carea' id='block_1_12' title="bbox 1994 3557 3570 4854">
    <p class='ocr_par' dir='ltr' id='par_1_14' title="bbox 1994 3557 3570 4854">
     <span class='ocr_line' id='line_1_83' title="bbox 2089 3557 3570 3635; baseline 0.005 -20"><span class='ocrx_word' id='word_1_520' title='bbox 2089 3559 2215 3615; x_wconf 80' lang='lat'><strong>131.</strong></span> <span class='ocrx_word' id='word_1_521' title='bbox 2263 3557 2337 3615; x_wconf 85' lang='lat' dir='ltr'><strong>Os</strong></span> <span class='ocrx_word' id='word_1_522' title='bbox 2381 3572 2554 3613; x_wconf 81' lang='lat' dir='ltr'><strong>mcum</strong></span> <span class='ocrx_word' id='word_1_523' title='bbox 2602 3560 2795 3630; x_wconf 78' lang='lat' dir='ltr'><strong>aperui</strong></span> <span class='ocrx_word' id='word_1_524' title='bbox 2813 3598 2833 3628; x_wconf 96' lang='lat'><strong>,</strong></span> <span class='ocrx_word' id='word_1_525' title='bbox 2875 3561 2984 3614; x_wconf 89' lang='lat' dir='ltr'><strong>etc.</strong></span> <span class='ocrx_word' id='word_1_526' title='bbox 3027 3562 3135 3617; x_wconf 88' lang='lat' dir='ltr'><strong>Per</strong></span> <span class='ocrx_word' id='word_1_527' title='bbox 3177 3562 3570 3635; x_wconf 70' lang='lat' dir='ltr'><strong>praecedentia</strong></span> 
     </span>
     <span class='ocr_line' id='line_1_84' title="bbox 2015 3649 3569 3728; baseline 0.006 -20"><span class='ocrx_word' id='word_1_528' title='bbox 2015 3651 2497 3726; x_wconf 82' lang='lat' dir='ltr'><strong>praemonstratur</strong></span> <span class='ocrx_word' id='word_1_529' title='bbox 2524 3649 2826 3724; x_wconf 77' lang='lat' dir='ltr'><strong>sapientiae</strong></span> <span class='ocrx_word' id='word_1_530' title='bbox 2853 3650 3104 3709; x_wconf 87' lang='lat' dir='ltr'><strong>coelestis</strong></span> <span class='ocrx_word' id='word_1_531' title='bbox 3133 3653 3450 3714; x_wconf 89' lang='lat' dir='ltr'><strong>absconsio</strong></span> <span class='ocrx_word' id='word_1_532' title='bbox 3462 3699 3482 3728; x_wconf 92' lang='lat'>‚</span> <span class='ocrx_word' id='word_1_533' title='bbox 3511 3663 3569 3718; x_wconf 86' lang='lat' dir='ltr'><strong>et</strong></span> 
     </span>
     <span class='ocr_line' id='line_1_85' title="bbox 2015 3742 3566 3819; baseline 0.005 -17"><span class='ocrx_word' id='word_1_534' title='bbox 2015 3746 2144 3818; x_wconf 88' lang='lat' dir='ltr'><strong>ejus</strong></span> <span class='ocrx_word' id='word_1_535' title='bbox 2196 3742 2479 3802; x_wconf 88' lang='lat' dir='ltr'><strong>revelatio</strong></span> <span class='ocrx_word' id='word_1_536' title='bbox 2509 3763 2527 3816; x_wconf 83' lang='lat'>3</span> <span class='ocrx_word' id='word_1_537' title='bbox 2586 3759 2695 3819; x_wconf 92' lang='lat' dir='ltr'><strong>per</strong></span> <span class='ocrx_word' id='word_1_538' title='bbox 2752 3745 3064 3817; x_wconf 82' lang='lat' dir='ltr'><strong>praesentia</strong></span> <span class='ocrx_word' id='word_1_539' title='bbox 3129 3746 3566 3809; x_wconf 87' lang='lat' dir='ltr'><strong>demonstratur</strong></span> 
     </span>
     <span class='ocr_line' id='line_1_86' title="bbox 2014 3836 3565 3911; baseline 0.005 -15"><span class='ocrx_word' id='word_1_540' title='bbox 2014 3837 2284 3911; x_wconf 89' lang='lat' dir='ltr'><strong>ejusdem</strong></span> <span class='ocrx_word' id='word_1_541' title='bbox 2359 3836 2625 3894; x_wconf 87' lang='lat' dir='ltr'><strong>attractio</strong></span> <span class='ocrx_word' id='word_1_542' title='bbox 2645 3879 2667 3908; x_wconf 94' lang='lat'><strong>,</strong></span> <span class='ocrx_word' id='word_1_543' title='bbox 2730 3837 2960 3895; x_wconf 88' lang='lat' dir='ltr'><strong>dicente</strong></span> <span class='ocrx_word' id='word_1_544' title='bbox 3036 3840 3340 3900; x_wconf 80' lang='lat' dir='ltr'><strong>psalmista</strong></span> <span class='ocrx_word' id='word_1_545' title='bbox 3404 3861 3420 3900; x_wconf 73' lang='grc' dir='ltr'><strong><em>ε</em></strong></span> <span class='ocrx_word' id='word_1_546' title='bbox 3492 3846 3565 3903; x_wconf 77' lang='lat' dir='ltr'><strong>Os</strong></span> 
     </span>
     <span class='ocr_line' id='line_1_87' title="bbox 2011 3932 3560 4013; baseline 0.005 -23"><span class='ocrx_word' id='word_1_547' title='bbox 2011 3950 2215 4004; x_wconf 81' lang='lat' dir='ltr'><strong>meum,</strong></span> <span class='ocrx_word' id='word_1_548' title='bbox 2254 3935 2387 4005; x_wconf 89' lang='lat' dir='ltr'><strong>etc.;</strong></span> <span class='ocrx_word' id='word_1_549' title='bbox 2428 3947 2497 3990; x_wconf 89' lang='lat' dir='ltr'><strong>ac</strong></span> <span class='ocrx_word' id='word_1_550' title='bbox 2536 3932 2585 3988; x_wconf 91' lang='lat' dir='ltr'><strong>si</strong></span> <span class='ocrx_word' id='word_1_551' title='bbox 2626 3932 2845 3991; x_wconf 89' lang='lat' dir='ltr'><strong>diceret</strong></span> <span class='ocrx_word' id='word_1_552' title='bbox 2882 3950 3030 3993; x_wconf 87' lang='lat' dir='ltr'><strong>voce</strong></span> <span class='ocrx_word' id='word_1_553' title='bbox 3068 3934 3252 4009; x_wconf 91' lang='lat' dir='ltr'><strong>plana</strong></span> <span class='ocrx_word' id='word_1_554' title='bbox 3284 3954 3299 3992; x_wconf 71' lang='grc' dir='ltr'>ε</span> <span class='ocrx_word' id='word_1_555' title='bbox 3343 3940 3560 4013; x_wconf 83' lang='lat' dir='ltr'><strong>Aperui</strong></span> 
     </span>
     <span class='ocr_line' id='line_1_88' title="bbox 2012 4025 3559 4103; baseline 0.005 -19"><span class='ocrx_word' id='word_1_556' title='bbox 2012 4026 2372 4084; x_wconf 89' lang='lat' dir='ltr'><strong>desiderium</strong></span> <span class='ocrx_word' id='word_1_557' title='bbox 2421 4025 2740 4097; x_wconf 86' lang='lat' dir='ltr'><strong>rationale,</strong></span> <span class='ocrx_word' id='word_1_558' title='bbox 2792 4028 2850 4084; x_wconf 89' lang='lat' dir='ltr'><strong>et</strong></span> <span class='ocrx_word' id='word_1_559' title='bbox 2894 4028 3105 4087; x_wconf 82' lang='lat' dir='ltr'><strong>attraxi</strong></span> <span class='ocrx_word' id='word_1_560' title='bbox 3155 4029 3559 4103; x_wconf 88' lang='lat' dir='ltr'><strong>magisterium</strong></span> 
     </span>
     <span class='ocr_line' id='line_1_89' title="bbox 2009 4119 3557 4197; baseline 0.004 -19"><span class='ocrx_word' id='word_1_561' title='bbox 2009 4120 2312 4197; x_wconf 88' lang='lat' dir='ltr'><strong>spirituale</strong></span> <span class='ocrx_word' id='word_1_562' title='bbox 2343 4137 2358 4176; x_wconf 75' lang='grc' dir='ltr'><strong><em>ε</em></strong></span> <span class='ocrx_word' id='word_1_563' title='bbox 2389 4119 2532 4194; x_wconf 91' lang='lat' dir='ltr'><strong>quia</strong></span> <span class='ocrx_word' id='word_1_564' title='bbox 2559 4119 2844 4179; x_wconf 89' lang='lat' dir='ltr'><strong>mandata</strong></span> <span class='ocrx_word' id='word_1_565' title='bbox 2872 4126 2972 4180; x_wconf 89' lang='lat' dir='ltr'><strong>tua</strong></span> <span class='ocrx_word' id='word_1_566' title='bbox 3007 4127 3300 4197; x_wconf 85' lang='lat' dir='ltr'><strong>quantum</strong></span> <span class='ocrx_word' id='word_1_567' title='bbox 3329 4126 3412 4184; x_wconf 89' lang='lat' dir='ltr'><strong>ad</strong></span> <span class='ocrx_word' id='word_1_568' title='bbox 3443 4127 3557 4184; x_wconf 86' lang='lat' dir='ltr'><strong>mi·</strong></span> 
     </span>
     <span class='ocr_line' id='line_1_90' title="bbox 2007 4214 3553 4294; baseline 0.005 -22"><span class='ocrx_word' id='word_1_569' title='bbox 2007 4215 2315 4273; x_wconf 89' lang='lat' dir='ltr'><strong>nisterium</strong></span> <span class='ocrx_word' id='word_1_570' title='bbox 2341 4214 2789 4286; x_wconf 71' lang='lat' dir='ltr'><strong>caeremoniale,</strong></span> <span class='ocrx_word' id='word_1_571' title='bbox 2818 4214 3236 4275; x_wconf 89' lang='lat' dir='ltr'><strong>desiderabam</strong></span> <span class='ocrx_word' id='word_1_572' title='bbox 3264 4225 3553 4294; x_wconf 89' lang='lat' dir='ltr'><strong>quantum</strong></span> 
     </span>
     <span class='ocr_line' id='line_1_91' title="bbox 2006 4298 3552 4386; baseline 0.003 -18"><span class='ocrx_word' id='word_1_573' title='bbox 2006 4311 2085 4368; x_wconf 89' lang='lat' dir='ltr'><strong>ad</strong></span> <span class='ocrx_word' id='word_1_574' title='bbox 2107 4308 2457 4385; x_wconf 82' lang='lat' dir='ltr'><strong>mysterium</strong></span> <span class='ocrx_word' id='word_1_575' title='bbox 2480 4307 2894 4366; x_wconf 88' lang='lat' dir='ltr'><strong>intellectuale.</strong></span> <span class='ocrx_word' id='word_1_576' title='bbox 2925 4298 3069 4368; x_wconf 78' lang='lat' dir='ltr'><strong>Ecce</strong></span> <span class='ocrx_word' id='word_1_577' title='bbox 3091 4310 3277 4386; x_wconf 88' lang='lat' dir='ltr'><strong>liquet</strong></span> <span class='ocrx_word' id='word_1_578' title='bbox 3302 4313 3381 4371; x_wconf 90' lang='lat' dir='ltr'><strong>ad</strong></span> <span class='ocrx_word' id='word_1_579' title='bbox 3412 4330 3552 4373; x_wconf 88' lang='lat' dir='ltr'><strong>ocu-</strong></span> 
     </span>
     <span class='ocr_line' id='line_1_92' title="bbox 2003 4402 3551 4481; baseline 0.003 -20"><span class='ocrx_word' id='word_1_580' title='bbox 2003 4403 2152 4477; x_wconf 89' lang='lat' dir='ltr'><strong>lum,</strong></span> <span class='ocrx_word' id='word_1_581' title='bbox 2177 4403 2324 4478; x_wconf 88' lang='lat' dir='ltr'><strong>quid</strong></span> <span class='ocrx_word' id='word_1_582' title='bbox 2353 4407 2645 4477; x_wconf 88' lang='lat' dir='ltr'><strong>apertum,</strong></span> <span class='ocrx_word' id='word_1_583' title='bbox 2669 4402 2817 4476; x_wconf 89' lang='lat' dir='ltr'><strong>quid</strong></span> <span class='ocrx_word' id='word_1_584' title='bbox 2846 4406 3178 4474; x_wconf 88' lang='lat' dir='ltr'><strong>attractum,</strong></span> <span class='ocrx_word' id='word_1_585' title='bbox 3207 4407 3354 4481; x_wconf 89' lang='lat' dir='ltr'><strong>quid</strong></span> <span class='ocrx_word' id='word_1_586' title='bbox 3384 4423 3551 4466; x_wconf 88' lang='lat' dir='ltr'><strong>man-</strong></span> 
     </span>
     <span class='ocr_line' id='line_1_93' title="bbox 2003 4495 3547 4574; baseline 0.003 -19"><span class='ocrx_word' id='word_1_587' title='bbox 2003 4498 2239 4569; x_wconf 89' lang='lat' dir='ltr'><strong>datum,</strong></span> <span class='ocrx_word' id='word_1_588' title='bbox 2282 4496 2430 4571; x_wconf 87' lang='lat' dir='ltr'><strong>quid</strong></span> <span class='ocrx_word' id='word_1_589' title='bbox 2466 4495 2864 4554; x_wconf 89' lang='lat' dir='ltr'><strong>desideratum</strong></span> <span class='ocrx_word' id='word_1_590' title='bbox 2898 4513 2914 4552; x_wconf 75' lang='lat' dir='ltr'><em>z</em></span> <span class='ocrx_word' id='word_1_591' title='bbox 2958 4498 3248 4572; x_wconf 87' lang='lat' dir='ltr'><strong>quoniam</strong></span> <span class='ocrx_word' id='word_1_592' title='bbox 3276 4504 3547 4574; x_wconf 87' lang='lat' dir='ltr'><strong>apertum</strong></span> 
     </span>
     <span class='ocr_line' id='line_1_94' title="bbox 1999 4590 3545 4666; baseline 0.001 -15"><span class='ocrx_word' id='word_1_593' title='bbox 1999 4591 2288 4652; x_wconf 86' lang='lat' dir='ltr'><strong>rationale</strong></span> <span class='ocrx_word' id='word_1_594' title='bbox 2316 4590 2715 4661; x_wconf 83' lang='lat' dir='ltr'><strong>desiderium3</strong></span> <span class='ocrx_word' id='word_1_595' title='bbox 2747 4593 3056 4649; x_wconf 87' lang='lat' dir='ltr'><strong>attractum</strong></span> <span class='ocrx_word' id='word_1_596' title='bbox 3088 4592 3389 4666; x_wconf 89' lang='lat' dir='ltr'><strong>spirituale</strong></span> <span class='ocrx_word' id='word_1_597' title='bbox 3416 4611 3545 4654; x_wconf 88' lang='lat' dir='ltr'><strong>ma-</strong></span> 
     </span>
     <span class='ocr_line' id='line_1_95' title="bbox 1997 4683 3542 4759; baseline 0.002 -16"><span class='ocrx_word' id='word_1_598' title='bbox 1997 4685 2335 4759; x_wconf 84' lang='lat' dir='ltr'><strong>gisterium3</strong></span> <span class='ocrx_word' id='word_1_599' title='bbox 2393 4683 2744 4741; x_wconf 88' lang='lat' dir='ltr'><strong>mandatum</strong></span> <span class='ocrx_word' id='word_1_600' title='bbox 2809 4684 3220 4745; x_wconf 75' lang='lat' dir='ltr'><strong>caeremoniale</strong></span> <span class='ocrx_word' id='word_1_601' title='bbox 3282 4687 3542 4747; x_wconf 89' lang='lat' dir='ltr'><strong>ministe-</strong></span> 
     </span>
     <span class='ocr_line' id='line_1_96' title="bbox 1994 4775 3428 4854; baseline 0.001 -16"><span class='ocrx_word' id='word_1_602' title='bbox 1994 4780 2152 4839; x_wconf 91' lang='lat' dir='ltr'><strong>rium</strong></span> <span class='ocrx_word' id='word_1_603' title='bbox 2166 4799 2184 4850; x_wconf 92' lang='lat'>;</span> <span class='ocrx_word' id='word_1_604' title='bbox 2217 4778 2616 4837; x_wconf 89' lang='lat' dir='ltr'><strong>desideratum</strong></span> <span class='ocrx_word' id='word_1_605' title='bbox 2643 4775 3035 4836; x_wconf 86' lang='lat' dir='ltr'><strong>intellectuale</strong></span> <span class='ocrx_word' id='word_1_606' title='bbox 3063 4780 3428 4854; x_wconf 78' lang='lat' dir='ltr'><strong>mysterium.</strong></span> 
     </span>
    </p>
   </div>
   <div class='ocr_carea' id='block_1_13' title="bbox 1990 4917 3532 5199">
    <p class='ocr_par' dir='ltr' id='par_1_15' title="bbox 1990 4917 3532 5199">
     <span class='ocr_line' id='line_1_97' title="bbox 2487 4917 3038 4989; baseline 0.004 -16"><span class='ocrx_word' id='word_1_607' title='bbox 2487 4917 2773 4973; x_wconf 82' lang='lat' dir='ltr'><strong>Articulus</strong></span> <span class='ocrx_word' id='word_1_608' title='bbox 2807 4919 3038 4989; x_wconf 76' lang='lat' dir='ltr'><strong>primus.</strong></span> 
     </span>
     <span class='ocr_line' id='line_1_98' title="bbox 2063 5028 3528 5109; baseline 0.001 -18"><span class='ocrx_word' id='word_1_609' title='bbox 2063 5031 2503 5091; x_wconf 88' lang='lat' dir='ltr'><strong>Demonstratur</strong></span> <span class='ocrx_word' id='word_1_610' title='bbox 2551 5028 2750 5103; x_wconf 88' lang='lat' dir='ltr'><strong>itaque</strong></span> <span class='ocrx_word' id='word_1_611' title='bbox 2802 5028 3164 5089; x_wconf 90' lang='lat' dir='ltr'><strong>desiderium</strong></span> <span class='ocrx_word' id='word_1_612' title='bbox 3207 5032 3528 5109; x_wconf 89' lang='lat' dir='ltr'><strong>rationale,</strong></span> 
     </span>
     <span class='ocr_line' id='line_1_99' title="bbox 1990 5123 3532 5199; baseline -0.008 -12"><span class='ocrx_word' id='word_1_613' title='bbox 1990 5143 2127 5187; x_wconf 88' lang='lat' dir='ltr'><strong>cum</strong></span> <span class='ocrx_word' id='word_1_614' title='bbox 2164 5124 2376 5183; x_wconf 90' lang='lat' dir='ltr'><strong>dicitur</strong></span> <span class='ocrx_word' id='word_1_615' title='bbox 2406 5142 2421 5181; x_wconf 74' lang='grc' dir='ltr'><strong><em>ι</em></strong></span> <span class='ocrx_word' id='word_1_616' title='bbox 2457 5123 2530 5180; x_wconf 81' lang='lat' dir='ltr'><strong>Os</strong></span> <span class='ocrx_word' id='word_1_617' title='bbox 2565 5139 2734 5180; x_wconf 80' lang='lat' dir='ltr'><strong>meum</strong></span> <span class='ocrx_word' id='word_1_618' title='bbox 2763 5126 2959 5196; x_wconf 82' lang='lat' dir='ltr'><strong>aperui</strong></span> <span class='ocrx_word' id='word_1_619' title='bbox 2965 5143 2983 5196; x_wconf 86' lang='lat'><em>3</em></span> <span class='ocrx_word' id='word_1_620' title='bbox 3016 5125 3304 5199; x_wconf 89' lang='lat' dir='ltr'><strong>quoniam</strong></span> <span class='ocrx_word' id='word_1_621' title='bbox 3337 5144 3404 5187; x_wconf 90' lang='lat' dir='ltr'><strong>os</strong></span> <span class='ocrx_word' id='word_1_622' title='bbox 3440 5129 3532 5189; x_wconf 88' lang='lat' dir='ltr'><strong>in-</strong></span> 
     </span>
    </p>
   </div>
   <div class='ocr_carea' id='block_1_14' title="bbox 1985 5248 3526 5395">
    <p class='ocr_par' dir='ltr' id='par_1_16' title="bbox 1985 5248 3526 5395">
     <span class='ocr_line' id='line_1_100' title="bbox 1985 5248 3526 5333; baseline 0 -26"><span class='ocrx_word' id='word_1_623' title='bbox 1985 5268 2139 5317; x_wconf 60' lang='lat' dir='ltr'><strong>xxxa,</strong></span> <span class='ocrx_word' id='word_1_624' title='bbox 2172 5248 2220 5304; x_wconf 84' lang='lat'><strong>8.</strong></span> <span class='ocrx_word' id='word_1_625' title='bbox 2255 5279 2316 5289; x_wconf 94' lang='lat'>—</span> <span class='ocrx_word' id='word_1_626' title='bbox 2353 5252 2371 5281; x_wconf 79' lang='lat'>⁸</span> <span class='ocrx_word' id='word_1_627' title='bbox 2398 5250 2536 5315; x_wconf 62' lang='lat' dir='ltr'><strong>sap„</strong></span> <span class='ocrx_word' id='word_1_628' title='bbox 2567 5262 2607 5313; x_wconf 89' lang='lat'><strong>1,</strong></span> <span class='ocrx_word' id='word_1_629' title='bbox 2638 5250 2686 5299; x_wconf 85' lang='grc'><strong>5.</strong></span> <span class='ocrx_word' id='word_1_630' title='bbox 2715 5276 2780 5288; x_wconf 90' lang='grc'><strong>-</strong></span> <span class='ocrx_word' id='word_1_631' title='bbox 2807 5252 2824 5281; x_wconf 69' lang='lat'><strong>⁹</strong></span> <span class='ocrx_word' id='word_1_632' title='bbox 2860 5251 3003 5316; x_wconf 64' lang='lat' dir='ltr'><strong>Sap„</strong></span> <span class='ocrx_word' id='word_1_633' title='bbox 3033 5262 3106 5315; x_wconf 77' lang='lat' dir='ltr'><strong>iv,</strong></span> <span class='ocrx_word' id='word_1_634' title='bbox 3137 5254 3213 5305; x_wconf 79' lang='grc' dir='ltr'><strong>Η.</strong></span> <span class='ocrx_word' id='word_1_635' title='bbox 3243 5280 3306 5291; x_wconf 89' lang='grc'><strong>-</strong></span> <span class='ocrx_word' id='word_1_636' title='bbox 3344 5253 3386 5291; x_wconf 85' lang='lat'><strong>¹⁰</strong></span> <span class='ocrx_word' id='word_1_637' title='bbox 3413 5255 3526 5333; x_wconf 67' lang='lat' dir='ltr'><strong>lob,</strong></span> 
     </span>
     <span class='ocr_line' id='line_1_101' title="bbox 1987 5321 3368 5395; baseline 0.001 -18"><span class='ocrx_word' id='word_1_638' title='bbox 1987 5340 2096 5391; x_wconf 76' lang='lat' dir='ltr'><strong>xxi,</strong></span> <span class='ocrx_word' id='word_1_639' title='bbox 2132 5328 2178 5375; x_wconf 55' lang='lat' dir='ltr'><strong>at</strong></span> <span class='ocrx_word' id='word_1_640' title='bbox 2197 5361 2209 5375; x_wconf 96' lang='lat'><strong>.</strong></span> <span class='ocrx_word' id='word_1_641' title='bbox 2238 5350 2302 5362; x_wconf 89' lang='lat'><em>-</em></span> <span class='ocrx_word' id='word_1_642' title='bbox 2334 5325 2367 5354; x_wconf 84' lang='lat'><strong>¹¹</strong></span> <span class='ocrx_word' id='word_1_643' title='bbox 2395 5324 2567 5385; x_wconf 68' lang='lat' dir='ltr'><strong>Pron„</strong></span> <span class='ocrx_word' id='word_1_644' title='bbox 2596 5334 2637 5386; x_wconf 91' lang='lat'><strong>1,</strong></span> <span class='ocrx_word' id='word_1_645' title='bbox 2666 5324 2744 5374; x_wconf 75' lang='lat'><strong>22.</strong></span> <span class='ocrx_word' id='word_1_646' title='bbox 2773 5349 2838 5361; x_wconf 95' lang='lat'>—</span> <span class='ocrx_word' id='word_1_647' title='bbox 2872 5323 2906 5355; x_wconf 81' lang='lat'><strong>¹²</strong></span> <span class='ocrx_word' id='word_1_648' title='bbox 2934 5323 2952 5373; x_wconf 87' lang='lat'>1</span> <span class='ocrx_word' id='word_1_649' title='bbox 2983 5321 3121 5393; x_wconf 60' lang='lat' dir='ltr'><strong>Cor„</strong></span> <span class='ocrx_word' id='word_1_650' title='bbox 3149 5336 3261 5395; x_wconf 77' lang='lat' dir='ltr'><strong>m,</strong></span> <span class='ocrx_word' id='word_1_651' title='bbox 3288 5331 3368 5387; x_wconf 81' lang='lat'><strong>20,</strong></span> 
     </span>
    </p>
   </div>
   <div class='ocr_carea' id='block_1_15' title="bbox 2049 5415 2569 5487">
    <p class='ocr_par' dir='ltr' id='par_1_17' title="bbox 2049 5415 2569 5487">
     <span class='ocr_line' id='line_1_102' title="bbox 2049 5415 2569 5487; baseline -0.004 -17"><span class='ocrx_word' id='word_1_652' title='bbox 2049 5420 2120 5487; x_wconf 84' lang='lat' dir='ltr'><strong>(a)</strong></span> <span class='ocrx_word' id='word_1_653' title='bbox 2155 5419 2267 5483; x_wconf 76' lang='lat' dir='ltr'><strong>Ley.</strong></span> <span class='ocrx_word' id='word_1_654' title='bbox 2299 5415 2569 5471; x_wconf 84' lang='lat' dir='ltr'><strong>intellectu.</strong></span> 
     </span>
    </p>
   </div>
  </div>
 </body>
</html>
