4196 6294
689 530 771 594 24
1722 498 2386 574 ILLUMINATIONES
2425 495 2840 567 ECCLESIAE.

694 665 1061 730 sanctorum
1079 705 1096 739 ,
1124 656 1237 742 qui
1261 650 1645 719 introierunt
1664 646 1735 710 in
1760 644 2040 715 sanctam
2067 636 2223 704 civi-

690 776 918 851 tatem3
968 768 1266 852 quintum
1304 763 1398 826 est
1444 755 1759 822 terrificus
1785 766 1985 835 pavor
2024 746 2228 810 custo-

694 882 849 947 dum
872 902 888 958 ;
913 879 1169 943 sextum
1189 874 1285 938 est
1310 866 1623 933 malitiosa
1646 858 1963 944 corruptio
1980 855 2013 920 J
2016 854 2226 920 udaeo-

692 1007 883 1066 rum;
942 985 1286 1067 septimum
1330 974 1608 1042 continet
1647 971 1718 1034 in
1770 986 1838 1032 se
1890 962 2224 1030 denarium

687 1094 1179 1181 apparitionum.
1208 1087 1360 1151 Haec
1387 1083 1464 1167 (a)
1497 1080 1680 1146 debet
1710 1094 1847 1141 esse
1872 1072 2082 1155 logica
2104 1089 2226 1135 no-

696 1209 828 1271 stra
845 1254 862 1285 ,
912 1207 974 1267 et
1022 1202 1242 1265 nostra
1290 1188 1684 1259 ratiocinatio
1725 1189 1942 1250 eontra
1974 1181 2224 1245 hostem

689 1313 1029 1396 antiquum
1049 1357 1069 1388 ,
1100 1306 1211 1390 qui
1238 1299 1519 1387 quotidie
1547 1298 1764 1361 contra
1789 1310 1906 1357 nos
1924 1292 2221 1374 disputat.

690 1420 811 1489 Sed
838 1422 1018 1496 nota,
1050 1412 1222 1497 quod
1254 1413 1386 1475 tota
1414 1407 1512 1474 vis
1551 1399 1985 1469 constituenda
2029 1400 2124 1463 est
2157 1398 2226 1460 in

689 1525 1123 1610 assumptione
1149 1516 1444 1594 minoris3
1480 1511 1590 1578 sed
1614 1528 1731 1575 nos
1757 1507 2059 1573 nolumus
2087 1521 2226 1569 cru-

690 1635 869 1717 cifigi
896 1637 960 1696 et
985 1628 1117 1713 pati
1140 1676 1161 1708 ,
1191 1626 1260 1689 in
1287 1643 1416 1707 quo
1442 1618 1817 1686 consistebat
1845 1615 2054 1678 minor
2080 1628 2225 1695 pro·

687 1742 939 1827 positio.
984 1737 1063 1803 Et
1095 1739 1314 1800 tamen
1362 1731 1442 1795 ad
1468 1729 1589 1793 hoc
1632 1728 1765 1790 tota
1806 1725 2021 1789 nostra
2063 1720 2226 1786 ratio

688 1846 1041 1920 ordinatur,
1063 1843 1139 1905 ut
1159 1835 1585 1903 assimilemur
1606 1832 1675 1895 in
1700 1830 1823 1893 hoc
1843 1827 1992 1892 Deo.
2014 1823 2227 1889 Hostis

689 1955 991 2037 antiquus
1064 1964 1298 2032 parum
1357 1939 1695 2025 reputabat
1761 1937 2227 2018 argumentum

690 2060 960 2138 Christi,
1013 2073 1163 2121 cum
1209 2052 1464 2118 videbat
1506 2066 1654 2113 eum
1682 2046 2065 2129 patientem3
2115 2040 2227 2105 sed

688 2171 760 2234 in
778 2167 1070 2252 passione
1095 2159 1323 2228 Christi
1348 2156 1548 2223 illusit
1572 2156 1631 2220 ei
1657 2154 1702 2219 ¹.
1753 2176 1784 2214 α
1806 2147 2134 2232 Numquid
2161 2146 2228 2209 il-

689 2278 871 2343 ludes
892 2268 1277 2358 (Leviathan)
1310 2266 1492 2349 quasi
1519 2264 1649 2343 avi,
1682 2264 1795 2327 aut
1819 2258 2050 2342 ligabis
2075 2273 2226 2320 eum

692 2382 934 2451 ancillis
960 2380 1127 2446 tuis?
1148 2400 1178 2438 n
1214 2378 1239 2412 ¹
1271 2398 1303 2438 α
1329 2374 1490 2456 Ego,
1522 2372 1578 2437 si
1625 2370 1937 2437 exaltatus
1982 2368 2163 2432 fuero
2190 2384 2230 2429 a

692 2497 865 2558 terra
881 2539 900 2570 ,
934 2488 1152 2555 omnia
1176 2485 1428 2550 traham
1455 2481 1535 2546 ad
1562 2481 1900 2562 meipsum.
1933 2500 1965 2537 n

775 2598 1082 2677 Quintum
1108 2594 1400 2660 medium.
1419 2594 1513 2656 est
1550 2589 1834 2653 medium
1861 2584 2186 2651 modestiae
2209 2630 2226 2663 ,

694 2706 925 2773 morali
968 2703 1269 2770 electione
1309 2698 1730 2785 praecipuum.
1762 2693 2064 2760 Modestia
2093 2691 2227 2757 vir-

694 2823 801 2883 tus
825 2821 920 2881 est
950 2834 966 2879 :
994 2815 1202 2881 virtus
1229 2814 1445 2875 autem
1471 2808 1493 2842 ³
1531 2804 1817 2870 consistit
1857 2803 1925 2866 in
1973 2802 2227 2867 medio:

693 2926 820 2991 tale
872 2923 1157 2988 medium
1208 2917 1563 2983 considerat
1616 2912 1897 2978 EthicuS.
1952 2911 2234 2977 Medium

697 3032 1025 3100 modestiae
1051 3030 1176 3094 fuit
1202 3027 1488 3092 Christus
1515 3024 1583 3087 in
1610 3021 1973 3087 ascensione
1995 3069 2012 3101 ,
2042 3022 2236 3102 juxta

695 3142 867 3228 quod
891 3144 955 3206 in
986 3138 1212 3207 Eoeodo
1249 3137 1556 3221 scriptum
1599 3135 1693 3198 est
1723 3135 1747 3172 ⁸
1778 3154 1793 3197 ε
1834 3155 1865 3192 (ι
1902 3129 2237 3213 Ingressus

698 3251 948 3333 Moyses
964 3247 1247 3312 medium
1265 3242 1541 3320 nebulae,
1566 3241 1684 3306 fuit
1704 3239 1790 3304 ibi
1810 3238 2237 3323 quadraginta

701 3359 925 3425 diebus
948 3359 1013 3423 et
1036 3353 1460 3439 quadraginta
1481 3349 1792 3414 noctibus.
1814 3369 1844 3407 ι)
1876 3345 1954 3411 Et
1977 3346 2101 3409 hoc
2119 3344 2240 3410 fuit

702 3466 986 3532 Christus
1036 3464 1105 3527 in
1158 3460 1554 3537 ascensione,
1600 3458 1853 3540 quando
1878 3462 1901 3496 ⁸
1950 3479 1982 3516 <t
2030 3456 2237 3520 nubes

704 3573 978 3656 suscepit
1004 3589 1157 3637 eum
1196 3570 1277 3657 ab
1312 3568 1511 3633 oculis
1538 3584 1785 3632 eorum.
1814 3587 1846 3624 ι)
1881 3565 2232 3630 Conformi-

702 3686 802 3750 ter
836 3679 1231 3746 Christianus
1277 3676 1461 3741 debet
1503 3674 1837 3739 ascendere
1881 3673 1959 3739 de
1998 3674 2237 3740 virtute

704 3792 775 3855 in
799 3789 1136 3867 virtutem,
1167 3804 1298 3851 non
1337 3784 1669 3849 statuendo
1713 3782 2061 3847 terminum
2097 3783 2239 3849 vir-

705 3898 862 3964 tutis
879 3945 896 3975 ‚
920 3896 1073 3979 quia
1095 3897 1187 3959 sic
1213 3895 1523 3960 desineret
1544 3909 1681 3958 esse
1707 3891 2051 3956 virtuosus,
2078 3890 2241 3956 Fun-

706 4007 1079 4072 damentum
1125 4007 1339 4067 autem
1380 4000 1638 4068 virtutis
1680 3999 1837 4064 fides
1873 4002 1966 4063 est
1996 4019 2013 4063 ε
2045 3999 2239 4064 fldem

704 4116 1005 4198 ponimus
1044 4117 1116 4176 ut
1154 4110 1680 4187 fundamentum,
1721 4111 1784 4171 et
1812 4112 1887 4171 ut
1930 4106 2236 4171 medium.

707 4221 869 4288 Nam
894 4219 1176 4284 medium
1211 4222 1306 4283 est
1335 4222 1409 4282 ut
1432 4220 1605 4280 recta
1636 4213 1800 4278 ratio
1837 4211 2236 4291 determinat,

705 4330 860 4396 dicit
899 4328 1159 4393 Ethicus
1190 4328 1234 4390 ⁰.
1266 4325 1451 4390 Fides
1492 4327 1586 4388 est
1603 4329 1626 4365 ⁷
1663 4345 1695 4384 α
1722 4321 1900 4386 stella
1927 4320 2242 4385 matutina

704 4437 774 4502 in
802 4436 1011 4502 medio
1051 4434 1325 4499 nebulae.
1355 4454 1386 4492 n
1422 4432 1518 4496 Ad
1558 4431 1756 4513 hujus
1792 4428 2076 4493 medium
2123 4445 2236 4492 ne-

703 4545 874 4611 bulae
925 4543 1205 4609 ascendit
1249 4542 1530 4625 Moyses,
1561 4539 1628 4604 id
1670 4542 1800 4617 est,
1848 4537 2241 4604 Christianus

704 4659 1070 4737 assumptus
1098 4652 1175 4717 de
1199 4651 1382 4734 aquis
1406 4647 1733 4734 baptismi,
1763 4650 1828 4712 et
1863 4647 2057 4710 intrat
2083 4646 2235 4711 cali-

702 4763 925 4845 ginem
940 4811 957 4842 ,
1006 4778 1153 4845 quae
1190 4758 1447 4844 quidem
1478 4758 1689 4838 caligo
1732 4756 1888 4820 fides
1924 4758 2055 4834 est,
2088 4773 2238 4819 cum

702 4871 946 4936 lumine
968 4874 1031 4935 et
1052 4869 1421 4950 aenigmate.
1450 4865 1583 4931 Hoc
1602 4863 2091 4928 fundamentum
2118 4867 2233 4941 est,

701 4995 818 5061 per
860 4977 1032 5061 quod
1069 4976 1372 5041 fundatur
1412 4974 1479 5036 in
1522 4971 1706 5037 nobis
1751 4969 2034 5034 Christus
2066 4991 2080 5031 :
2124 4987 2239 5052 per

700 5084 897 5150 fldem
936 5083 1184 5168 proficit
1223 5083 1438 5147 anima
1479 5081 1560 5144 ad
1600 5080 1870 5147 virtutes
1914 5077 2198 5160 politicas
2212 5126 2233 5157 ,

700 5195 765 5256 et
791 5189 913 5257 hoc
946 5195 1041 5255 est
1079 5191 1159 5255 ad
1200 5189 1443 5254 radices
1470 5187 1703 5251 montis
1729 5185 2091 5265 ascendere,
2123 5185 2236 5249 ubi

768 5318 786 5352 ¹
806 5317 919 5380 lob,
948 5328 1036 5378 XL,
1057 5319 1136 5367 24.
1162 5342 1217 5354 --
1249 5316 1271 5349 ¹
1288 5316 1453 5371 loon..
1481 5325 1577 5377 111,
1601 5315 1678 5363 32.
1700 5340 1761 5350 —
1788 5314 1806 5344 ⁸
1826 5312 2001 5377 Arist„
2023 5310 2236 5374 Mor-al„

696 5386 791 5440 1th
827 5390 875 5451 l,
913 5403 959 5439 c.
1002 5399 1087 5454 1x3
1128 5387 1307 5439 nor-al.
1347 5384 1578 5449 Eadem„
1621 5384 1711 5434 lib.
1753 5386 1827 5447 ll,
1871 5399 1918 5436 c.
1963 5396 2014 5448 v,
2061 5395 2137 5434 vr.
2179 5409 2234 5420 -

696 5460 918 5522 ¹difflui..
943 5471 1086 5524 xxrv,
1113 5454 1189 5510 ¹8.
1213 5483 1274 5496 —
1301 5460 1319 5489 ⁵
1339 5458 1474 5516 Act„
1500 5468 1541 5521 1,
1569 5459 1617 5509 9.
1634 5483 1697 5494 -
1716 5457 1739 5492 ⁰
1759 5456 1930 5518 Arist„
1957 5455 2057 5504 loc.
2081 5468 2237 5518 supra

696 5531 782 5584 cit.
811 5557 873 5576 --
903 5532 922 5567 ⁷
947 5531 1127 5591 Eccli..
1152 5543 1205 5596 1.‚
1231 5534 1284 5584 6.
1302 5555 1366 5570 -
1384 5528 1566 5594 ⁸Sap.,
1595 5539 1691 5593 vu,
1717 5531 1800 5592 25,
1826 5529 1921 5589 263
1954 5536 2066 5590 vm,
2098 5530 2144 5577 ¹.
2171 5551 2230 5565 -

2339 634 2587 719 Moyses
2624 634 2771 709 fecit
2814 632 3150 698 duodecim
3196 632 3563 708 holocausta
3578 678 3600 711 ,
3628 630 3860 697 duode-

2337 743 2461 809 cim
2488 743 2786 808 articulos
2812 740 3263 824 signiflcantia.
3284 740 3518 805 Deinde
3538 757 3652 823 per
3677 740 3863 805 fidem

2335 852 2582 934 proficit
2604 850 2823 915 anima
2845 849 2926 914 ad
2943 850 3217 914 virtutes
3242 848 3625 931 purgativas
3638 897 3654 928 ,
3681 848 3862 931 quasi

2335 959 2416 1025 ad
2443 959 2726 1024 medium
2754 957 2988 1022 montis
3015 976 3032 1037 ;
3063 956 3291 1023 deinde
3332 976 3446 1040 per
3483 957 3677 1023 fidem
3717 977 3862 1040 pro-

2335 1067 2468 1132 ficit
2505 1068 2721 1132 anima
2754 1067 2833 1131 ad
2862 1067 3131 1132 virtutes
3171 1066 3433 1148 purgati
3468 1068 3608 1149 ⁸iam
3636 1067 3858 1146 animi,

2336 1176 2516 1259 quasi
2543 1176 2625 1240 ad
2664 1175 3075 1259 supercilium
3119 1175 3385 1255 montiS,
3422 1175 3535 1241 ubi
3566 1179 3752 1257 aptus
3775 1179 3866 1239 est

2335 1282 2529 1348 homo
2569 1284 2649 1348 ad
2676 1282 3187 1365 contemplandas
3226 1285 3291 1347 et
3323 1282 3704 1347 exercendas
3726 1282 3863 1346 vir-

2335 1395 2531 1472 tutes,
2563 1409 2840 1475 quarum
2882 1391 3132 1455 fontalis
3171 1390 3360 1472 origo
3397 1392 3492 1454 est
3535 1388 3858 1473 sapientia.

2342 1499 2506 1564 «Est
2529 1500 2701 1564 enim
2720 1503 2742 1539 ⁸
2761 1517 2962 1582 vapor
2979 1498 3435 1581 omnipotentis
3459 1496 3590 1575 Dei,
3610 1500 3674 1561 et
3702 1492 3867 1560 ema·

2335 1606 2512 1671 natio
2564 1606 2845 1686 sincera,
2890 1627 2920 1665 n
2959 1608 3273 1687 quantum
3318 1604 3400 1668 ad
3443 1603 3864 1683 munditiam;

2346 1737 2378 1775 a
2400 1712 2634 1778 candor
2658 1713 2819 1777 lucis
2836 1716 3122 1791 aeternae,
3146 1715 3208 1776 et
3225 1710 3551 1794 speculum
3565 1759 3582 1790 ,
3605 1733 3636 1770 ι)
3664 1729 3870 1792 quan-

2336 1824 2476 1885 tum
2503 1821 2580 1884 ad
2618 1819 3058 1902 prudentiam3
3097 1842 3129 1881 α
3169 1820 3494 1900 attingens
3519 1837 3560 1881 a
3595 1820 3723 1883 fine
3755 1836 3866 1882 us-

2336 1947 2461 2011 que
2499 1929 2580 1992 ad
2619 1928 2816 1992 finem
2863 1927 3106 1992 sortiter
3120 1975 3142 2007 ‚
3185 1951 3215 1987 υ
3265 1930 3523 2011 propter
3555 1927 3869 1992 fortitudi-

2336 2054 2485 2101 nem
2505 2054 2522 2116 ;
2547 2059 2578 2097 «
2592 2035 2932 2119 disponens
2946 2037 3186 2116 omnia,
3207 2057 3238 2095 υ
3262 2038 3520 2120 propter
3528 2036 3867 2118 justitiam.

2416 2141 2577 2208 Nota
2629 2146 2846 2206 tamen
2883 2143 2906 2176 ⁹
2927 2190 2944 2222 ,
3000 2142 3079 2206 ad
3135 2141 3629 2224 intelligentiam
3669 2142 3870 2226 virtu-

2337 2256 2478 2316 tum
2531 2250 3049 2333 purgatoriarum
3081 2298 3100 2330 ,
3172 2249 3344 2332 quod
3417 2253 3513 2314 est
3579 2251 3872 2333 quaedam

2338 2358 2673 2444 prudentia
2698 2358 2985 2443 politica,
3018 2358 3315 2442 quaedam
3351 2357 3693 2443 prudentia
3718 2378 3871 2443 pur-

2342 2467 2621 2553 gatoria,
2648 2468 2942 2550 quaedam
2968 2466 3305 2550 prudentia
3341 2467 3604 2549 purgati
3632 2467 3872 2548 animi,

2339 2576 2636 2659 quaedam
2689 2575 3025 2658 prudentia
3076 2573 3479 2657 exemplaris.
3536 2572 3879 2640 Prudentia

2340 2684 2590 2767 politica
2616 2687 2711 2748 est
2738 2683 2818 2747 ad
2844 2682 3110 2747 rationis
3150 2701 3445 2747 normam
3463 2731 3483 2763 ,
3515 2703 3662 2767 quae
3697 2686 3876 2767 cogi-

2341 2796 2462 2873 tat,
2484 2809 2758 2876 quaeque
2777 2792 2946 2874 agit,
2966 2790 3273 2856 universa
3295 2790 3597 2873 dirigere,
3621 2810 3696 2855 ac
3718 2791 3881 2856 nihil

2341 2904 2575 2985 praeter
2599 2905 2844 2966 rectum
2870 2900 3033 2964 velle
3056 2899 3161 2962 vel
3184 2899 3388 2964 facere
3403 2946 3420 2980 ,
3450 2899 3882 2984 humanisque

2343 3011 2588 3076 actibus
2632 3013 2937 3091 tanquam
3009 3007 3267 3072 arbitris
3320 3008 3675 3089 providere.
3735 3008 3882 3073 Haec

2343 3117 2681 3203 prudentia
2707 3117 2828 3182 suit
2852 3116 2920 3180 in
2944 3115 2977 3181 J
2981 3115 3252 3200 ethroj¹⁰.
3270 3114 3609 3182 Prudentia
3632 3135 3880 3201 purga·

2344 3209 2507 3292 toria
2532 3231 2663 3307 est,
2693 3226 3009 3290 mundum
3035 3225 3266 3304 istum,
3305 3230 3367 3291 et
3393 3225 3610 3290 omnia
3636 3245 3789 3310 quae
3814 3226 3883 3290 in

2344 3354 2420 3402 eo
2461 3339 2648 3412 sunt,
2679 3334 3046 3399 divinorum
3095 3334 3627 3418 contemplatione
3672 3335 3884 3419 despi-

2344 3463 2487 3510 cere
2512 3493 2533 3525 ,
2595 3460 2982 3526 omnemque
3042 3441 3241 3507 animi
3302 3441 3760 3523 cogitationem
3818 3443 3885 3506 in

2345 3553 2479 3619 sola
2503 3552 2721 3619 divina
2759 3551 3057 3633 dirigere.
3098 3549 3251 3616 Haec
3292 3550 3630 3634 prudentia
3663 3552 3787 3615 fuit
3815 3551 3885 3615 in

2345 3660 2682 3744 Apostolis,
2712 3660 2881 3722 utin
2907 3657 3203 3725 Matthoeo
3238 3658 3467 3724 dicitur
3496 3658 3537 3701 ¹¹
3571 3679 3645 3721 :a
3673 3659 3887 3723 Estote

2345 3769 2717 3852 prudenteS,
2742 3767 2904 3831 sicut
2931 3769 3273 3849 serpentes
3300 3787 3331 3825 υ
3368 3765 3717 3834 Prudentia
3737 3785 3887 3851 pur-

2348 3876 2485 3956 gati
2509 3874 2709 3939 animi
2736 3878 2832 3938 est
2860 3874 3081 3940 divina
3110 3892 3243 3938 non
3267 3874 3452 3957 quasi
3479 3874 3549 3938 in
3574 3874 3886 3940 electione

2345 3984 2674 4067 praeferre,
2706 3981 2817 4045 sed
2859 3981 2992 4044 sola
3034 3998 3251 4058 nosse,
3276 3981 3535 4060 ethaeo,
3573 3985 3883 4065 tanquam

2348 4091 2509 4180 nihil
2532 4090 2708 4155 aliud
2752 4090 2862 4169 sit,
2892 4089 3149 4154 intueri.
3190 4088 3341 4155 Haec
3384 4089 3727 4173 prudentia
3766 4089 3886 4154 fuit
3911 4111 4096 4158 pruden-

2347 4201 2668 4283 praecipue
2696 4199 2766 4262 in
2793 4198 3075 4283 apostolo
3103 4197 3334 4277 PaulO,
3371 4201 3437 4263 et
3463 4199 3648 4263 beato
3683 4197 3883 4263 Frau—
3912 4175 4111 4283 Ρῗζιῇζ.

2347 4309 2532 4373 cisco.
2577 4307 2922 4372 Prudentia
2961 4306 3345 4389 exemplaris
3389 4309 3485 4370 est
3522 4305 3663 4389 ipsa
3704 4323 3888 4371 mens
3914 4298 4106 4408 Ffflgffh·

2346 4416 2602 4495 divina,
2657 4415 2794 4499 ipsa
2844 4414 3152 4497 sapientia
3203 4414 3480 4479 increata
3507 4461 3524 4491 ‚
3575 4418 3889 4498 perpetua

2347 4522 2666 4587 mundum
2695 4522 2938 4587 ratione
2968 4522 3337 4604 gubernans
3360 4570 3378 4603 ,
3411 4527 3736 4589 terrarum
3767 4540 3888 4587 coe·

2344 4632 2519 4716 lique
2546 4631 2766 4697 satrix.

2427 4739 2587 4807 Nota
2617 4741 2909 4822 insuper,
2959 4739 3130 4822 quod
3156 4739 3565 4804 conformiter
3590 4743 3690 4803 est
3716 4739 3889 4803 acci-

2346 4869 2496 4934 pere
2542 4848 2974 4914 fortitudinem
3024 4846 3346 4930 politicam
3377 4895 3396 4927 ,
3446 4847 3889 4912 fortitudinem

2345 4958 2812 5043 purgatoriam,
2848 4955 3285 5020 fortitudinem
3329 4955 3592 5039 purgati
3638 4955 3883 5033 animi,

2346 5065 2787 5131 fortitudinem
2842 5063 3294 5146 exemplarem.
3342 5063 3674 5128 Fortitudo
3720 5061 3885 5145 poli·

2339 5173 2476 5260 tica·
2521 5177 2664 5251 est,
2722 5171 3015 5236 animum
3077 5189 3272 5255 supra
3318 5169 3585 5254 periculi
3634 5174 3886 5235 metum

2344 5350 2363 5379 ⁰
2387 5345 2589 5406 motin..
2618 5344 2678 5394 de
2717 5343 2924 5405 Ver-tut„
2950 5343 3038 5396 lib.
3073 5346 3115 5395 11
3133 5382 3152 5410 ,
3179 5357 3297 5396 eun.
3331 5347 3381 5407 ¹3
3416 5343 3668 5407 Macrob„
3709 5344 3882 5394 somn.

2342 5419 2496 5484 δαίμ,
2526 5417 2613 5468 lib.
2645 5417 2686 5465 1.
2707 5442 2761 5453 —
2798 5417 2835 5452 ¹·
2861 5417 3047 5482 Exod„
3071 5429 3229 5484 xvur,
3257 5420 3306 5470 6.
3325 5441 3386 5455 —
3419 5417 3455 5453 ¹·
3479 5415 3683 5481 Mattk„
3715 5425 3771 5480 x,
3803 5415 3883 5466 16.

2408 5520 2474 5582 (a)
2503 5516 2626 5569 Coet.
2653 5514 2773 5568 edit.
2809 5513 2919 5572 Hic.
