4196 6294
1589 475 1955 544 PSALMUS
1997 474 2234 542 CXVIII
2243 522 2258 539 .

327 612 599 687 Sequitur
631 630 646 670 :
697 615 769 671 Et
812 589 1110 671 resurrexit
1131 587 1138 594 l
1156 617 1377 688 propter
1425 615 1876 687 justificationem

327 714 601 778 nostram,
641 714 707 768 ut
739 709 1025 784 justitiam
1059 711 1355 785 perditam
1395 714 1762 770 restauraret.
1795 713 1873 769 De

325 803 499 862 tertio
542 805 562 839 ¹
611 822 626 861 :
680 825 710 858 «
762 808 971 863 Datum
996 808 1083 863 est
1106 805 1231 878 illi,
1262 824 1292 861 w
1341 805 1561 864 scilicet
1607 805 1875 864 Ecclesiae

205 914 295 958 αἱ-
327 897 537 956 Christi
558 913 816 973 sponsae,
848 907 949 956 «ut
975 899 1277 973 cooperiat
1299 915 1363 957 se
1392 900 1641 974 byssino
1675 899 1872 973 splen-

83 988 206 1021 num-

329 992 504 1050 dente
528 992 804 1051 candido,
820 1013 850 1049 υ
872 994 1182 1068 Byssinum
1210 993 1873 1067 autemjustificationes

326 1089 666 1145 sanctorum
679 1090 833 1144 sunt.
845 1089 987 1144 Ecce
996 1086 1428 1160 justificationis
1439 1087 1874 1160 operimentum

325 1179 642 1254 splendens
673 1180 925 1238 exterius
944 1223 964 1251 ,
1003 1180 1266 1239 candens
1301 1181 1577 1252 interius,
1607 1183 1874 1241 Ecclesiae

326 1274 536 1333 datum
564 1273 864 1331 divinitus.
886 1275 950 1331 ln
973 1273 1067 1331 his
1095 1274 1382 1333 omnibus
1409 1281 1653 1350 apparet
1669 1276 1874 1337 divina

322 1366 735 1442 providentia,
761 1382 871 1442 per
909 1384 1095 1442 quam
1124 1374 1488 1442 comparata,
1518 1373 1872 1445 praeparata,

323 1467 381 1523 et
408 1463 549 1523 data
577 1468 663 1522 est
687 1463 866 1523 nobis
892 1464 1311 1537 hujuscemodi
1339 1469 1654 1525 armatura.

794 1620 1079 1680 Articulus
1113 1623 1396 1682 secundus.

396 1747 692 1816 Quantum
735 1746 817 1804 ad
859 1747 1224 1821 secundum,
1272 1750 1439 1809 addit
1467 1769 1482 1809 :
1532 1753 1871 1823 Custodiam

323 1841 549 1899 scilicet
591 1856 784 1915 usque
843 1842 924 1900 ad
973 1842 1309 1902 tentationis
1356 1844 1668 1904 victoriam
1696 1864 1711 1904 :
1768 1862 1878 1922 per

322 1935 497 2011 quod
531 1939 697 1994 notat
733 1936 1062 1995 humanam
1105 1937 1547 1998 confidentiam.
1577 1943 1643 1999 Et
1681 1941 1875 1999 scien-

325 2029 477 2088 dum
504 2030 673 2104 quod
702 2034 1030 2089 armaturas
1050 2031 1398 2105 hujusmodi
1425 2033 1715 2093 debemus
1742 2051 1874 2093 cus-

322 2123 518 2182 todire
547 2123 761 2199 triplici
787 2123 1050 2197 ratione,
1070 2125 1378 2200 videlicet,
1404 2131 1648 2202 propter
1673 2129 1874 2204 pudo-

324 2235 479 2290 rem,
500 2218 799 2291 timorem,
822 2233 1110 2278 amorem.
1134 2221 1333 2279 Pudor
1348 2223 1587 2297 respicit
1605 2223 1872 2300 culpam3

325 2307 528 2387 ti'mor,
567 2330 844 2389 poenam:
888 2332 1080 2389 amor,
1112 2317 1415 2390 iustitiam.
1463 2321 1542 2376 De
1577 2319 1774 2392 primo
1812 2324 1874 2379 ²:

332 2429 362 2464 α
390 2412 619 2481 Beatus,
649 2409 756 2483 qui
783 2409 1008 2483 vigilat,
1038 2429 1068 2466 ιο
1099 2409 1320 2469 scilicet
1345 2426 1454 2486 per
1486 2412 1876 2486 diligentiam,

334 2523 363 2558 α
392 2506 450 2562 et
479 2502 737 2562 custodit
761 2504 1105 2562 vestimenta
1132 2520 1271 2576 sua,
1311 2520 1388 2563 ne
1427 2506 1624 2564 nudus
1664 2507 1877 2566 ambu-

328 2598 438 2670 let,
478 2600 536 2655 et
571 2597 810 2656 videant
843 2597 1271 2672 turpitudinem
1307 2600 1469 2673 ejus,
1497 2621 1524 2656 »
1558 2616 1667 2674 per
1694 2601 1879 2675 negli-

331 2693 589 2765 gentiam
620 2707 813 2749 suam.
847 2695 927 2749 De
955 2692 1219 2751 secundo
1248 2694 1301 2751 ³:
1338 2693 1499 2764 «Qui
1533 2694 1740 2753 timent
1767 2698 1880 2754 Do-

331 2787 594 2857 minum,
623 2786 962 2845 custodiunt
986 2786 1270 2846 mandata
1295 2787 1485 2845 illius:
1518 2809 1546 2843 n
1565 2789 1689 2846 haec
1715 2806 1883 2848 man-

337 2880 474 2940 data
500 2881 665 2940 sunt'·
687 2880 885 2938 «lucis
909 2896 1098 2952 arma,
1127 2900 1157 2935 n
1174 2880 1393 2954 quibus
1416 2896 1526 2939 nos
1555 2898 1877 2957 armamur,

339 2991 476 3032 cum
502 2973 605 3033 illa
639 2989 963 3033 servamus.
997 2977 1075 3032 De
1102 2975 1271 3033 tertio
1299 2975 1359 3031 ⁸:
1397 2993 1426 3028 α
1454 2978 1586 3033 Haec
1629 2978 1716 3034 est
1741 2977 1879 3037 cba-

337 3068 474 3127 ritas
499 3068 620 3141 Dei,
638 3071 702 3127 ut
720 3068 1007 3128 mandata
1031 3069 1160 3142 ejus
1184 3059 1608 3128 custodiamus.
1633 3090 1662 3125 n

838 3229 1125 3286 Articulus
1162 3230 1377 3286 tertius.

403 3359 701 3427 Quantum
727 3355 807 3415 ad
835 3354 1099 3427 tertium,
1129 3353 1440 3412 subditur:
1473 3356 1596 3415 Non
1620 3371 1704 3413 me
1731 3356 1882 3415 dere-

334 3453 581 3525 linquas,
628 3450 800 3525 quasi
846 3449 1104 3508 diceret:
1148 3452 1278 3507 Non
1321 3448 1700 3523 derelinquas
1747 3465 1879 3522 me,
1931 3496 1936 3502 .

333 3544 732 3605 confidentem
758 3543 834 3602 de
860 3548 939 3616 te,
969 3558 1094 3601 non
1121 3542 1196 3600 de
1215 3558 1334 3600 me.
1357 3545 1503 3600 Ecce
1523 3542 1883 3602 confidentia

333 3640 412 3698 de
439 3640 652 3699 virtute
685 3638 910 3697 divina.
939 3636 1229 3696 Associari
1251 3652 1290 3694 a
1309 3639 1428 3694 Deo
1455 3636 1616 3710 petit,
1639 3637 1781 3711 quia
1807 3637 1884 3698 de

332 3734 439 3792 illo
482 3733 748 3793 confidit.
779 3735 844 3790 Et
883 3736 1059 3803 nota,
1103 3730 1274 3804 quod
1313 3729 1389 3787 de
1432 3732 1552 3788 Deo
1595 3731 1886 3790 debemus

333 3827 665 3899 confidere,
708 3825 875 3901 quod
901 3840 1026 3883 non
1057 3822 1430 3899 derelinquet
1468 3839 1580 3881 nos
1605 3824 1670 3882 in
1695 3828 1883 3885 tenta-

332 3924 528 3997 tione,
569 3922 783 3998 triplici
828 3922 1058 3980 ratione
1091 3936 1107 3976 :
1156 3921 1354 3993 utpote
1393 3919 1623 3977 ratione
1668 3920 1885 3980 divinoe

333 4020 642 4094 potentioe,
674 4016 905 4077 ratione
945 4014 1163 4073 divina:
1201 4012 1534 4093 sapientioe,
1563 4016 1621 4072 et
1656 4015 1886 4074 ratione

335 4115 555 4175 divinae
595 4110 1046 4173 benevolentiae.
1083 4111 1163 4167 De
1197 4108 1394 4182 primo
1431 4108 1453 4143 ⁸
1484 4125 1500 4165 :
1540 4127 1569 4162 α
1611 4110 1886 4169 Invocavi

334 4211 654 4271 Dominum
674 4211 905 4268 Patrem
930 4204 1164 4264 Domini
1188 4201 1329 4277 mei,
1349 4206 1415 4261 ut
1439 4219 1567 4262 non
1592 4220 1689 4263 me
1718 4204 1887 4265 dere-

333 4306 568 4379 linquat
603 4305 666 4361 in
701 4304 798 4362 die
833 4300 1231 4361 tribulationis
1267 4316 1435 4360 meae.
1476 4319 1504 4355 n
1549 4302 1661 4360 lsta
1695 4301 1885 4363 confi-

335 4399 539 4457 dentia
564 4398 846 4457 fundatur
878 4398 943 4455 in
983 4396 1187 4455 divina
1217 4394 1509 4469 potentia,
1541 4395 1693 4454 sicut
1726 4400 1889 4471 patet

335 4508 411 4551 ex
428 4492 692 4565 nomine,
714 4492 857 4567 quia
874 4494 1130 4549 nonninus
1150 4491 1237 4546 est
1254 4503 1478 4547 nomen
1492 4489 1789 4563 potentiae.
1808 4493 1886 4550 De

333 4588 634 4647 secundo⁷
660 4605 676 4643 :
705 4604 735 4640 α
761 4590 882 4658 Ego
909 4585 1192 4644 Dominus
1224 4582 1543 4643 exaudiam
1574 4601 1677 4643 eos
1687 4606 1705 4659 3
1736 4589 1889 4647 Deus

337 4683 652 4743 lsi-aelnon
672 4677 1084 4753 derelinquam
1099 4694 1222 4738 eos.
1236 4699 1264 4735 n
1285 4680 1544 4737 Dominus
1561 4683 1647 4738 est
1662 4696 1885 4740 nomen

335 4776 635 4852 potentioe3
689 4778 832 4831 Deus
885 4776 1084 4832 autem
1138 4776 1224 4832 est
1273 4789 1497 4833 nomen
1552 4775 1887 4850 sapientias,

337 4872 562 4929 dictum
607 4886 645 4929 a
689 4875 894 4940 θεωριω,
933 4866 1103 4941 quod
1141 4869 1229 4925 est
1264 4869 1420 4926 video
1456 4868 1554 4926 vel
1588 4871 1886 4929 considero,

341 4967 503 5025 Unde
539 4966 649 5024 ista
688 4963 910 5022 fiducia
943 4961 1226 5021 fundatur
1263 4961 1326 5019 in
1373 4962 1578 5022 divina
1621 4965 1889 5038 potentia

341 5064 399 5118 et
433 5059 738 5135 sapientia.
781 5061 863 5116 De
903 5057 1074 5117 tertio
1104 5056 1163 5113 ⁸:
1199 5075 1230 5112 α
1256 5056 1539 5129 Ostende,
1580 5058 1724 5133 quia
1763 5075 1888 5119 non

343 5154 704 5229 derelinquis
729 5157 1146 5228 proesumentes
1173 5154 1247 5213 de
1275 5158 1362 5227 te,
1393 5159 1450 5213 et
1473 5162 1889 5232 praesumentes

345 5249 420 5309 de
455 5266 519 5308 se
557 5251 616 5308 et
658 5248 736 5307 de
770 5264 880 5308 sua
913 5249 1126 5308 virtute
1165 5249 1487 5323 gloriantes
1524 5253 1823 5315 humilias.
1853 5275 1882 5311 n

416 5380 427 5409 ¹
460 5376 627 5442 Apoc„
656 5386 778 5439 111,
811 5379 859 5428 8.
888 5403 950 5413 -
973 5376 997 5412 ¹
1023 5377 1198 5441 apoc„
1233 5386 1352 5440 xvi,
1381 5381 1460 5428 15.
1483 5404 1544 5418 --
1571 5380 1595 5416 ⁸
1620 5381 1802 5445 Emesa,
1828 5395 1887 5447 ιι,

348 5450 425 5500 21.
454 5474 515 5488 -
541 5450 559 5479 ⁴
587 5449 745 5511 Rom„
773 5458 892 5511 xm,
927 5450 1001 5498 19.
1032 5475 1091 5485 -
1126 5450 1149 5483 δ
1177 5449 1193 5498 1
1218 5448 1386 5511 loen„
1417 5461 1465 5512 v,
1497 5452 1545 5500 3.
1571 5476 1636 5490 -
1670 5454 1690 5483 ⁶
1711 5454 1886 5517 Eccli„

3409 477 3526 539 329

1981 615 2094 672 Ista
2121 627 2246 671 non
2274 610 2670 671 derelictionis
2694 609 2921 668 fiducia
2937 608 3220 669 fundatur
3238 609 3303 667 in
3325 608 3529 668 divina

1981 707 2419 779 benevolentia,
2438 723 2567 782 quae
2583 721 2707 764 non
2726 703 3085 781 derelinquit
3108 701 3527 781 praesumentes

1983 801 2058 860 de
2086 818 2181 873 se,
2208 800 2274 859 id
2299 802 2414 874 est,
2444 801 2519 859 de
2547 815 2657 858 sua
2681 798 2966 858 bonitate.

2468 959 2750 1016 Articulus
2789 963 3036 1031 quartus.

2052 1087 2348 1155 Quantum
2375 1085 2456 1143 ad
2484 1088 2790 1159 quartum,
2833 1084 3175 1158 subjungit:
3222 1088 3527 1158 Usquequa-

1982 1197 2114 1252 que,
2142 1196 2211 1237 ac
2238 1180 2289 1236 si
2320 1179 2479 1238 dicat
2513 1182 2745 1253 aperte:
2774 1181 2902 1237 Non
2928 1195 3025 1236 me
3053 1178 3434 1254 derelinquas
3461 1180 3524 1238 in

1980 1275 2300 1333 tentatione
2344 1289 2804 1349 usquequaque;
2853 1272 3072 1332 scilicet
3111 1273 3339 1348 absque
3378 1290 3529 1349 qua-

1982 1384 2240 1443 cumque
2302 1369 2704 1443 protectione,
2766 1383 3082 1442 usquequo
3138 1367 3410 1428 deficiam
3463 1368 3527 1428 in

1983 1480 2199 1538 agone.
2229 1467 2373 1522 Ecce
2412 1462 2742 1521 diffidentia
2779 1462 2855 1520 de
2883 1461 3092 1520 virtute
3130 1465 3431 1522 humana:
3470 1469 3528 1524 et

1980 1563 2145 1631 nota,
2171 1558 2339 1633 quod
2364 1558 2440 1616 de
2466 1562 2669 1616 nostra
2698 1556 2986 1615 debemus
3010 1557 3225 1616 virtute
3252 1558 3521 1618 diffidere

1983 1658 2041 1713 et
2065 1654 2294 1724 timere,
2321 1669 2398 1711 ne
2415 1652 2565 1711 forte
2586 1651 2931 1710 deficiamus
2948 1667 2986 1709 a
3003 1651 3216 1726 triplici
3241 1652 3482 1712 veritate
3508 1673 3522 1711 :

1981 1749 2258 1808 videlicet
2283 1767 2320 1809 a
2347 1750 2588 1808 veritate
2606 1750 2769 1823 vitas,
2800 1765 2837 1807 a
2860 1749 3105 1807 veritate
3129 1749 3440 1821 doctrinae,
3468 1753 3526 1809 et

1983 1861 2021 1904 a
2046 1846 2287 1904 veritate
2307 1844 2583 1919 Justitiae:
2631 1861 2667 1902 a
2704 1844 2932 1919 prima,
2958 1859 3067 1918 per
3091 1843 3490 1903 infirmitatem
3504 1865 3522 1917 ;

1984 1956 2022 1998 a
2046 1939 2334 2012 secunda,
2371 1955 2479 2014 per
2511 1939 2864 2010 caecitatem,
2901 1942 2959 1997 et
2997 1954 3036 1996 a
3074 1938 3241 1997 tertia
3277 1955 3385 2013 per
3419 1939 3528 1996 ini-

1983 2035 2292 2110 quitatem.
2321 2037 2400 2091 De
2427 2033 2622 2108 prima
2645 2035 2696 2090 ²:
2724 2053 2754 2087 α
2780 2032 3127 2092 Humiliatus
3152 2049 3287 2091 sum
3314 2049 3528 2108 usque-

1985 2144 2248 2204 quaque,
2270 2127 2515 2187 Domine
2534 2144 2549 2184 :
2568 2126 2809 2185 vivifica
2820 2142 2917 2185 me
2932 2126 3260 2186 secundum
3277 2128 3528 2187 verbum

1984 2229 2185 2294 tuum,
2213 2243 2242 2278 »
2276 2222 2445 2298 quasi
2473 2220 2667 2281 dicat:
2706 2221 3055 2280 Humiliatus
3092 2238 3224 2281 sum
3265 2238 3339 2280 ex
3364 2223 3529 2280 infir·

1985 2317 2217 2376 mitate:
2240 2317 2479 2375 vivifica
2504 2331 2601 2375 me
2627 2316 2763 2375 vitae
2777 2315 3042 2375 veritate.
3066 2319 3144 2375 De
3167 2316 3429 2375 secunda
3453 2317 3527 2375 ¹⁰:

1994 2430 2025 2466 α
2053 2415 2135 2469 Ne
2172 2411 2405 2471 auferas
2440 2410 2517 2469 de
2555 2427 2659 2470 ore
2697 2427 2833 2470 meo
2861 2411 3115 2470 verbum
3148 2411 3408 2469 veritatis
3433 2427 3533 2468 us-

1988 2520 2377 2580 quequaque,
2420 2525 2449 2560 »
2486 2503 2704 2563 scilicet
2746 2520 2823 2564 ne
2864 2505 3139 2564 deficiam
3180 2521 3218 2563 a
3252 2504 3533 2564 doctrinoe

1987 2599 2253 2669 veritate,
2284 2614 2358 2656 ex
2385 2599 2735 2671 ignorantiae
2775 2599 3054 2657 caecitate.
3094 2602 3174 2657 De
3202 2599 3370 2657 tertia
3406 2615 3533 2657 rur-

1987 2710 2086 2751 sus
2114 2693 2195 2752 ait
2212 2693 2374 2751 idem
2391 2693 2886 2769 psalmographus
2904 2693 3131 2752 ibidem
3152 2694 3194 2731 ¹¹
3209 2710 3265 2749 :a
3286 2693 3535 2767 Superbi

1987 2788 2192 2862 inique
2241 2788 2499 2860 agebant
2544 2803 2998 2862 usquequaque,
3032 2807 3061 2841 η
3109 2786 3282 2861 quasi
3335 2787 3530 2845 dicat:

1988 2881 2241 2955 Superbi
2260 2879 2617 2939 deficiebant
2638 2896 3069 2955 usquequaque
3094 2897 3132 2940 a
3153 2881 3395 2942 veritate
3411 2881 3537 2953 jus-

1988 2975 2148 3048 titiae,
2176 2991 2246 3034 ex
2273 2974 2578 3050 iniquitate
2601 2978 2772 3033 certae
2797 2974 3053 3034 malitia.

2529 3139 2533 3144 ’
2638 3140 2893 3208 Epilogus.

2061 3268 2209 3327 Dicit
2233 3283 2376 3341 ergo
2403 3266 2725 3341 Propheta,
2760 3269 3048 3341 tanquam
3080 3264 3246 3323 fortis
3276 3265 3532 3325 athleta:

1989 3356 2408 3434 iustificationes
2454 3364 2606 3433 tuas,
2662 3359 2883 3435 quibus
2929 3361 3191 3419 armatus
3244 3374 3381 3418 sum
3428 3375 3537 3434 per

1991 3461 2159 3515 tuam
2196 3454 2631 3530 providentiam
2642 3474 2661 3529 ;
2702 3456 3013 3515 Custodiam
3026 3496 3046 3527 ,
3087 3454 3385 3513 animatus
3427 3469 3539 3528 per

1994 3550 2447 3610 confidentiam:
2478 3552 2600 3611 Non
2624 3566 2708 3607 me
2734 3550 3098 3623 derelinquam,
3116 3551 3405 3624 tanquam
3428 3548 3536 3606 ha·

1992 3646 2235 3704 bentem
2260 3644 2323 3703 in
2346 3648 2401 3703 te
2426 3643 2740 3714 fiduciam
2777 3646 3194 3717 Usquequaquez,
3221 3659 3535 3719 usquequo

1996 3742 2270 3804 deficiam
2295 3745 2536 3818 propter
2562 3741 2791 3800 virtutis
2818 3756 2968 3800 mea:
2992 3739 3404 3802 diffidentiam.

2553 3966 2881 4012 vssusmuws
2907 3965 2987 4008 11.

2068 4130 2136 4183 In
2162 4140 2265 4199 quo
2293 4127 2520 4197 corrigit
2547 4125 2935 4184 adolescentior
2958 4127 3106 4183 viam
3126 4131 3321 4185 suam?
3345 4130 3453 4185 etc.
3478 4130 3540 4186 ln

2000 4220 2307 4279 octonario
2326 4218 2681 4295 praecedenti
2706 4218 2817 4277 fuit
2840 4219 3142 4294 proposita
3160 4219 3542 4279 beatitudinis

1997 4315 2097 4373 via
2125 4313 2611 4388 digredientibus,
2633 4329 2739 4372 seu
2761 4313 3288 4388 impoenitentibus:
3315 4314 3378 4371 in
3400 4330 3543 4388 pree·

1998 4410 2146 4467 senti
2174 4409 2481 4468 octonario
2519 4408 2874 4484 proponitur
2900 4407 3407 4482 regredientibus,
3436 4424 3541 4466 seu

1996 4504 2437 4578 poenitentibus.
2481 4504 2637 4562 Unde
2673 4503 2939 4579 profecto
2955 4545 2976 4574 ,
3020 4503 3170 4560 sicut
3207 4502 3544 4561 octonarius

1998 4597 2098 4656 ille
2127 4597 2447 4672 incipiebat
2487 4597 2564 4656 ab
2600 4597 2790 4672 Aleph
2829 4598 3049 4670 littera,
3087 4612 3221 4671 quae
3258 4597 3542 4670 interpre·
3571 4610 3728 4669 eleph.

1998 4695 2154 4751 tatur
2181 4692 2568 4751 tentationum
2599 4691 2810 4762 millia,
2836 4708 2945 4766 per
2971 4707 3106 4766 quse
3131 4692 3196 4748 fit
3223 4689 3542 4765 digressio,

1997 4786 2081 4845 sic
2108 4788 2214 4845 iste
2232 4804 2269 4846 a
2294 4788 2434 4847 Beth
2459 4786 2673 4860 littera,
2705 4803 2838 4861 quae
2864 4786 3275 4860 interpretatur
3302 4783 3540 4855 domus,
3572 4797 3702 4845 Beth.

2000 4882 2079 4940 ad
2101 4898 2283 4957 quam
2303 4882 2369 4940 fit
2387 4882 2696 4956 regressio.
2720 4884 2934 4939 Verum
2965 4880 3109 4956 quia
3124 4879 3542 4953 regredientes,

1999 4993 2104 5035 seu
2127 4975 2475 5052 poenitentes
2509 4976 2705 5051 primo
2747 4975 3042 5050 suspirant
3077 4991 3187 5050 per
3219 4988 3544 5048 compunc-

1998 5072 2242 5143 tionem,
2270 5072 2572 5144 postremo
2590 5070 2879 5142 respirant
2902 5085 3012 5143 per
3038 5069 3539 5128 consolationem:

1999 5164 2222 5223 idcirco
2246 5163 2627 5222 beatitudinis
2651 5164 2753 5222 via
2777 5163 3133 5238 proponitur
3160 5163 3323 5238 prius
3352 5164 3545 5239 suspi-

1998 5258 2297 5331 rantibus,
2344 5257 2494 5317 sicut
2533 5258 2594 5317 in
2634 5259 3014 5333 quaternario
3055 5259 3287 5334 primo:
3336 5262 3545 5335 postea

2001 5399 2072 5450 m,
2104 5389 2177 5438 14.
2196 5412 2258 5424 —
2279 5386 2302 5423 ‘¹
2321 5388 2445 5451 1261„
2472 5397 2579 5450 xm,
2613 5387 2690 5438 17.
2711 5411 2773 5426 -
2799 5386 2821 5422 ⁸
2842 5385 3044 5449 ludina,
3072 5398 3148 5450 vr,
3177 5391 3255 5440 15.
3278 5413 3342 5426 -
3362 5390 3381 5419 ⁹
3403 5386 3541 5439 Psal-

2000 5458 2121 5521 hoc,
2149 5460 2258 5509 ¹0⁸1.
2285 5484 2349 5497 -
2377 5460 2417 5497 ¹0
2443 5457 2591 5522 thid„
2625 5460 2703 5511 ⁴3.
2733 5483 2796 5497 -
2824 5459 2861 5495 ¹²
2895 5457 3046 5522 thid„
3074 5460 3153 5511 51.
