4196 6294
1584 435 1941 503 PSALMUS
1985 434 2244 503 CXVIII.

324 577 389 637 lit
415 578 432 611 ¹
463 583 547 635 2'«
572 579 788 649 Legem
811 573 1011 650 posuit
1038 574 1092 632 ei
1118 572 1182 631 in
1209 573 1338 645 via,
1371 588 1555 647 quam
1582 573 1758 646 elegit
1786 592 1801 630 ε
1828 593 1856 626 ι

325 687 459 730 ecce
485 670 634 744 legis
652 670 886 745 positio.
919 671 997 726 De
1024 667 1284 726 secundo
1302 669 1325 702 ²
1352 686 1367 725 ε
1397 687 1424 721 «
1442 667 1755 741 Accepistis
1783 666 1866 724 le·
1920 673 1923 676 ’

325 766 551 839 gemin
579 762 1062 838 dispositionibus
1089 762 1439 834 angelorum
1459 804 1472 829 ,
1503 767 1560 818 et
1585 778 1708 820 non
1735 778 1865 819 cus·

326 858 547 917 todistis
576 877 644 915 :n
677 874 809 916 ecce
831 857 980 929 legis
1007 857 1333 931 dispositio.
1366 859 1443 914 De
1470 856 1639 914 tertio
1661 857 1683 892 ⁸
1713 873 1727 911 ε
1762 875 1790 909 α
1808 853 1867 912 Si

328 951 522 1026 legem
545 951 823 1026 perficitis
844 943 1105 1024 regalem
1136 951 1466 1009 secundum
1491 949 1815 1024 Scripturas
1848 967 1862 1004 :

330 1046 545 1119 Diliges
573 1045 913 1120 proximum
939 1049 1110 1103 tuum
1132 1045 1282 1104 sicut
1311 1046 1558 1120 teipsum
1579 1086 1598 1115 ,
1631 1042 1871 1101 benefa-

332 1139 477 1197 citis.
500 1158 531 1193 ιι
563 1142 707 1197 Ecce
733 1139 881 1211 legis
905 1139 1207 1213 perfectio,

817 1298 1100 1353 Articulus
1136 1303 1383 1368 quartus.

406 1425 578 1482 Actus
606 1421 930 1494 aggerandi
972 1421 1347 1487 subauditur,
1387 1436 1525 1478 cum
1554 1419 1828 1478 subditur
1856 1437 1872 1475 ε

281 1545 295 1561 ·
338 1520 513 1589 Mihi,
542 1521 828 1591 tanquam
855 1517 1002 1591 legis
1038 1533 1221 1592 opera
1264 1516 1533 1591 operanti
1554 1560 1573 1588 ,
1603 1519 1660 1573 et
1695 1531 1879 1589 opera

340 1612 618 1687 operibus
644 1611 967 1684 aggeranti.
996 1615 1061 1669 Et
1080 1616 1251 1685 nota,
1273 1611 1442 1687 quod
1466 1611 1753 1687 operatio,
1784 1610 1881 1667 vel

342 1723 590 1782 operum
616 1706 915 1780 aggeratio
941 1706 1244 1765 meritoria
1269 1706 1508 1780 respicit
1533 1706 1645 1764 tria
1663 1705 1880 1762 virium

341 1800 686 1858 animalium
715 1800 989 1859 exercitia
1019 1818 1034 1856 ε
1069 1799 1346 1858 videlicet
1371 1799 1716 1868 irascibiIiS,
1747 1815 1882 1856 con-

343 1893 702 1969 cupiscibilis
723 1936 743 1965 ,
791 1898 849 1951 et
899 1894 1289 1952 rationabilis
1337 1898 1645 1952 Exercetur
1686 1898 1884 1951 autem

342 1990 432 2048 vis
457 1988 764 2046 irascibilis
773 2030 793 2061 ,
823 1987 936 2045 sub
966 1992 1084 2047 Deo
1112 1988 1360 2047 viriliter
1384 1988 1727 2061 militand03
1750 2003 1886 2046 con·

346 2083 731 2159 cupiscihilis,
760 2081 856 2141 'ad
901 2083 1216 2141 Dominum
1257 2083 1559 2141 humiliter
1587 2082 1890 2140 clamitan-

346 2180 461 2250 do;
491 2178 889 2250 rationabilia,
920 2195 1054 2254 quoe
1082 2179 1181 2238 Dei
1209 2182 1376 2250 sunt,
1404 2179 1696 2237 subtiliter
1727 2179 1891 2251 cogi-

345 2275 550 2333 tando.
584 2274 679 2331 Vis
719 2274 925 2332 audire
954 2272 1318 2332 irascibilem
1348 2273 1593 2332 viriliter
1638 2272 1893 2331 militan-

348 2371 501 2427 tem?
529 2367 683 2427 Audi
709 2368 1062 2442 prophetam
1088 2367 1439 2442 psallentem
1458 2367 1480 2403 ⁸
1506 2386 1520 2425 :
1550 2387 1577 2422 α
1603 2369 1767 2442 Saepe
1794 2383 1894 2425 ex-

346 2465 763 2537 pugnaverunt
788 2478 886 2519 me
915 2478 952 2519 a
972 2462 1278 2533 juventute
1320 2478 1486 2532 mea,
1527 2463 1743 2521 etenim
1770 2478 1894 2520 non

348 2562 668 2635 potuerunt
707 2559 886 2632 mihi,
916 2581 945 2612 υ
992 2560 1161 2635 quasi
1187 2560 1430 2619 viriliter
1463 2561 1755 2620 militanti.
1800 2562 1896 2618 Vis

349 2654 556 2713 audire
586 2653 1110 2728 concupiscibilem
1133 2655 1432 2714 humiliter
1460 2654 1895 2713 clamitantem?

284 2737 289 2742 ’
350 2747 501 2807 Audi
547 2747 914 2806 psalmistam
957 2747 1248 2807 dicentem
1279 2750 1301 2784 ⁸
1335 2767 1350 2805 ε
1386 2769 1416 2804 α
1442 2750 1594 2807 Voce
1644 2765 1779 2808 mea
1819 2749 1898 2808 ad

353 2843 668 2900 Dominum
695 2841 984 2912 clamavi,
1032 2857 1181 2900 voce
1210 2858 1346 2900 mea
1371 2842 1452 2900 ad
1478 2845 1692 2916 Deum,
1723 2847 1782 2902 et
1806 2843 1896 2901 in-

352 2936 538 2994 tendit
569 2936 747 3006 mihi,
793 2956 821 2990 n
869 2936 1041 3009 quasi
1080 2936 1377 2993 humiliter
1417 2936 1762 2996 clamitanti.
1803 2938 1900 2995 Vis

356 3029 532 3087 etiam
580 3029 785 3088 audire
838 3030 1257 3088 rationabilem
1301 3030 1593 3090 subtiliter
1642 3033 1902 3106 cogitan-

356 3126 515 3182 tem?
551 3123 700 3182 Audi
737 3123 1268 3198 psalmographum
1317 3124 1400 3182 sic
1447 3125 1801 3185 scribentem
1829 3128 1850 3163 ⁶
1881 3147 1895 3186 :

363 3237 392 3271 α
418 3222 560 3276 Ecce
590 3218 750 3276 enim
785 3218 1093 3276 veritatem
1123 3218 1377 3276 dilexisti
1395 3261 1412 3290 ,
1457 3219 1677 3280 incerta
1713 3224 1771 3280 et
1799 3238 1900 3279 oc—

358 3313 516 3370 culta
541 3312 840 3387 sapientias
865 3315 981 3371 tuas
1030 3312 1411 3372 manifestasti
1467 3314 1615 3373 mihi
1633 3359 1649 3387 ,
1682 3336 1710 3369 n
1731 3318 1903 3391 quasi

358 3406 648 3465 subtiliter
675 3406 978 3480 cogitanti.

1004 3568 1264 3635 Epilogus.

434 3692 776 3750 Ostensurus
828 3704 972 3763 ergo
1026 3689 1522 3766 psalmographus
1544 3735 1559 3762 ,
1617 3696 1905 3766 quantum

364 3786 644 3843 virtutum
679 3785 1077 3843 amoenitatem
1123 3784 1357 3857 diligat,
1393 3801 1527 3843 cum
1572 3785 1788 3844 divinae
1824 3786 1905 3843 si-

364 3881 714 3939 militudinis
741 3881 1177 3956 reparationem
1217 3896 1341 3938 non
1376 3880 1673 3954 negligat,
1716 3883 1907 3941 inten-

368 3975 591 4034 tionem
616 3991 788 4033 suam
812 3991 920 4049 per
946 3974 1087 4032 talia
1126 3975 1313 4033 verba
1343 3975 1603 4034 declarat
1632 3994 1645 4032 :
1679 3979 1729 4034 A
1749 3978 1909 4048 ,iudi-

369 4072 471 4125 ciis
499 4072 608 4126 tuis
626 4111 641 4139 ‚
672 4068 894 4142 quibus
920 4069 1137 4127 scilicet
1156 4069 1432 4142 judicasti
1461 4069 1908 4129 similitudinem

369 4167 532 4220 tuam
559 4158 631 4219 ex‘
648 4161 950 4220 habitibus
974 4163 1239 4237 reparari
1260 4181 1279 4235 3
1309 4165 1364 4221 N
1365 4180 1432 4221 on
1457 4164 1748 4233 declinavi,
1774 4180 1912 4238 pro-

370 4254 633 4314 hibendo
675 4256 895 4314 scilicet
926 4255 1165 4315 habitus
1214 4273 1283 4315 ex
1329 4257 1557 4316 actibus
1607 4258 1907 4333 generari;

373 4351 517 4419 Quia
558 4355 619 4406 tu
640 4353 875 4422 posuisti
903 4352 1098 4423 legem,
1141 4355 1304 4409 actus
1350 4352 1633 4410 virtutum
1661 4368 1909 4427 operan-

374 4449 529 4517 tem3
559 4446 703 4503 Mihi
718 4486 739 4516 ,
765 4448 832 4503 ut
861 4447 1025 4503 actus
1051 4444 1280 4503 actibus
1310 4460 1677 4519 aggerarem.
1712 4522 1724 4533 .

913 4669 1253 4715 vnstcums
1290 4670 1388 4713 vn.

451 4830 573 4886 103.
607 4826 782 4895 Quam
818 4826 1003 4883 dulcia
1027 4827 1276 4895 saucibus
1309 4829 1474 4893 meis,
1505 4829 1613 4885 etc.
1649 4828 1713 4884 In
1749 4841 1920 4885 versu

382 4920 685 4996 superiore
724 4920 990 4978 vidimus
1029 4919 1320 4979 fervidam
1358 4920 1696 4979 charitatem
1718 4963 1738 4994 ,
1778 4936 1921 4979 con-

384 5015 688 5073 scientiam
714 5019 1107 5085 serenantem,
1134 5012 1408 5072 faciendo
1432 5013 1711 5073 virtutum
1739 5030 1922 5073 amoe·

384 5109 625 5168 nitatem
652 5108 858 5168 amari.
889 5112 955 5168 ln
989 5123 1195 5166 versus
1221 5107 1395 5182 hujus
1421 5111 1623 5167 tenore
1651 5108 1926 5167 videmus

387 5202 651 5261 eamdem
708 5201 772 5260 id
820 5202 977 5260 idem
1004 5203 1381 5276 operantem,
1411 5201 1682 5262 faciendo
1709 5203 1925 5261 summi

453 5329 471 5364 ¹
500 5327 637 5380 psal.
671 5340 814 5393 xxvi,
844 5333 920 5382 ll.
951 5354 1006 5365 -
1037 5328 1056 5359 ²
1084 5328 1217 5390 Aet„
1248 5339 1342 5392 vu,
1370 5329 1450 5378 ⁵3.
1478 5355 1541 5369 —
1573 5329 1593 5361 ⁸
1621 5329 1748 5395 lae„
1779 5343 1848 5392 ιι,
1878 5333 1925 5382 8.

391 5423 451 5437 -
477 5400 494 5430 ⁴
524 5399 661 5451 psal.
687 5412 917 5464 oxum,
956 5403 999 5451 2.
1037 5427 1091 5436 -
1136 5400 1154 5429 ⁵
1187 5398 1326 5451 Psal.
1358 5410 1539 5463 mxu,
1581 5404 1626 5450 2.
1655 5428 1718 5440 —
1742 5401 1764 5437 ⁸
1788 5401 1927 5452 Psal.

665 5507 815 5555 ‘rom
857 5507 942 5556 11.

3396 436 3514 498 449

1970 573 2117 631 boni
2146 570 2525 630 dulcedinem
2546 570 2912 644 praegustari.
2944 567 3170 639 Quaeris
3190 611 3209 640 ,
3237 583 3360 643 quo
3387 583 3517 626 mo-

1972 668 2052 726 do
2070 670 2101 723 ‘l
2145 665 2484 740 Aliquando
2531 681 2669 723 cum
2717 665 2967 724 Domino
3011 663 3313 739 epulando
3332 708 3352 737 ,
3401 664 3518 721 ali-

1973 761 2217 835 quando
2272 760 2588 818 Dominum
2643 759 2994 819 osculando.
3057 761 3202 818 Cum
3264 758 3517 818 Domino

1976 855 2269 928 epulatur,
2299 855 2404 929 qui
2429 855 2661 912 bonum
2690 870 2945 928 operans
2982 854 3046 911 in
3086 853 3335 912 Domino
3376 868 3519 926 gra-

1974 949 2214 1007 tulatur.
2237 948 2553 1006 Dominum
2572 947 2890 1018 osculatur,
2913 947 3017 1021 qui
3035 948 3265 1005 bonum
3279 963 3520 1021 sperans

1977 1042 2091 1117 ipsi
2121 1043 2386 1118 quodam
2414 1042 2600 1101 modo
2625 1042 2957 1116 copulatur.
2985 1041 3145 1100 Sicut
3171 1046 3368 1100 autem
3391 1039 3519 1100 fau·

1980 1139 2149 1196 cibus
2186 1138 2466 1213 competit
2505 1136 2732 1212 epulari
2753 1181 2772 1210 ‚
2802 1137 2886 1194 sic
2915 1137 3004 1194 ori
3046 1138 3319 1211 congruit
3349 1152 3522 1196 oscu-

1979 1233 2111 1291 lari.
2130 1234 2257 1290 Haec
2272 1233 2494 1306 duplex
2505 1231 2880 1307 praegustatio
2894 1231 2956 1289 in
2974 1232 3221 1306 mystico
3238 1232 3527 1306 reperitur

1984 1326 2227 1400 eloquio
2241 1369 2260 1398 ,
2285 1326 2676 1401 tropologice,
2705 1326 2804 1383 vel
2833 1325 3157 1399 anagogice
3186 1324 3525 1384 declarato:

1984 1422 2129 1497 quia
2163 1422 2501 1496 tropologia
2549 1420 2808 1480 declarat
2845 1422 3078 1479 bonum
3116 1421 3525 1496 operandum,
3605 1447 3770 1501 ‘tmpo-

1986 1517 2109 1574 sive
2143 1516 2398 1575 fructum
2425 1517 2692 1588 virtutis,
2731 1516 2899 1591 quod
2935 1519 3020 1574 est
3051 1515 3224 1574 dulce
3258 1514 3530 1573 faucibus
3557 1508 3694 1565 ¹⁰8¹*

1988 1610 2279 1687 epulantis
2296 1632 2313 1684 ;
2351 1612 2672 1685 anagogia?
2694 1610 2982 1668 dilucidat
3022 1610 3252 1667 bonum
3297 1625 3532 1684 speran-
3600 1632 3777 1690 um.

1989 1707 2167 1779 dum,
2220 1707 2342 1764 sive
2383 1706 2636 1764 fructum
2671 1704 2875 1764 salutis
2894 1748 2912 1777 ,
2965 1704 3133 1779 quod
3178 1703 3531 1779 superdulce
3562 1698 3654 1754 8¹⁸·

1991 1803 2081 1859 ori
2110 1800 2472 1874 dignoscitur
2500 1799 2836 1858 osculantis.
2867 1799 3179 1857 Declarans
3207 1814 3349 1871 ergo
3377 1796 3533 1856 psal-

1991 1896 2358 1970 mographus
2383 1911 2491 1969 per
2510 1912 2660 1971 quas
2679 1895 2808 1952 vias
2830 1894 3169 1969 pervenitur
3193 1894 3273 1951 ad
3297 1894 3407 1951 has
3435 1892 3535 1949 de-

1993 1989 2160 2048 licias
2187 1989 2392 2064 (quia‚
2424 2005 2532 2063 per
2579 1988 3014 2063 tropologicam
3063 1993 3119 2046 et
3146 1986 3538 2061 anagogicam

1994 2084 2283 2153 theoriaS,
2311 2083 2619 2142 devenitur
2646 2083 2727 2141 ad
2751 2084 3114 2159 epulationes
3141 2087 3198 2142 et
3223 2082 3537 2142 osculatio-

1997 2195 2103 2236 nes
2127 2178 2585 2254 praelibatorias)
2600 2222 2618 2250 ,
2637 2179 2717 2236 ait
2735 2178 2818 2237 ita
2845 2179 3054 2247 :Quam
3081 2179 3266 2236 dulcia
3287 2179 3540 2249 saucibus

1998 2277 2166 2344 meis,
2199 2277 2330 2346 etc.;
2360 2288 2430 2331 ac
2455 2273 2503 2330 si
2542 2265 2700 2331 dicat
2736 2277 2936 2347 aperte
2966 2293 2981 2331 ε
3013 2271 3215 2330 Dulcia
3255 2275 3390 2330 sunt
3415 2272 3539 2330 elo-

1999 2367 2144 2441 quia
2184 2367 2439 2424 fructum
2482 2366 2711 2426 virtutis
2757 2366 3098 2441 eloquentia
3125 2382 3261 2424 cum
3290 2364 3573 2423 Domino‘

2003 2460 2292 2536 epulanti;
2322 2461 2429 2518 sed
2470 2460 2850 2535 superdulcia
2885 2461 3142 2519 fructum
3183 2460 3384 2519 salutis
3428 2460 3548 2519 elo-

2003 2555 2247 2629 quentia
2292 2555 2608 2613 Dominum
2649 2555 2957 2614 osculanti.
3012 2558 3156 2613 Ecce
3203 2554 3327 2613 duo
3379 2554 3549 2613 modi

2005 2649 2251 2722 mystica
2282 2649 2521 2724 eloquia
2561 2651 2932 2725 exponendi,
2962 2651 3181 2710 scilicet
3222 2651 3549 2727 tropologi-

2006 2759 2112 2801 cus
2129 2787 2148 2816 ,
2178 2747 2237 2801 et
2262 2743 2655 2817 anagogicus;
2683 2749 2740 2804 et
2759 2745 3006 2805 totidem
3034 2746 3251 2804 summi
3279 2745 3424 2804 boni
3454 2744 3553 2804 de-

2005 2837 2172 2911 licias
2197 2839 2582 2912 prtelibandi‚
2613 2839 2890 2899 videlicet
2923 2841 3320 2915 epulatoriuS,
3374 2843 3431 2899 et
3455 2856 3551 2898 os-

2008 2933 2353 3006 culatoriuS,
2380 2950 2535 3009 quos
2556 2934 2854 3008 eleganter
2873 2934 3173 3010 eloquitur
3191 2935 3297 2993 iste
3323 2950 3550 2993 versus.

2507 3095 2787 3152 Articulus
2819 3098 3051 3168 primus.

2081 3220 2378 3288 Quantum
2398 3218 2476 3277 ad
2499 3219 2760 3293 primum
2779 3221 3117 3297 exponendi
3134 3221 3384 3280 modum
3401 3222 3558 3298 psal·

2010 3311 2150 3370 litur
2175 3330 2189 3368 ε
2213 3313 2387 3380 Quam
2414 3313 2598 3371 dulcia
2618 3317 2835 3388 eloquia
2857 3320 2987 3373 tua!
3009 3319 3135 3374 llaec
3157 3320 3294 3374 sunt
3315 3317 3557 3392 eloquia

2012 3405 2092 3463 ad
2135 3406 2537 3480 tropologiam
2581 3408 2933 3483 pertinentia
2951 3453 2971 3482 ,
3014 3425 3147 3485 quas
3187 3415 3324 3469 sunt
3361 3409 3558 3471 dulcia

2014 3504 2070 3557 et
2095 3499 2494 3560 dulcificantia
2513 3546 2533 3574 ,
2563 3503 2704 3577 quia
2732 3504 2936 3562 dulces
2961 3520 3160 3562 mores
3181 3504 3554 3564 aedificantia.

2013 3594 2128 3653 Sed
2155 3599 2298 3653 nota
2316 3638 2335 3667 ,
2367 3597 2535 3671 quod
2560 3596 2713 3655 inter
2733 3598 2858 3656 hoec
2882 3598 3081 3657 dulcia
3103 3599 3315 3675 triplex
3342 3600 3559 3674 legitur

2017 3688 2347 3749 differentia
2378 3710 2391 3748 ε
2426 3695 2561 3750 sunt
2593 3692 2752 3750 enim
2782 3693 2982 3752 dulcia
3004 3693 3311 3768 infectiva,
3341 3695 3556 3755 seduc·
3649 3721 3800 3765 num.

2016 3782 2172 3854 tiva,
2203 3787 2258 3841 et
2294 3787 2727 3858 praegustativa.
2776 3788 2968 3845 prima
3006 3789 3370 3862 respondent
3410 3789 3557 3848 deli·
3599 3784 3783 3891 ἕξω·

2017 3876 2228 3951 ciosis;
2259 3879 2553 3953 secunda,
2584 3880 2962 3939 contentiosis
2985 3901 3003 3954 3
3030 3881 3235 3954 tertia,
3262 3884 3553 3956 gratiosis.
3668 3877 3681 3890 ’

2019 3976 2212 4034 prima
2247 3975 2504 4037 dulcedo
2550 3979 2764 4053 legitur
2793 3981 2816 4016 ‘¹
2848 3998 2862 4037 :
2912 3999 2941 4033 α
2983 3980 3362 4040 prudentiam
3407 3997 3560 4042 voca

2019 4070 2274 4129 amicam
2299 4075 2492 4145 tuam,
2521 4075 2589 4130 ut
2622 4072 2915 4131 custodiat
2939 4077 2993 4131 te
3023 4090 3059 4131 a
3084 4074 3333 4134 muliere
3370 4081 3561 4135 extra-

2016 4181 2170 4237 nea,
2200 4173 2257 4225 et
2281 4167 2359 4225 ab
2388 4166 2616 4240 aliena,
2646 4187 2675 4222 ι)
2707 4166 2774 4225 id
2800 4171 2923 4240 est,
2972 4169 3267 4242 saeculari,
3295 4171 3393 4229 vel
3419 4171 3564 4230 irre-

2021 4260 2271 4335 ligiosa,
2315 4280 2344 4316 α
2373 4278 2504 4336 quas
2543 4262 2730 4320 verba
2766 4277 2872 4320 sua
2914 4260 3055 4320 facit
3095 4262 3335 4323 dulcia:
3367 4287 3395 4319 »
3429 4281 3564 4325 ecce

2023 4354 2280 4414 dulcedo
2314 4354 2607 4414 infectiva.
2649 4355 2920 4415 Secunda
2965 4355 3223 4415 dulcedo
3267 4358 3563 4430 scribitur,

2022 4448 2131 4508 ubi
2159 4448 2371 4508 dicitur
2393 4449 2471 4508 ab
2501 4449 2784 4526 Apostolo
2809 4451 2831 4486 ⁸
2863 4470 2877 4508 :
2912 4469 2942 4505 α
2965 4453 3133 4525 Rogo
3159 4467 3306 4523 voS,
3335 4452 3564 4528 fratres,

2026 4549 2090 4601 ut
2120 4543 2442 4603 observetis
2486 4561 2588 4605 eos
2606 4589 2625 4620 ,
2669 4546 2774 4622 qui
2803 4545 3198 4606 dissensiones
3224 4553 3282 4607 et
3320 4549 3571 4609 offendi-

2028 4638 2193 4711 cula,
2222 4642 2433 4714 praeter
2470 4639 2822 4713 doctrinam,
2870 4656 3054 4716 quam
3097 4657 3207 4701 vos
3250 4642 3533 4703 didicistis
3551 4689 3570 4717 ,

2028 4731 2280 4802 faciunt,
2302 4736 2362 4790 et
2387 4733 2674 4791 declinate
2696 4734 2775 4792 ab
2801 4733 2938 4791 illis.
2969 4735 3389 4807 nujuscemodi
3413 4737 3573 4795 enim

2030 4827 2256 4885 Christo
2285 4827 2535 4885 Domino
2563 4844 2688 4885 non
2732 4828 3035 4900 serviunt,
3064 4828 3169 4888 sed
3195 4830 3385 4889 ventri
3413 4812 3522 4890 suo
3553 4849 3569 4889 ε

2033 4924 2089 4979 et
2114 4937 2223 4996 per
2251 4920 2454 4979 dulces
2477 4938 2778 4980 sermones
2806 4924 2864 4980 et
2893 4921 3369 4998 benedictiones,
3400 4925 3575 4986 sedu-

2034 5020 2176 5075 cunt
2200 5016 2383 5075 corda
2409 5018 2830 5077 innocentium.
2847 5039 2878 5073 n
2910 5022 3054 5078 Ecce
3085 5017 3342 5079 dulcedo
3367 5022 3579 5083 seduc-

2036 5111 2174 5170 tiva.
2220 5111 2407 5170 Tertia
2450 5111 2708 5171 dulcedo
2756 5114 3054 5189 tangitur⁹
3085 5131 3100 5169 :
3136 5133 3166 5168 ι
3191 5113 3349 5173 Siout
3391 5119 3579 5180 modo

2038 5204 2219 5279 geniti
2244 5204 2495 5265 infantes
2523 5207 2906 5270 rationabiles
2925 5256 2944 5285 ,
2975 5216 3100 5275 sine
3139 5214 3285 5275 dolo
3309 5214 3406 5275 lac
3435 5232 3580 5275 con·

2037 5343 2098 5396 1.,
2126 5332 2174 5383 8.
2204 5357 2264 5370 -
2295 5333 2311 5362 ⁷
2342 5333 2512 5394 prov„
2558 5346 2663 5398 vn,
2703 5341 2750 5388 5.
2788 5366 2849 5378 —
2885 5340 2908 5376 ⁸
2937 5342 3094 5406 Rom„
3132 5356 3248 5408 xv1,
3288 5347 3367 5410 17,
3418 5351 3494 5399 ιε.
3523 5373 3585 5388 -

2038 5405 2058 5434 ·
2088 5404 2106 5453 l
2139 5404 2300 5468 Petr.‚
2335 5416 2393 5467 11,
2421 5409 2465 5457 3.

3229 5510 3310 5572 29
