4196 6294
1600 508 1967 578 PSALMUS
2008 510 2274 578 cxvln.

334 667 546 712 eorum
569 654 803 710 tumore
843 652 1075 724 crepat,
1101 650 1170 707 ut
1210 651 1505 707 tumorem
1544 650 1885 722 crepantem

333 747 671 821 praeponat,
700 745 760 801 et
785 742 1060 801 timorem
1098 742 1501 817 increpantem
1540 744 1879 816 postponat.

103 856 300 915 Superbi.
334 841 596 914 Ideoque
634 838 876 911 superbi
922 840 1058 895 sunt
1101 836 1313 895 merito
1355 835 1724 909 increpandi.
1766 835 1885 894 Sed

337 938 510 1006 nota,
537 932 706 1007 quod
749 933 886 989 sunt
928 930 1169 1005 superbi
1201 929 1377 1000 mali,
1403 929 1668 1004 pejores,
1694 928 1883 1003 pessi-

337 1030 443 1085 mi.
484 1026 635 1087 Mala
659 1027 760 1083 'est
796 1023 1078 1099 superbia
1117 1022 1336 1094 cordiS‚
1366 1024 1539 1096 pejor
1566 1022 1716 1091 oriS,
1744 1038 1882 1097 pes-

338 1123 491 1180 sima
517 1121 735 1196 operis.
769 1123 845 1177 De
872 1118 1079 1193 primis
1109 1118 1127 1153 ¹
1155 1135 1169 1173 ε
1209 1137 1238 1170 α
1265 1116 1421 1175 Sicut
1456 1115 1673 1189 perdix
1710 1116 1884 1174 indu·

342 1216 494 1274 citur
520 1215 582 1272 in
612 1229 878 1285 caveam,
908 1217 966 1271 et
1008 1215 1074 1269 ut
1114 1224 1294 1284 capra
1320 1209 1383 1267 in
1423 1209 1707 1283 laqueum
1739 1229 1757 1281 3
1797 1209 1882 1267 sic

336 1314 395 1367 et
421 1325 525 1369 cor
548 1308 947 1384 superborum
973 1325 1038 1363 ε»
1064 1320 1134 1365 ac
1151 1305 1200 1362 si
1228 1307 1427 1378 aperte
1451 1304 1703 1362 diceret:
1723 1304 1885 1362 Sicut

335 1403 619 1462 animalia
664 1406 786 1461 tam
826 1399 1116 1471 volatilia,
1158 1413 1345 1472 quam
1397 1397 1748 1471 gressibilia,
1786 1414 1884 1455 ca-

333 1500 601 1573 piuntur,
660 1499 717 1555 et
770 1494 1170 1569 illaqueantur
1216 1491 1297 1551 ab
1348 1490 1695 1549 hominibus
1722 1533 1743 1563 ,
1798 1493 1882 1550 sic

337 1592 523 1650 corda
594 1590 992 1665 superborum
1050 1592 1174 1645 tam
1241 1586 1879 1661 contemplativorum,

339 1702 523 1762 quam
558 1684 907 1754 activorum,
935 1699 973 1741 a
1018 1680 1412 1740 daemonibuS.
1448 1683 1526 1737 De
1570 1680 1784 1738 mediis
1809 1681 1832 1714 2
1860 1699 1877 1738 ε

344 1799 372 1833 ι
410 1780 563 1837 Inter
598 1776 891 1851 superbos
935 1790 1170 1849 semper
1204 1774 1401 1847 jurgia
1435 1776 1573 1831 sunt
1591 1794 1608 1844 3
1644 1794 1674 1827 n
1720 1772 1881 1832 unde

338 1873 550 1931 vesicae
577 1870 820 1929 tumidas
846 1869 1068 1928 similes
1090 1872 1254 1935 sunt,
1283 1883 1415 1940 quoe
1441 1869 1747 1942 creparet,
1768 1866 1881 1925 nisi

339 1971 582 2024 ventum
621 1964 1003 2022 intrinsecum
1027 1978 1138 2037 per
1159 1962 1426 2035 ,iurgium
1463 1963 1770 2019 eructaret.
1803 1965 1881 2019 De

340 2058 559 2117 ultimis
584 2060 607 2095 ³
636 2078 652 2116 :
691 2078 721 2113 α
747 2057 1046 2133 Superbus
1086 2059 1144 2114 et
1184 2070 1473 2129 arrogans
1508 2057 1755 2113 vocatur
1794 2054 1884 2112 in-

339 2153 568 2223 doctus,
597 2151 703 2227 qui
728 2152 907 2209 inira
933 2154 1211 2225 operatur
1236 2148 1579 2223 superbiam
1608 2166 1623 2206 :
1650 2168 1679 2204 »
1710 2149 1881 2223 quasi

340 2247 560 2306 diceret
596 2265 613 2305 ε
657 2236 993 2320 Superbus,
1036 2243 1142 2318 qui
1187 2257 1251 2301 se
1296 2243 1539 2301 doctum
1574 2242 1881 2316 opinatur,

338 2344 477 2400 tunc
503 2340 781 2399 indoctus
806 2355 933 2398 esse
959 2337 1272 2413 probatur,
1312 2352 1450 2395 cum
1473 2335 1656 2395 iratus
1681 2351 1884 2411 super-

336 2433 501 2493 biam
527 2438 825 2508 operatur.

834 2590 1119 2648 Articulus
1157 2590 1373 2647 tertius.

406 2724 713 2783 Maledicti.
741 2726 886 2781 Ecce
913 2719 1083 2778 tertia
1116 2734 1262 2791 vox,
1292 2733 1427 2792 quae
1455 2714 1712 2775 ostendit
1734 2714 1882 2789 quid

335 2818 571 2893 tepidus
595 2814 1004 2891 parvipendit,
1035 2813 1178 2889 quia
1205 2811 1500 2872 charitatis
1544 2810 1844 2869 fervorem
1859 2854 1881 2879 ,

336 2914 741 2973 maledicentis
803 2918 1095 2986 teporem.
1152 2910 1249 2967 Vis
1314 2907 1523 2967 audire
1576 2908 1882 2981 quorum?

338 3008 774 3079 Erudientium,
803 3005 1203 3076 audientium,
1242 3001 1721 3061 custodientium.
1763 3000 1882 3057 Pri·

338 3119 505 3162 mum
529 3101 781 3178 pertinet
814 3100 893 3161 ad
929 3098 1240 3176 praelatos3
1271 3096 1602 3156 secundum
1642 3094 1722 3154 ad
1744 3094 1882 3153 sub·

337 3199 493 3257 ditos
519 3216 535 3256 :
562 3197 796 3256 tertium
821 3195 901 3256 ad
929 3194 1263 3252 universos.
1289 3195 1368 3250 De
1395 3190 1593 3266 primo
1615 3190 1675 3246 ⁸:
1710 3208 1740 3243 α
1767 3191 1879 3248 Ma·

335 3292 618 3363 ledictus‚
644 3292 747 3366 qui
769 3289 1049 3365 probibet
1075 3284 1343 3360 gladium
1370 3300 1547 3342 suum
1574 3300 1614 3342 a
1639 3283 1879 3356 sangui-

335 3403 431 3446 ne.
460 3407 492 3443 »
522 3384 764 3445 Gladius
807 3388 894 3442 est
929 3382 1185 3440 verbum
1228 3377 1704 3454 praedicationis3
1744 3392 1879 3435 san-

334 3481 501 3555 guis,
528 3478 871 3552 contagium
913 3473 1431 3552 praevaricationis.
1460 3471 1699 3530 Gladius
1740 3486 1876 3530 san-

332 3575 575 3648 guinem
622 3572 911 3638 effundit,
963 3586 1101 3628 cum
1145 3567 1400 3626 verbum
1446 3565 1881 3639 praedicationis

336 3668 679 3742 contagium
736 3662 1238 3740 praevaricationis
1289 3659 1625 3720 confundit.
1662 3662 1742 3717 De
1786 3675 1878 3718 se-

334 3762 534 3822 cundo
559 3762 580 3796 ⁸
624 3781 641 3819 :
683 3779 714 3816 α
756 3758 1094 3819 Maledictus
1135 3758 1229 3816 vir
1247 3798 1268 3828 ,
1312 3755 1418 3832 qui
1456 3770 1580 3813 non
1627 3753 1880 3813 audierit

333 3857 519 3915 verba
542 3855 701 3931 pacti
735 3855 942 3927 buJus,
964 3851 1134 3928 quod
1169 3850 1419 3926 praecepi
1447 3848 1717 3925 patribus
1743 3863 1875 3907 ves-

332 3950 456 4008 tris.
484 3971 512 4006 n
545 3948 706 4009 istud
734 3952 974 4023 pactum
997 3962 1121 4005 non
1144 3945 1417 4016 audiunt,
1443 3943 1548 4019 qui
1569 3960 1608 4002 a
1632 3943 1878 4001 veritate

335 4044 617 4105 doctrinm
660 4044 931 4104 auditum
974 4044 1279 4110 avertunt,
1317 4042 1376 4097 et
1418 4038 1498 4097 ad
1550 4037 1787 4098 fabulas
1814 4053 1877 4095 se

334 4143 703 4199 convertunt.
742 4142 820 4196 De
844 4135 1015 4195 tertio
1039 4138 1062 4172 ⁶
1094 4153 1109 4192 ε
1144 4154 1175 4189 «ι
1208 4132 1548 4192 Maledictus
1569 4176 1585 4205 ,
1623 4131 1726 4207 qui
1754 4146 1878 4190 non

329 4238 640 4308 permanet
676 4233 740 4290 in
789 4229 1163 4290 sermonibus
1198 4227 1349 4300 legis
1386 4226 1565 4299 huJus
1587 4268 1607 4298 ,
1652 4240 1764 4283 nec
1807 4241 1879 4283 ea

333 4345 513 4404 opere
539 4327 788 4404 perficit.
817 4348 845 4383 n
895 4328 1245 4385 Permanere
1289 4322 1544 4397 pertinet
1582 4322 1662 4381 ad
1696 4320 1875 4380 affec-

332 4428 458 4482 tum
474 4443 492 4496 3
520 4421 833 4497 perficere,
864 4419 945 4480 ad
971 4419 1265 4479 effectum.

818 4581 1101 4638 Animatus
1139 4581 1386 4651 quartus.

403 4711 513 4780 Qui
538 4709 812 4767 declinant
841 4722 876 4761 a
901 4703 1180 4762 mandatis
1223 4705 1355 4760 tuis.
1404 4702 1549 4759 Ecce
1585 4715 1709 4759 vox
1732 4698 1877 4758 ulti—

329 4821 468 4876 ma,
498 4819 632 4879 quae
673 4798 1025 4860 determinat
1063 4797 1230 4872 quod
1257 4795 1493 4871 tepidus
1515 4810 1552 4853 a
1578 4793 1877 4854 mandatis

329 4905 619 4972 tanquam
645 4912 683 4953 a
711 4894 813 4952 via
838 4890 1099 4949 veritatis
1124 4890 1401 4948 declinat.
1433 4891 1499 4946 Et
1525 4889 1687 4959 nota,
1709 4887 1877 4961 quod

333 4991 550 5049 diversi
598 4988 896 5048 declinant
941 4984 1341 5043 diversimode
1373 5003 1389 5042 z
1418 4983 1668 5059 quidam
1707 4999 1876 5042 nam·

332 5102 449 5160 que
487 5083 784 5142 declinant
823 5097 959 5138 cum
1004 5079 1163 5137 bove
1209 5077 1582 5152 calcitrante3
1628 5077 1876 5152 quidam

332 5196 470 5238 cum
490 5192 673 5237 vacca
699 5174 1078 5245 lasciviente3
1111 5173 1360 5247 quidam
1400 5189 1540 5231 cum
1584 5171 1754 5230 asina
1787 5170 1874 5230 lo·

334 5289 472 5332 cum
523 5271 721 5332 dante.
768 5268 963 5329 Prima
1007 5265 1326 5327 declinatio
1378 5271 1464 5326 est
1513 5266 1870 5337 immatura3

402 5473 416 5501 ¹
439 5470 620 5534 Booti„
646 5481 719 5535 xi,
746 5470 826 5521 ³2.
851 5493 915 5508 —
939 5467 963 5506 ⁸
987 5467 1155 5527 Pron„
1185 5477 1303 5530 xm,
1334 5467 1408 5516 lo.
1437 5488 1498 5502 —
1524 5464 1543 5496 ²
1564 5463 1732 5528 Pron„
1762 5476 1876 5528 xxi,

3421 513 3537 575 347

1989 648 2260 706 secunda
2282 648 2520 723 impura
2540 648 2686 707 :sed
2712 648 2885 707 tertia
2902 660 3136 707 secura.
3162 648 3241 705 De
3267 646 3463 721 primo
3482 646 3536 702 ¹¹:

1995 760 2025 796 ι
2045 741 2438 800 calcitrabant
2460 743 2678 815 boves,
2699 745 2757 800 et
2783 741 3230 800 declinaverunt
3253 755 3475 798 arcam.
3498 760 3525 794 n

1988 837 2156 896 Tales
2203 841 2338 896 sunt
2391 840 2589 895 motus
2643 837 2905 895 brutales
2956 839 3014 893 et
3056 833 3387 904 immaturi,
3435 834 3541 909 qui

1993 929 2141 987 dum
2168 930 2384 988 rationi
2412 930 2804 1002 recalcitrant,
2834 946 3035 988 arcam
3062 927 3540 987 sanctificationis

1989 1023 2296 1082 inclinant.
2338 1027 2417 1083 De
2461 1026 2727 1083 secundo
2755 1026 2777 1062 ⁸
2824 1044 2839 1082 ε
2890 1044 2918 1078 α
2958 1025 3114 1082 Sicut
3151 1039 3333 1081 vacca
3373 1022 3542 1081 lasci-

1988 1117 2190 1188 vienS,
2219 1117 2555 1176 declinavit*
2579 1118 2777 1178 lsrael.
2825 1140 2854 1174 n
2906 1120 3072 1177 Tales
3116 1123 3253 1176 sunt
3300 1117 3541 1175 affectus

1989 1209 2266 1269 bestiales
2310 1212 2530 1286 impuri
2559 1254 2580 1283 ,
2611 1214 2715 1287 qui
2759 1212 3235 1288 derelinquentes
3280 1210 3541 1284 discipli-

1988 1319 2162 1375 nam,
2194 1305 2492 1364 declinant
2533 1307 2611 1364 ad
2640 1307 2895 1365 ruinam.
2927 1311 3006 1365 De
3035 1305 3235 1375 tertie,
3262 1305 3370 1362 ubi
3399 1304 3542 1362 dicit

1989 1399 2245 1472 Angelus
2275 1400 2355 1458 ad
2379 1404 2621 1460 Balaam
2645 1403 2668 1438 ⁹
2701 1421 2715 1460 ε
2750 1421 2780 1456 α
2820 1402 2937 1459 Nisi
2981 1401 3149 1459 asina
3189 1390 3542 1458 declinasset

1990 1510 2026 1552 a
2067 1494 2168 1552 via
2209 1493 2359 1552 dans
2405 1495 2608 1553 locum
2635 1496 2953 1568 resistenti,
2984 1500 3040 1553 te
3069 1495 3451 1565 occidissem,
3484 1500 3541 1551 et

1988 1587 2092 1646 illa
2139 1588 2380 1647 viveret.
2419 1610 2447 1645 n
2481 1589 2597 1648 Sed
2637 1589 2786 1665 quid
2826 1590 2944 1648 hoc
2990 1590 3071 1648 ad
3112 1588 3485 1664 propositum
3508 1591 3538 1644 ἱ)

1987 1681 2233 1740 Multum
2285 1682 2531 1757 quidem
2587 1676 2696 1758 pei·
2751 1701 2994 1743 omnem
3045 1683 3338 1754 modum3
3395 1698 3538 1739 nam

1987 1775 2214 1861 Balaam
2260 1776 2553 1850 significat
2593 1779 2922 1853 appetitum
2969 1777 3369 1851 superiorem,
3413 1774 3536 1832 sive
3566 1798 3764 1841 guum,

1986 1868 2378 1941 rationalem3
2408 1874 2570 1928 asina
2606 1870 2982 1942 inferiorem,
3008 1871 3133 1928 sive
3174 1868 3534 1940 animalem3
3563 1885 3714 1930 nim.

1986 1967 2080 2020 via
2107 2006 2126 2035 ,
2167 1979 2431 2022 errorem
2480 1984 2494 2022 ε
2539 1966 2866 2036 declinatio,
2914 1967 3218 2036 timorem3
3261 1965 3537 2035 Angelus,

1990 2058 2441 2117 correctionem.
2471 2058 2616 2117 Dicit
2659 2076 2804 2133 ergo
2839 2060 3131 2132 AngeluS,
3160 2058 3224 2117 id
3254 2062 3374 2130 est,
3408 2074 3536 2115 cor·

1987 2156 2202 2224 rector,
2236 2152 2405 2227 quod
2431 2153 2544 2212 nisi
2573 2153 2740 2212 asina
2760 2196 2780 2223 ,
2808 2153 2874 2210 id
2912 2158 3029 2225 est,
3058 2153 3348 2228 appetitus
3385 2151 3534 2209 infe·

1986 2247 2140 2317 rior,
2169 2264 2207 2306 a
2233 2248 2341 2305 viae
2367 2265 2487 2307 suae
2520 2264 2719 2307 errore
2759 2248 3110 2306 declinasset
3133 2264 3257 2322 proe
3285 2248 3491 2305 timore
3513 2289 3533 2318 ,

1989 2341 2283 2414 appetitus
2306 2342 2578 2416 superior
2621 2346 2891 2401 mortuus
2934 2342 3138 2399 fuisset
3180 2344 3370 2399 morte
3416 2341 3536 2416 spi-

1988 2433 2184 2493 rituali
2201 2478 2220 2507 ,
2252 2439 2309 2493 et
2335 2435 2579 2496 interior
2604 2437 2829 2495 viveret
2854 2437 2979 2496 vita
3004 2435 3247 2495 carnali.

2631 2598 2890 2664 Epilogus.

2060 2721 2130 2776 Et
2153 2718 2270 2777 hoc
2297 2724 2413 2791 est,
2451 2720 2619 2793 quod
2659 2720 2801 2779 dicit
2844 2721 3136 2796 Propheta
3180 2721 3245 2780 in
3279 2736 3540 2797 persona

1991 2811 2104 2869 viri
2127 2806 2266 2883 Ju'sti
2279 2853 2300 2884 ,
2327 2817 2572 2888 propter
2598 2814 2840 2872 effectus
2866 2816 2958 2874 sui
2986 2820 3291 2890 aspectum
3317 2821 3375 2874 et
3401 2816 3537 2874 des-

1989 2909 2259 2980 pectum,
2288 2906 2351 2964 in
2398 2906 2693 2966 defectum
2730 2925 2838 2967 seu
2877 2912 3146 2984 teporem
3192 2910 3458 2985 delapsi,
3484 2914 3541 2969 et

1990 2997 2287 3058 defectum
2327 3001 2677 3075 hujusmodi
2721 3003 2966 3062 interius
2994 3020 3200 3063 coram
3225 3009 3343 3064 Deo
3367 3021 3538 3064 reco-

1989 3092 2262 3167 gitantiS,
2294 3097 2351 3153 et
2396 3095 2692 3155 dicentis:
2736 3099 3070 3171 increpasti,
3113 3112 3221 3174 per
3265 3097 3540 3157 timorem

1990 3187 2429 3263 increpantem,
2479 3206 2663 3264 quem
2707 3193 3055 3266 postposui3
3097 3194 3362 3266 Superbos
3392 3234 3410 3263 ,
3433 3209 3542 3266 per

1990 3285 2285 3342 tumorem
2327 3290 2665 3359 crepantem
2700 3327 2718 3355 ,
2768 3302 2949 3360 quem
2993 3285 3327 3361 praeposui3
3367 3290 3541 3345 Male-

1989 3375 2133 3432 dicti
2144 3420 2163 3448 ,
2187 3393 2294 3451 per
2315 3377 2616 3436 fervorem
2633 3378 3110 3452 maledicentem,
3129 3396 3314 3455 quem
3334 3380 3505 3437 omisi
3517 3401 3536 3453 3

1991 3469 2101 3536 Qui
2127 3470 2402 3528 declinent
2428 3488 2463 3529 a
2489 3472 2769 3529 mandatis
2799 3476 2908 3531 tuis
2926 3516 2944 3545 ,
2973 3488 3082 3547 per
3119 3477 3384 3547 teporem
3409 3488 3538 3530 ma·

1986 3561 2387 3646 lesacientem,
2417 3581 2598 3639 quem
2624 3565 2858 3624 admisi.

2533 3789 2877 3836 vnnslcutus
2912 3792 2992 3833 Vl.

2058 3949 2149 4005 22.
2171 3948 2339 4015 Auser
2363 3962 2399 4002 a
2425 3962 2508 4004 me
2532 3948 2910 4021 opprobrium,
2940 3953 3049 4007 etc.
3073 3949 3172 4008 Vir
3191 3951 3404 4025 justuS,
3432 3952 3538 4025 qui

1988 4046 2234 4116 propter
2255 4039 2492 4113 justitias
2512 4055 2633 4098 suae
2663 4040 2940 4099 effectum
2966 4043 3047 4101 ab
3072 4043 3206 4102 aliis
3233 4050 3539 4121 aspectum

1942 4131 1945 4134 ’
1988 4138 2047 4192 et
2073 4135 2420 4210 despectum
2454 4135 2759 4194 deciderat
2782 4135 2846 4193 in
2888 4138 3110 4212 teporis
3138 4153 3242 4197 seu
3287 4139 3536 4215 pusilla-

1986 4229 2269 4288 nimitatis
2296 4229 2624 4300 defectum,
2652 4230 2716 4289 in
2742 4231 3097 4304 praecedenti
3126 4234 3414 4292 versiculo
3438 4251 3534 4293 re-

1987 4324 2254 4382 medium
2293 4323 2567 4383 adhibuit
2593 4330 2800 4384 contra
2823 4325 3170 4399 hujusmodi
3204 4327 3534 4398 defectum,

1987 4419 2188 4492 ipsum
2214 4418 2516 4478 humiliter
2556 4419 2962 4492 recogitando.
3003 4425 3068 4480 ln
3095 4423 3366 4496 praesenti
3390 4438 3534 4482 vero

1987 4511 2323 4571 remedium
2372 4513 2618 4573 adhibet
2664 4518 2872 4572 contra
2912 4513 3256 4589 despectum
3280 4559 3301 4587 ,
3347 4517 3535 4591 impa-

1986 4606 2205 4664 tientiae
2232 4623 2354 4665 suae
2380 4607 2660 4665 solatium
2689 4606 2968 4665 divinitus
2993 4607 3341 4682 flagitando.
3374 4610 3534 4669 Unde

1988 4699 2258 4759 versiculi
2319 4701 2619 4775 praesentis
2683 4701 2919 4760 videtur
2986 4717 3111 4761 esse
3176 4704 3535 4763 continentia

1985 4792 2494 4866 quadrimembris
2524 4813 2539 4851 ε
2566 4796 2763 4871 primo
2789 4812 3050 4872 namque
3077 4800 3316 4857 notatur
3342 4798 3534 4873 impa-

1987 4885 2192 4944 tientia
2223 4905 2242 4959 3
2293 4889 2554 4948 secundo
2608 4890 2987 4965 impatientiae
3031 4907 3211 4951 causa
3245 4935 3267 4964 ,
3316 4893 3536 4953 scilicet

1987 4980 2380 5055 contumelia3
2406 4985 2573 5042 tertio
2607 4986 2978 5045 contumelias
3005 5003 3216 5060 causa,
3256 4987 3534 5048 videlicet

1987 5075 2288 5135 calumnia
2305 5096 2324 5151 3
2356 5084 2567 5153 quarto
2610 5081 2918 5141 calumniae
2960 5083 3195 5142 occasio
3216 5129 3232 5152 ‚
3266 5102 3401 5159 quae
3427 5085 3537 5145 fuit

1981 5170 2216 5242 justitiae
2244 5174 2640 5237 observantia.
2670 5179 2933 5247 Quorum
2978 5178 3241 5254 primum
3282 5181 3536 5255 pertinet

1985 5321 2070 5370 26.
2113 5345 2176 5359 -
2219 5322 2238 5352 ⁴
2283 5322 2483 5381 les-em„
2527 5335 2720 5386 xuni,
2770 5329 2846 5376 lo.
2891 5351 2953 5364 --
3006 5329 3031 5365 ⁸
3076 5327 3226 5391 thid„
3267 5342 3353 5391 xi,
3389 5333 3436 5380 3.
3470 5358 3528 5370 -

1988 5393 2008 5422 ⁶
2032 5392 2201 5458 Dent„
2231 5404 2394 5458 nvn,
2420 5396 2502 5446 26.
2523 5420 2585 5435 —-
2611 5400 2624 5428 ⁷
2657 5397 2698 5447 ll
2724 5397 2863 5464 Req„
2886 5410 2964 5463 vx,
2988 5402 3035 5452 6.
3064 5426 3119 5438 -
3145 5399 3169 5437 ⁸
3197 5402 3330 5456 Ore..
3351 5413 3422 5466 iv,
3453 5406 3528 5456 ¹6.

1989 5490 2049 5504 -
2070 5466 2090 5496 ⁹
2117 5466 2292 5530 Num„
2319 5478 2454 5531 xxu,
2481 5469 2559 5521 33.
