4196 6294
486 2518 669 2564 neredi-

459 2583 528 2623 ιιι
544 2593 668 2636 mys-

457 2640 561 2685 tica.

519 4599 680 4657 Aequi-

468 4667 568 4712 ·itio
598 4667 679 4713 tri·

467 4729 643 4787 partita.

678 391 798 452 460

678 521 813 580 vitai
825 521 1091 580 mortalis
1106 520 1496 596 expositione,
1513 524 1570 579 et
1587 520 1971 595 expositionis
1997 519 2222 595 duplici

678 615 928 686 ratione,
971 614 1095 673 duo
1136 629 1346 672 versus
1388 613 1743 689 praeambuli
1787 619 1923 673 sunt
1965 614 2223 672 breviter

679 708 1022 784 praelocuti5
1054 707 1130 766 de
1159 709 1327 766 tertia
1364 708 1622 779 ratione,
1660 707 1938 766 videlicet
1976 708 2227 767 manda-

681 806 879 861 torum
907 802 1343 873 observatione,
1373 818 1578 860 versus
1601 803 1707 859 iste
1734 802 1970 860 videtur
1997 802 2221 877 eloqui.

681 897 843 955 Unde
889 896 1032 954 dicit
1074 896 1571 970 psalmographus
1610 914 1625 952 :
1670 897 2021 969 Ηονεαὶεαεε,
2069 901 2222 970 etc.;

681 1008 752 1050 ac
778 991 828 1048 si
861 991 1204 1066 loqueretur
1238 989 1497 1064 apertius
1528 1009 1542 1046 z
1582 992 1688 1047 Per
1713 993 1959 1064 paterna
1986 989 2229 1066 eloquia

682 1084 973 1160 acquisivi
1018 1100 1275 1158 superna
1318 1083 1685 1155 testimonia,
1731 1100 1857 1141 non
1903 1084 2229 1143 auferenda

682 1194 790 1252 per
832 1182 1073 1235 externa
1107 1176 1427 1251 supplicia,
1470 1181 1712 1253 propter
1755 1179 1988 1237 interna
2031 1179 2230 1237 cordis

682 1271 911 1331 solatia.
956 1274 1033 1328 Ex
1070 1271 1289 1346 quibus
1324 1276 1483 1346 patet
1520 1289 1726 1331 versus
1749 1273 2051 1347 praesentis
2080 1289 2231 1348 qua·

684 1365 991 1441 dripartita
1018 1366 1377 1424 continentia
1413 1386 1427 1424 :
1460 1368 1718 1426 continet
1754 1367 1911 1425 enim
1947 1367 2230 1426 eruditio-

685 1476 823 1518 nem
855 1463 1186 1534 paternam,
1207 1460 1658 1534 acquisitionem
1684 1477 2025 1535 supernam,
2058 1462 2231 1521 deso-

686 1554 968 1612 lationem
996 1557 1323 1625 externam,
1345 1557 1403 1611 et
1420 1554 1888 1614 consolationem
1915 1556 2230 1615 internam.

689 1651 833 1705 Ecce
859 1647 1155 1705 hereditas
1180 1647 1517 1718 retinenda,
1546 1648 1855 1722 acquisitio
1882 1649 2231 1722 detinenda,

692 1740 980 1801 desolatio
1007 1741 1372 1814 sustinenda,
1396 1741 1722 1800 consolatio
1752 1743 2096 1804 obtinenda.

1187 1901 1472 1957 Articulus
1505 1905 1734 1973 primus.

767 2026 1026 2084 Primum
1054 2041 1198 2098 ergo
1224 2026 1644 2099 praesignatur,
1676 2045 1812 2087 cum
1849 2031 2185 2104 praedicitur
2214 2051 2230 2090 :

696 2122 1025 2179 Hereditate.
1079 2122 1206 2178 Haec
1255 2123 1342 2178 est
1393 2120 1690 2179 hereditas
1743 2124 2084 2195 eruditoria,
2139 2127 2236 2185 vel

696 2214 948 2274 eruditio
991 2213 1349 2273 hereditaria
1388 2233 1402 2274 ε
1449 2231 1583 2273 ecce
1628 2216 1921 2275 hereditas
1967 2219 2193 2293 optima
2215 2263 2235 2291 ,

695 2324 820 2385 qua
846 2309 1063 2367 ditatur
1101 2311 1159 2365 et
1192 2308 1498 2381 dilatatur,
1538 2324 1664 2367 non
1691 2326 1936 2384 corpus,
1965 2312 2071 2370 sed
2104 2314 2238 2370 ani-

697 2419 829 2475 ma3
876 2417 1002 2461 non
1053 2401 1287 2477 praediis
1332 2402 1654 2475 lutulentis,
1684 2403 1790 2461 sed
1835 2404 2019 2462 radiis
2063 2407 2235 2466 lucu-

695 2497 886 2556 lentis.
916 2500 982 2555 Et
1008 2500 1180 2570 nota,
1210 2497 1378 2571 quod
1416 2497 1710 2555 hereditas
1748 2500 1997 2574 mystica
2021 2501 2236 2575 tripar-

695 2592 799 2649 tito
828 2590 1202 2663 distinguitur
1226 2591 1292 2648 in
1318 2591 1617 2666 Scriptura
1647 2611 1661 2649 :
1709 2592 1793 2650 ibi
1823 2593 2037 2667 legitur
2063 2594 2237 2652 here-

697 2684 848 2743 ditas
876 2700 1147 2756 morum,
1175 2684 1471 2743 hereditas
1504 2685 1916 2759 praemiorum,
1944 2688 2241 2746 hereditas

696 2779 1125 2853 suppliciorum
1195 2796 1211 2834 ε
1278 2779 1472 2853 prima
1546 2779 1865 2838 laudabilis
1894 2800 1911 2854 ;
1979 2782 2241 2841 secunda

698 2872 1107 2931 desiderabilis
1123 2892 1141 2945 3
1185 2875 1352 2931 tertia
1396 2873 1775 2932 detestabilis.
1829 2876 1907 2933 De
1952 2875 2148 2949 prima
2174 2876 2191 2911 ¹
2222 2897 2237 2938 t

705 2987 733 3019 α
759 2969 886 3025 ilaec
925 2970 1012 3025 est
1048 2966 1343 3025 hereditas
1383 2982 1695 3025 servorum
1741 2968 1881 3039 Dei,
1927 2974 1983 3028 et
2019 2970 2243 3042 ,iustitia

698 3076 908 3119 eorum
950 3060 1114 3136 apud
1148 3077 1245 3119 me
1267 3103 1285 3134 ‚
1311 3061 1454 3120 dicit
1478 3063 1761 3120 Dominus
1791 3080 1806 3119 ε
1836 3083 1864 3119 »
1898 3080 2032 3122 ecce
2077 3065 2245 3124 here-

700 3157 852 3214 ditas
895 3171 1152 3241 morum.
1204 3159 1281 3215 De
1329 3157 1591 3214 secunda
1628 3156 1651 3190 ²
1690 3177 1704 3215 ε
1742 3175 1770 3212 α
1810 3159 2240 3233 Quodcumque

698 3249 905 3322 facitis,
934 3266 1009 3308 ex
1052 3250 1253 3309 animo
1296 3251 1649 3326 operamini,
1695 3253 1846 3310 sicut
1884 3254 2157 3325 Domino,
2189 3258 2246 3312 et

699 3361 822 3404 non
847 3344 1219 3418 hominibus;
1248 3345 1493 3403 scientes
1506 3388 1526 3418 ,
1557 3346 1723 3420 quod
1749 3364 1787 3405 a
1814 3348 2063 3405 Domino
2091 3348 2244 3407 acci-

701 3440 875 3516 pietis
897 3440 1348 3498 retributionem
1361 3440 1702 3499 hereditatis
1715 3462 1743 3497 »
1768 3460 1782 3500 ε
1801 3459 1936 3500 ecce
1951 3443 2250 3502 hereditas

700 3535 1101 3610 praemiorum.
1143 3538 1221 3593 De
1249 3536 1418 3593 tertia
1444 3537 1467 3572 ⁸
1499 3555 1513 3593 ε
1552 3556 1580 3588 α
1621 3539 1747 3595 Hoec
1776 3541 1862 3596 est
1886 3555 2024 3613 pars
2047 3539 2245 3599 homi-

701 3629 793 3688 nis
818 3629 987 3704 impii
1008 3630 1171 3705 apud
1198 3633 1400 3703 Deum,
1428 3635 1487 3688 et
1511 3631 1807 3691 hereditas
1824 3633 2244 3708 violentorum,

704 3739 886 3798 quam
917 3723 994 3781 ab
1022 3723 1435 3798 omnipotente
1465 3725 1817 3799 suscipient,
1850 3749 1877 3782 »
1913 3731 2024 3787 etc.
2063 3748 2079 3786 τ
2110 3745 2246 3788 ecce

703 3816 999 3876 hereditas
1025 3815 1473 3892 suppliciorum.

1177 3977 1463 4034 Articulus
1496 3978 1777 4036 secundus.

780 4102 1114 4162 Secundum
1155 4102 1523 4175 assignatur,
1552 4119 1690 4160 cum
1718 4103 1959 4162 additur
1989 4123 2003 4161 ε
2042 4108 2252 4179 Aequi-

709 4203 817 4257 sivi
846 4201 1151 4257 testimonia
1180 4201 1292 4254 tua.
1319 4199 1477 4268 {Quae
1510 4197 1865 4269 testimonia,
1893 4199 2003 4256 nisi
2034 4199 2253 4259 divinoe

710 4292 998 4364 veritatis,
1025 4296 1083 4350 et
1109 4291 1427 4350 voluntatis
1454 4292 1681 4365 judicia
1698 4294 1728 4349 i
1755 4295 1883 4350 llaec
1916 4292 2253 4352 testimonia

710 4386 789 4446 ab
817 4385 1218 4445 eruditoribus
1254 4385 1649 4461 accipiuntur,
1679 4386 1829 4443 sicut
1864 4386 2254 4448 mercimonia

712 4496 748 4539 a
793 4479 1224 4539 mercatoribus
1272 4478 1677 4552 acquiruntur.
1727 4482 1794 4536 Et
1841 4482 1984 4537 nota
2005 4522 2028 4552 ,
2083 4480 2254 4554 quod

708 4573 923 4649 legitur
941 4575 1005 4632 in
1032 4573 1328 4648 Scriptura
1355 4571 1663 4646 acquisitio
1690 4571 2007 4647 tripartita,
2035 4573 2257 4633 scilicet

708 4668 1071 4743 speculativa
1091 4708 1113 4738 ,
1167 4667 1359 4726 activa
1376 4707 1398 4739 ,
1455 4666 1928 4725 consummativa
1983 4686 1999 4725 ε
2056 4668 2255 4743 prima

708 4763 1003 4834 veritatis3
1059 4760 1321 4820 secunda
1369 4759 1627 4833 virtutis;
1683 4760 1851 4818 tertia
1897 4760 2119 4819 salutiS.
2175 4764 2255 4818 De

708 4857 904 4932 prima
921 4857 989 4927 *ἐς
1025 4874 1054 4911 α
1081 4854 1329 4929 Acquire
1348 4854 1754 4929 prudentiam,
1780 4853 1922 4928 quia
1945 4854 2258 4929 pretiosior

712 4955 799 5010 est
840 4955 1087 5024 argento
1125 4968 1139 5007 :
1172 4971 1200 5006 n
1234 4966 1368 5008 ecce
1410 4947 1720 5023 acquisitio
1765 4948 2147 5022 speculativa.
2176 4952 2257 5007 De

712 5044 974 5103 secunda
1017 5044 1159 5102 dicit
1207 5042 1514 5102 Psalmista
1555 5041 1577 5077 ⁸
1626 5059 1641 5098 z
1697 5060 1726 5095 α
1769 5042 2005 5100 induxit
2045 5058 2150 5101 eos
2192 5042 2258 5099 in

713 5141 974 5197 montem
1013 5135 1490 5197 sanctificationis
1536 5152 1694 5210 suoe3
1737 5138 2003 5195 montem
2022 5178 2042 5209 ,
2077 5152 2258 5211 quem

781 5271 791 5296 ¹
824 5267 945 5329 Iso„
976 5276 1079 5327 nv,
1115 5267 1190 5315 17.
1215 5290 1279 5301 —
1305 5264 1323 5294 ²
1348 5262 1556 5322 coloss..
1588 5275 1668 5326 ιιι,
1702 5265 1781 5312 24.
1808 5290 1871 5304 -
1902 5264 1921 5294 ³
1950 5263 2061 5327 Iob,
2090 5276 2257 5324 xxvii,

718 5342 793 5389 13.
825 5362 890 5377 -
934 5336 953 5367 ⁸
989 5337 1157 5399 va„
1199 5347 1315 5400 xvt,
1361 5340 1436 5387 16.
1471 5360 1534 5373 —
1577 5335 1599 5370 ⁸
1642 5333 1781 5387 Psal.
1829 5347 2040 5398 unu,
2082 5338 2162 5386 54.
2196 5361 2258 5375 -

1725 383 2143 452 Expost'rlo
2184 383 2264 451 m
2307 383 2835 453 PSALTERIUM.

2333 519 2641 596 acquisivit
2671 520 2914 580 dextera
2939 522 3085 596 ejus.
3124 545 3153 578 ι»
3187 525 3441 583 montem
3462 522 3877 583 sanctificatio-

2331 614 2425 671 nis
2450 615 2701 689 acquirit
2722 616 2848 688 ejus
2874 615 3136 688 dextera,
3168 618 3273 691 qui
3303 616 3681 675 eminentiam
3709 634 3881 676 sanc-

2332 709 2508 767 titatis
2534 709 2786 783 acquirit
2799 725 2908 784 per
2924 714 3125 769 sancta
3148 727 3332 786 opera
3354 717 3378 769 ε’
3400 728 3534 770 ecce
3566 712 3877 787 acquisitio

2334 804 2545 862 activa.
2585 806 2662 861 De
2697 804 2867 863 tertia
2909 805 3108 879 psallit
3153 805 3443 879 Propheta
3468 807 3489 841 ⁶
3520 824 3534 861 :
3571 826 3599 859 ι
3639 806 3879 864 inhabi-

2333 901 2546 957 tabunt
2578 899 2697 971 ibi,
2726 904 2781 957 et
2817 900 3142 958 hereditate
3176 900 3484 974 acquirent
3525 916 3677 958 eam.
3723 921 3754 955 n
3787 902 3877 959 Sic

2333 993 2557 1052 faciunt
2574 993 3036 1068 contemplativi,
3061 993 3165 1069 qui
3187 994 3249 1051 in
3271 994 3383 1051 hac
3404 993 3880 1067 peregrinatione

2334 1088 2464 1146 solo
2489 1103 2740 1162 corpore
2769 1087 3101 1158 constituti,
3135 1086 3489 1160 cogitatione
3517 1092 3574 1144 et
3600 1087 3881 1145 aviditate

2335 1198 2655 1257 supernam
2674 1182 2969 1240 civitatem
2987 1180 3338 1253 inhabitant,
3358 1186 3416 1238 et
3435 1180 3690 1239 finaliter
3715 1181 3882 1239 illam

2336 1275 2666 1334 hereditant
2695 1294 2711 1333 ε
2742 1292 2875 1335 ecce
2910 1274 3219 1350 acquisitio
3249 1275 3740 1333 consummativa.

2840 1433 3127 1490 Articulus
3158 1435 3370 1490 tertius.

2409 1560 2663 1618 Tertium
2688 1559 3054 1632 designatur,
3074 1576 3210 1618 cum
3232 1559 3446 1618 dicitur
3474 1579 3489 1619 z
3512 1563 3579 1619 In
3602 1567 3883 1634 aeternum,

2340 1659 2625 1728 tanquam
2677 1654 2741 1711 in
2801 1656 3086 1711 aeternum
3157 1653 3556 1732 possidenda,
3613 1669 3723 1712 nec
3780 1671 3887 1731 per

2342 1753 2652 1808 externum
2706 1747 3065 1822 supplicium
3116 1747 3512 1822 praecidenda.
3572 1753 3642 1807 At
3696 1765 3841 1808 vero
3867 1792 3889 1820 ,

2343 1842 2486 1917 quia
2528 1856 2709 1899 nemo
2756 1846 2946 1898 certus
2991 1841 3066 1898 de
3111 1841 3364 1899 crastino
3386 1885 3402 1913 ,
3432 1841 3661 1900 dicente
3700 1844 3890 1916 Scrip-

2341 1940 2474 1994 tura
2500 1937 2522 1972 ⁷
2553 1953 2568 1993 ε
2619 1954 2647 1987 α
2675 1937 2751 1992 Ne
2788 1933 3058 2007 glorieris
3098 1933 3160 1990 in
3209 1934 3560 2006 crastinum,
3607 1936 3891 2008 ignorans

2345 2028 2493 2103 quid
2534 2031 2961 2103 superventura
3003 2027 3195 2101 pariat
3233 2027 3392 2096 dies;
3420 2048 3450 2082 ιι
3495 2027 3722 2086 idcirco
3759 2045 3890 2087 ver-

2344 2123 2493 2181 bum
2521 2122 2678 2181 istud
2706 2121 3008 2196 Prophetae
3050 2137 3173 2179 uon
3206 2121 3437 2180 videtur
3474 2122 3890 2196 accipiendum

2346 2217 2650 2287 absolute,
2689 2215 2796 2273 sed
2840 2215 3258 2274 conditionate.
3304 2219 3371 2273 Et
3413 2220 3557 2274 nota
3599 2217 3891 2291 triplicem

2346 2311 2752 2371 conditionem
2788 2311 2945 2368 circa
2984 2311 3329 2384 praedictam
3369 2311 3771 2382 locutionem,
3804 2315 3893 2368 ut·

2345 2410 2484 2481 pote
2548 2405 2799 2463 Domino
2854 2404 3202 2479 praesidente
3225 2448 3244 2477 ,
3298 2405 3551 2464 Domino
3610 2410 3854 2480 regente
3875 2448 3891 2476 ,

2347 2500 2598 2557 Domino
2642 2499 2962 2572 adjuvante
2993 2519 3009 2557 ε
3057 2501 3290 2558 Domini
3317 2501 3540 2575 quippe
3584 2505 3668 2557 est
3712 2500 3895 2558 servis

2347 2592 2662 2667 praesidere
2701 2610 2808 2668 per
2848 2594 3171 2668 potentiam
3188 2636 3206 2666 ,
3247 2610 3450 2667 regere
3489 2610 3597 2668 per
3633 2594 3894 2668 pruden-

2347 2688 2514 2760 tiam,
2571 2687 2855 2761 adjuvare
2902 2705 3010 2762 per
3058 2689 3326 2761 gratiam.
3386 2689 3579 2747 Prima
3631 2690 3893 2748 conditio

2287 2847 2298 2860 ⁶
2349 2786 2586 2841 notatur
2628 2798 2735 2856 per
2771 2782 3133 2840 Psalmistam
3178 2782 3470 2840 dicentem
3497 2784 3519 2818 ⁸
3552 2803 3569 2840 ε
3605 2803 3633 2837 c
3659 2784 3899 2844 Sedebit

2352 2877 2632 2934 Dominus
2672 2893 2777 2934 rex
2824 2878 2888 2934 in
2932 2882 3216 2935 oeternum
3258 2896 3273 2935 ε
3317 2899 3344 2932 u
3396 2892 3531 2936 ecce
3574 2878 3896 2953 potentiam

2349 2970 2733 3046 prfflidentis.
2772 2970 3047 3029 Secunda
3101 2971 3361 3030 conditio
3405 2975 3760 3030 connotatur
3793 2987 3898 3047 per

2355 3065 2705 3139 Prophetam
2736 3064 3090 3139 psallentem
3115 3065 3138 3100 ⁹
3165 3082 3180 3121 :
3218 3085 3247 3117 ι(
3284 3064 3385 3122 Hic
3412 3067 3499 3122 est
3525 3068 3673 3124 Deus
3702 3069 3900 3123 noster

2354 3160 2415 3218 in
2442 3164 2723 3218 aeternum
2742 3202 2761 3232 ,
2790 3162 2848 3217 et
2873 3160 2937 3216 in
2976 3159 3258 3217 saeculum
3292 3159 3491 3217 saeculi
3523 3178 3538 3217 τ
3569 3160 3698 3233 ipse
3738 3162 3901 3232 reget

2354 3270 2465 3312 nos
2503 3255 2566 3311 in
2619 3254 2833 3311 saecula
2883 3272 2897 3311 ε
2944 3273 2974 3307 »
3020 3269 3154 3311 ecce
3201 3253 3580 3327 prudentiam
3622 3253 3895 3327 regentis.

2354 3348 2542 3406 Tertia
2588 3364 2731 3405 vero
2785 3346 3046 3406 conditio
3104 3347 3419 3406 denotatur
3470 3363 3579 3422 per
3631 3347 3897 3406 Psalmo·

2358 3442 2652 3516 graphum
2698 3439 2781 3499 sic
2821 3440 3174 3498 scribentem
3202 3440 3244 3477 ¹⁰
3274 3459 3288 3497 :
3346 3460 3374 3493 «
3413 3442 3649 3515 sperate
3693 3441 3760 3499 in
3799 3456 3899 3509 e0,

2358 3536 2552 3593 omnis
2578 3534 2958 3607 congregatio
2984 3534 3195 3609 populi
3210 3574 3229 3603 ,
3254 3533 3539 3592 effundite
3569 3550 3777 3592 coram
3798 3533 3898 3591 illo

2358 3629 2542 3688 corda
2583 3631 2779 3687 vestra
2822 3648 2836 3685 ε
2892 3631 3043 3685 Deus
3085 3628 3324 3700 adjutor
3373 3632 3574 3687 noster
3622 3629 3688 3686 in
3741 3631 3899 3687 aeter·

2357 3738 2504 3782 num
2531 3742 2545 3781 t
2578 3744 2610 3779 i)
2642 3739 2779 3781 ecce
2807 3721 3057 3796 gratiam
3082 3722 3439 3795 adjuvantia

2847 3880 3136 3936 Articulus
3167 3882 3416 3951 quartus.

2432 4010 2713 4078 Quartum
2733 4004 3134 4078 consignatur,
3164 4019 3301 4062 cum
3328 4003 3479 4063 ratio
3507 4005 3896 4078 subrogatur:

2365 4105 2508 4171 Quia
2547 4102 2812 4159 exultatio
2867 4099 3044 4157 cordis
3093 4102 3200 4156 mei
3253 4106 3399 4156 sunt.
3457 4098 3667 4156 Procul
3718 4099 3899 4157 dubio

2363 4194 2784 4254 mandatorum
2836 4193 3205 4252 conservatio
3217 4234 3238 4261 ,.
3285 4196 3373 4251 est
3421 4196 3901 4252 conservatorum

2297 4357 2303 4363 ,
2364 4289 2664 4349 exultatio.
2707 4288 2822 4346 Sed
2861 4286 3221 4357 notandum,
3255 4287 3421 4361 quod
3455 4287 3666 4361 triplex
3697 4287 3902 4360 legitur

2365 4383 2646 4442 exultatio
2699 4398 2810 4457 pro
2855 4380 3153 4439 mandatis
3199 4381 3545 4439 certantium
3602 4402 3617 4435 z
3673 4382 3864 4456 prima
3882 4423 3898 4450 ,

2367 4483 2663 4537 certamen
2730 4476 3111 4534 subeuntium
3147 4495 3164 4549 3
3241 4475 3501 4532 secunda
3520 4518 3540 4546 ,
3611 4479 3900 4533 certamen

2367 4574 2745 4645 exeuntium5
2790 4570 2961 4630 tertia
2979 4612 2998 4642 ,
3024 4574 3160 4645 post
3188 4572 3486 4628 certamen
3512 4570 3898 4628 redeuntium.

2368 4667 2651 4725 Exultatio
2688 4666 2883 4740 prima
2920 4668 3006 4722 est
3031 4663 3371 4736 laboriosa3
3402 4663 3691 4735 secunda,
3721 4662 3901 4719 victo-

2367 4761 2557 4831 riosa;
2583 4759 2771 4831 tertia,
2802 4757 3083 4831 gloriosa.
3113 4759 3191 4814 De
3211 4756 3406 4831 prima
3434 4772 3540 4830 per
3555 4757 3902 4831 prophetam

2367 4854 2636 4929 psallitur
2661 4853 2702 4891 ¹¹
2736 4870 2750 4909 ε
2788 4871 2816 4905 «
2841 4850 3208 4908 Exultatione
3233 4850 3414 4908 colles
3440 4850 3833 4924 accingentur.
3868 4867 3898 4901 n

2369 4947 2464 5007 Isti
2506 4945 2687 5004 colles
2723 4946 2860 5001 sunt
2894 4944 3006 5009 viri
3051 4944 3362 5002 virtutibus
3400 4943 3756 5015 eminenteS,
3804 4942 3902 5016 qui

2370 5040 2697 5107 exultanter
2726 5042 3022 5097 certamen
3051 5036 3500 5111 aggrediuntur.
3530 5041 3609 5096 De
3650 5036 3903 5096 secunda

2371 5193 2391 5223 ⁶
2422 5189 2556 5241 Psal.
2590 5200 2779 5248 wan,
2824 5189 2904 5237 36.
2941 5212 3002 5222 —
3053 5187 3066 5215 ²
3115 5187 3276 5246 Pron„
3314 5197 3486 5249 xxvii,
3523 5192 3565 5237 l.
3614 5213 3672 5224 -
3709 5186 3730 5221 ⁸
3775 5182 3899 5234 Psal.

2372 5273 2554 5321 xxvni,
2587 5265 2663 5312 ιο.
2692 5284 2754 5296 -
2783 5260 2802 5289 ·
2830 5256 2966 5309 Psal.
2998 5268 3161 5319 nvn,
3197 5261 3271 5307 ¹5.
3301 5283 3363 5295 -
3402 5259 3436 5288 ¹·
3466 5258 3604 5309 Psal.
3631 5270 3735 5320 nn,
3768 5261 3815 5306 9.
3847 5280 3904 5292 -

2377 5334 2414 5369 ¹¹
2441 5330 2579 5383 Psal.
2610 5342 2755 5394 unt,
2791 5333 2871 5381 13.
