4196 6294
1601 498 1960 568 PSALMUS
2002 497 2261 564 CXVIII.

832 707 1113 762 Articulus
1149 706 1376 776 primus.

402 832 492 890 Ad
517 830 842 907 potentiam
883 830 1213 888 effectivam
1258 829 1548 904 pertinere
1579 826 1878 900 dignosci-

335 926 462 996 tur,
514 922 681 996 quod
724 921 938 978 dicitur
983 939 998 978 ι
1047 921 1294 978 Laetabor
1320 936 1444 990 eqo,
1473 917 1644 993 quasi
1674 917 1831 974 dicat
1861 934 1875 972 ε

331 1017 478 1086 Ego,
508 1013 614 1087 qui
646 1012 842 1069 laedor
867 1011 1141 1080 exteriuS,
1173 1009 1419 1067 laetabor
1446 1006 1721 1078 interius3
1776 1004 1882 1079 qui

331 1107 616 1165 molestor
644 1105 1018 1175 sensualiter,
1048 1104 1299 1162 laetabor
1347 1101 1749 1159 affectualiter.
1781 1099 1882 1156 Hic

145 1225 307 1268 rotari
333 1204 525 1277 potest
552 1199 767 1271 notari,
795 1197 965 1272 quod
1002 1197 1305 1272 tripliciter
1333 1195 1619 1268 contingit
1647 1193 1830 1252 laetari
1863 1212 1878 1250 ε

105 1288 291 1343 triplici-

90 1352 161 1392 ter
198 1362 305 1392 con-

89 1411 242 1468 tingit.

335 1311 478 1352 nam
502 1293 670 1351 aliter
715 1293 941 1350 laetatur
976 1290 1389 1361 benefaciam,
1427 1289 1595 1347 aliter
1618 1289 1883 1361 benepa-

337 1388 512 1458 tienS,
560 1386 727 1444 aliter
768 1384 1150 1443 benedicens
1200 1384 1431 1441 Primus
1462 1383 1691 1440 laetatur
1734 1380 1883 1438 sicut

338 1482 537 1555 gratioe
565 1480 909 1538 distributor
920 1498 937 1551 ;
970 1477 1286 1548 secundae,
1315 1477 1468 1535 sicut
1503 1476 1702 1549 gratiae
1742 1490 1884 1532 con-

337 1579 598 1647 secutor3
631 1574 853 1640 tertiuS,
875 1572 1024 1629 sicut
1053 1572 1252 1645 gratiae
1281 1587 1393 1646 pro
1424 1569 1613 1643 gratia
1638 1567 1884 1626 retribu-

338 1675 447 1727 tor.
479 1672 556 1726 De
609 1668 805 1742 primo
861 1666 1136 1724 scribitur
1190 1667 1202 1694 ¹
1232 1684 1246 1722 :
1299 1684 1328 1718 α
1356 1665 1619 1722 Laetabor
1661 1663 1724 1719 in
1777 1661 1883 1730 eis,

338 1780 476 1820 cum
503 1762 586 1820 eis
612 1761 961 1819 benefecero
999 1778 1013 1817 ε
1041 1780 1069 1813 ι)
1102 1775 1236 1816 ecce
1282 1757 1480 1815 laetitia
1523 1756 1755 1814 Domini
1781 1756 1885 1813 be-

338 1855 695 1914 nefacientis.
751 1858 827 1912 De
880 1854 1144 1912 secundo
1188 1869 1298 1926 per
1345 1852 1714 1910 psalmistam
1743 1850 1886 1907 dici-

340 1953 434 2009 tur
450 1949 473 1983 ²
498 1970 513 2009 ε
549 1972 578 2005 α
607 1949 896 2008 Exultabo
911 1953 968 2005 et
993 1947 1316 2005 laetaborin
1339 1944 1744 2003 misericordia
1762 1948 1883 2013 tua,

340 2044 626 2118 quoniam
652 2042 958 2116 respexisti
985 2041 1377 2099 humilitatem
1405 2055 1623 2110 meam,
1646 2037 1884 2095 salvasti

341 2138 417 2195 de
444 2136 888 2196 necessitatibus
915 2136 1178 2193 animam
1207 2151 1406 2192 meam
1430 2152 1444 2191 :
1467 2155 1493 2186 u
1527 2149 1662 2191 ecce
1685 2130 1887 2190 laetitia

341 2232 493 2290 servi
546 2231 990 2305 benepatientiS.
1045 2232 1124 2287 De
1170 2230 1339 2287 tertio
1384 2244 1493 2303 per
1532 2228 1886 2302 prophetam

340 2325 660 2400 psallitur·⁸
691 2343 706 2382 z
744 2344 773 2379 «
801 2325 1064 2382 Laetabor
1109 2327 1166 2380 et
1200 2322 1480 2381 exultabo
1523 2321 1585 2378 in
1614 2325 1699 2389 te;
1735 2320 1887 2394 psal·

341 2419 463 2477 lam
490 2418 716 2476 nomini
746 2422 868 2490 tuo,
905 2416 1194 2476 Altissime
1228 2436 1243 2474 ε
1271 2438 1299 2471 υ
1335 2432 1470 2474 ecce
1507 2415 1709 2473 laetitia
1736 2413 1889 2471 servi

342 2513 660 2570 Dominum
689 2511 1113 2570 benedicentis,

811 2671 1101 2726 Arcto-ulus
1137 2668 1414 2726 secundus.

412 2794 500 2856 Ad
525 2794 873 2869 sapientiam
899 2792 1325 2850 dulcorativam
1353 2793 1593 2850 attinere
1641 2791 1887 2850 convin-

225 2911 236 2922 ·
343 2890 511 2960 citur,
540 2888 709 2963 quod
736 2887 1010 2960 adjicitur
1058 2906 1072 2944 ε
1117 2890 1289 2959 Super
1329 2888 1543 2958 eloquia
1571 2893 1667 2943 tua
1698 2905 1711 2942 ε
1745 2902 1892 2961 quo-

341 2984 504 3039 niam
547 2981 788 3056 eloquia
833 2980 1133 3055 sapientiae
1186 2984 1320 3037 sunt
1374 2979 1601 3053 sapida.
1647 2982 1775 3049 Quo
1803 2996 1892 3038 sa·

340 3093 507 3152 pore,
535 3075 648 3133 nisi
668 3075 966 3134 dulcore?
999 3094 1027 3127 α
1056 3079 1183 3132 Non
1212 3073 1374 3132 enim
1401 3073 1582 3131 habet
1609 3074 1890 3131 amaritu-

343 3173 545 3229 dinem
574 3168 1148 3241 conversatioillius,
1182 3189 1210 3222 ι)
1231 3170 1381 3229 sicut
1410 3169 1664 3242 legimus
1689 3167 1728 3226 ⁴.
1761 3172 1891 3226 Haec

339 3267 516 3339 igitur
543 3265 782 3339 eloquia
821 3266 925 3321 tua
971 3267 1107 3321 sunt
1152 3263 1352 3321 dulcia
1402 3268 1459 3320 et
1496 3263 1888 3333 dulcorativa,

341 3364 461 3417 tam
504 3358 775 3430 interiuS,
834 3374 1019 3432 quam
1062 3357 1317 3415 exterius
1332 3375 1351 3428 3
1406 3356 1551 3430 quia
1606 3354 1893 3429 sapientia

342 3453 612 3510 dulcorat
655 3451 1014 3526 sapientem,
1058 3451 1303 3507 interius
1330 3465 1438 3524 per
1477 3464 1774 3524 saporem,
1795 3465 1894 3507 ex·

341 3547 517 3603 terius
542 3562 649 3619 per
678 3546 949 3603 odorem.
981 3548 1048 3601 Et
1085 3548 1258 3614 nota,
1300 3543 1467 3618 quod
1495 3541 1746 3616 legimus
1775 3541 1894 3599 elo·

342 3641 485 3714 quia
511 3640 710 3697 dulcia
739 3639 1044 3709 faucibus,
1085 3639 1286 3697 dulcia
1324 3638 1529 3708 labiis,
1577 3636 1772 3694 dulcia
1801 3652 1894 3694 re·

342 3733 521 3807 pertis
567 3733 938 3790 auditoribus
982 3733 1083 3805 (a);
1130 3733 1273 3807 quia
1316 3731 1613 3806 sapientiae
1654 3730 1895 3804 eloquia

342 3833 479 3887 sunt
516 3829 714 3887 dulcia
742 3830 1073 3901 refricanti,
1103 3828 1302 3886 dulcia
1329 3827 1665 3902 explicanti,
1695 3826 1896 3884 dulcia

342 3924 648 3998 proximos
673 3922 1004 3981 aedificanti.
1053 3926 1127 3979 De
1155 3923 1347 3997 primo
1375 3923 1396 3957 ⁸
1427 3939 1442 3977 ε
1474 3924 1662 3991 Quam
1697 3921 1898 3978 dulcia

343 4016 613 4075 faucibus
639 4018 787 4076 meis
812 4016 1053 4091 eloquia
1081 4019 1183 4074 tua
1209 4019 1223 4074 l
1257 4037 1284 4071 n
1330 4031 1463 4073 ecce
1494 4016 1735 4090 eloquia
1763 4014 1896 4072 dul·

344 4112 437 4170 cia
461 4112 732 4170 faucibus
777 4110 1198 4168 refricantium.
1230 4112 1307 4167 De
1336 4110 1603 4168 secundo
1640 4110 1662 4145 ⁶
1692 4128 1706 4167 ε
1740 4129 1769 4164 «
1814 4109 1896 4168 Si-

347 4209 446 4263 cut
472 4206 614 4264 vitta
641 4204 915 4263 coccinea
959 4202 1122 4261 labia
1148 4206 1273 4273 tua,
1307 4207 1364 4260 et
1390 4203 1699 4278 eloquium
1728 4208 1897 4261 tuum

346 4299 518 4357 dulce
536 4318 593 4356 z»
614 4316 748 4357 ecce
766 4298 1006 4372 eloquia
1021 4297 1222 4355 dulcia
1242 4296 1416 4355 labiis
1436 4297 1853 4371 explicantium
1879 4315 1893 4353 ε

346 4393 506 4451 unde
549 4396 969 4468 comparantur
995 4392 1152 4449 vittae
1193 4390 1515 4458 coccineae,
1546 4407 1681 4462 quoe
1707 4390 1898 4448 labio-

347 4503 482 4544 rum
508 4490 596 4543 est
621 4489 1058 4545 ornamentum.
1083 4489 1157 4543 De
1173 4485 1341 4543 tertio
1366 4486 1389 4521 '¹
1421 4503 1435 4541 ε
1475 4503 1506 4539 α
1532 4484 1640 4553 Qui
1662 4483 1897 4558 sapiens

348 4585 436 4639 est
461 4580 675 4650 corde,
705 4580 1106 4656 appellabitur
1131 4579 1424 4653 prudens3
1456 4582 1513 4636 et
1558 4578 1661 4653 qui
1711 4578 1900 4636 dulcis

347 4676 613 4751 eloquio,
641 4676 876 4749 majora
892 4675 1143 4749 reperiet
1158 4692 1176 4746 ;
1203 4695 1233 4729 ιο
1256 4690 1326 4732 ac
1343 4673 1392 4730 si
1417 4673 1646 4731 dicatur
1660 4677 1857 4748 aperte
1880 4693 1895 4731 :

346 4770 672 4844 Sapientia,
730 4784 863 4843 quae
916 4768 1189 4827 dulcorat
1241 4766 1485 4826 interius
1544 4783 1652 4841 per
1723 4783 1899 4840 sapo-

347 4880 494 4937 rem,
526 4863 866 4922 dulcorabit
903 4863 1157 4920 exterius
1199 4878 1308 4936 per
1336 4861 1616 4933 odorem,
1650 4865 1706 4920 et
1729 4877 1899 4935 repe-

347 4958 457 5016 riet
494 4958 556 5016 in
599 4956 971 5016 auditoribus
1001 4956 1070 5032 (b)
1106 4956 1363 5014 fructum
1401 4956 1688 5029 majorem
1719 4975 1734 5014 :
1765 4972 1898 5014 ecce

351 5053 591 5128 eloquia
618 5052 818 5110 dulcia
845 5051 910 5108 in
935 5050 1181 5126 repertis
1206 5050 1578 5109 auditoribus
1607 5051 1704 5124 (a).

419 5205 436 5238 ¹
465 5204 665 5266 Jerem„
709 5213 887 5266 xxxn,
924 5202 1004 5251 121.
1040 5227 1104 5238 —
1141 5200 1164 5234 ²
1201 5198 1334 5250 Psal.
1372 5210 1505 5262 xxx,
1535 5199 1581 5249 8.
1614 5227 1668 5236 -
1715 5200 1734 5229 ³
1769 5200 1898 5250 Psal.

353 5285 436 5325 ix.
479 5277 527 5326 3.
566 5301 631 5313 —
669 5276 687 5305 ⁴
718 5274 858 5337 Sap„
900 5282 1024 5333 vm,
1066 5273 1141 5322 16.
1187 5298 1248 5307 —
1284 5273 1303 5301 ⁸
1348 5269 1487 5320 Psal.
1527 5269 1657 5336 hoc,
1703 5276 1811 5322 103.
1840 5299 1902 5309 —

354 5345 373 5376 ⁸
401 5344 569 5409 Cant„
603 5358 673 5408 iv,
704 5349 753 5397 3.
776 5371 838 5383 -
867 5343 885 5378 ⁷
917 5348 1082 5404 Pron„
1112 5355 1220 5407 xvi,
1250 5346 1332 5392 21.
1361 5369 1424 5379 —
1453 5341 1476 5376 ⁸
1504 5342 1664 5407 Rom„
1695 5355 1787 5407 vu,
1817 5346 1898 5394 2¹.

3409 503 3526 563 527

2491 695 2782 752 Artis-ulus
2821 699 3045 753 tertius.

2060 823 2147 882 Ad
2172 822 2494 899 potentiam
2521 821 2846 895 agnitivam
2873 825 3135 895 spectare
3164 818 3530 900 intelligitur,

1988 916 2158 991 quod
2211 915 2549 974 immediate
2601 914 2817 988 legitur
2872 932 2888 972 :
2938 917 3092 974 Sicut
3144 918 3241 987 qui
3292 917 3530 985 invenit3

1988 1010 2158 1084 quasi
2185 1010 2342 1068 dicat
2371 1029 2386 1068 ε
2418 1010 2510 1068 Sic
2538 1009 2763 1067 invenit
2807 1008 3133 1067 intellectus
3177 1006 3437 1078 interius»,
3462 1006 3534 1064 si-

1989 1108 2085 1162 cut
2136 1120 2360 1172 sensus,
2417 1103 2519 1177 qui
2579 1103 2803 1161 invenit
2852 1103 3106 1160 exterius
3136 1102 3260 1159 :sic
3309 1099 3535 1158 invenit

1989 1198 2094 1256 iste
2126 1197 2547 1270 intelligibilia,
2577 1197 2725 1254 sicut
2756 1197 2856 1254 ille
2884 1196 3108 1254 invenit
3129 1194 3448 1253 sensibilia.
3468 1197 3535 1252 Et

1989 1298 2163 1364 nota,
2195 1292 2362 1366 quod
2395 1291 2657 1349 inventio
2701 1290 3056 1349 intellectiva
3097 1284 3323 1348 versari
3358 1288 3539 1346 debet

1988 1384 2366 1460 potissimumv
2400 1385 2556 1444 circa
2589 1385 2729 1456 tria,
2774 1384 2995 1442 scilicet
3028 1384 3339 1455 interiora,
3366 1399 3538 1457 supe-

1989 1480 2170 1551 riora,
2200 1480 2486 1538 exteriora
2516 1498 2531 1536 ε
2576 1480 2639 1537 in
2676 1478 3055 1537 interioribus
3073 1477 3370 1536 invenitur
3409 1493 3538 1535 ma-

1989 1575 2137 1632 teria
2186 1573 2657 1649 compunctionis
2673 1593 2690 1646 3
2730 1573 2795 1630 in
2846 1572 3253 1647 superioribus
3291 1571 3538 1630 materia

1992 1668 2435 1735 consolationis;
2484 1669 2545 1725 in
2576 1666 2963 1725 exterioribus
2991 1666 3238 1724 materia
3267 1681 3539 1739 compas-

1991 1762 2192 1821 sioniS.
2242 1763 2321 1818 De
2358 1761 2553 1835 primo
2583 1763 2606 1797 ⁸
2669 1779 2684 1817 ε
2733 1761 3025 1819 «Invenio
3075 1760 3270 1833 legem
3315 1757 3540 1818 volenti

1989 1855 2137 1913 mihi
2164 1855 2355 1913 facere
2384 1856 2614 1913 bonum
2630 1899 2650 1928 ,
2683 1856 2970 1930 quoniam
3000 1855 3229 1913 malum
3255 1853 3402 1912 mihi
3429 1854 3540 1912 ad-

1986 1951 2141 2023 jacet
2197 1969 2211 2007 :
2258 1971 2286 2002 υ
2346 1964 2480 2007 ecce
2533 1950 2796 2008 inventio
2852 1950 3233 2021 interiorum,
3278 1948 3540 2007 serviens

1993 2043 2453 2119 compunctioni.
2503 2046 2581 2100 De
2636 2044 2898 2103 secundo
2928 2047 2952 2079 ⁹
2994 2060 3010 2101 ε
3061 2042 3315 2101 «Inveni
3360 2057 3541 2117 quem

1993 2137 2187 2211 diligit
2212 2137 2413 2196 anima
2436 2152 2571 2194 mea
2598 2155 2614 2194 ε
2647 2158 2675 2192 »
2711 2153 2845 2195 ecce
2863 2136 3126 2195 inventio
3141 2136 3536 2211 superiorum,

1994 2232 2255 2290 serviens
2313 2230 2726 2289 consolationi.
2793 2234 2870 2288 De
2921 2229 3090 2288 tertio
3146 2230 3182 2265 ¹⁰
3222 2247 3237 2287 :
3275 2230 3541 2287 «Inveni

1994 2326 2354 2384 amariorem
2396 2328 2584 2382 morte
2624 2323 2968 2397 mulierem,
2998 2340 3133 2399 quae
3167 2323 3419 2398 laqueus
3442 2338 3543 2379 ve·

1994 2424 2273 2478 natorum
2302 2422 2405 2488 est,
2433 2434 2656 2492 sagena
2683 2433 2786 2476 cor
2813 2417 2960 2489 ejus,
2986 2416 3227 2474 vincula
3252 2420 3388 2474 sunt
3413 2433 3541 2475 ma-

1995 2531 2110 2572 nus
2135 2514 2295 2571 illius
2325 2532 2339 2570 :
2371 2513 2475 2587 qui
2514 2514 2710 2587 placet
2745 2516 2864 2570 Deo
2874 2554 2894 2584 ,
2942 2511 3181 2585 effugiet
3224 2527 3357 2570 eam
3388 2530 3404 2569 ι
3435 2514 3542 2587 qui

1973 2612 2199 2666 autem
2224 2609 2500 2682 peccator
2526 2610 2631 2678 est,
2659 2606 2923 2681 capietur
2947 2605 3026 2664 ab
3057 2605 3162 2664 illa
3193 2624 3208 2662 ε
3236 2626 3267 2662 »
3299 2621 3434 2665 ecce
3457 2606 3542 2664 vi-

1998 2703 2087 2761 sio
2119 2703 2477 2761 exteriorum
2504 2702 2764 2760 serviens
2792 2699 3206 2773 compassioni.

2479 2861 2763 2916 Articulus
2801 2862 3043 2931 quartus.

2070 2986 2160 3044 Ad
2223 2989 2502 3060 quartum
2555 2984 2866 3058 convenire
2915 2983 3321 3056 cognoscitur,
3378 2983 3546 3057 quod

2001 3083 2428 3154 consequenter
2473 3078 2848 3152 conjungitur
2881 3096 2896 3135 ε
2927 3078 3117 3150 Spolia
3157 3078 3350 3134 multa.
3390 3076 3547 3134 Sicut

2001 3175 2161 3233 enim
2196 3174 2388 3248 spolia
2422 3173 2759 3251 corporalia
2806 3176 2943 3230 sunt
2981 3175 3330 3229 ornamenta
3366 3169 3546 3228 deco-

2000 3268 2193 3326 rantia
2220 3284 2501 3342 corpora,
2545 3267 2626 3324 ita
2667 3264 2997 3339 spiritualia
3036 3264 3229 3339 spolia
3274 3267 3410 3321 sunt
3448 3280 3545 3321 or—

2001 3366 2279 3420 namenta
2305 3360 2642 3418 decorantia
2688 3359 2892 3418 corda.
2935 3358 3098 3417 Talia
3128 3357 3377 3432 quidem
3404 3373 3545 3432 spo·

2000 3454 2083 3512 lia
2110 3459 2264 3526 sunt,
2292 3472 2426 3529 quae
2452 3454 2637 3512 sancti
2664 3456 2862 3512 Patres
2882 3452 3252 3511 abstulerunt
3268 3451 3347 3510 ab
3364 3451 3549 3509 ethni-

2003 3548 2108 3620 ciS,
2139 3554 2195 3607 et
2218 3549 2595 3607 contulerunt
2632 3564 2704 3606 ea
2730 3546 3051 3605 catholicis.
3083 3549 3151 3604 Et
3191 3550 3354 3615 nota,
3382 3544 3550 3620 quod

2004 3645 2114 3700 ista
2142 3643 2364 3718 spolia,
2396 3643 2618 3700 scilieet
2644 3646 2992 3699 ornamenta
3020 3638 3347 3713 spiritualia
3365 3680 3384 3707 ,
3413 3641 3550 3696 sunt

2003 3736 2300 3809 tollenda,
2335 3736 2706 3809 colligenda,
2739 3733 3083 3793 dividenda.
3112 3732 3421 3790 Tolluntur
3449 3747 3552 3789 au-

2003 3835 2123 3889 tem
2150 3847 2258 3905 per
2284 3830 2496 3887 animoe
2533 3829 2690 3887 vires
2730 3827 3188 3903 apprehensivas
3198 3846 3217 3899 3
3260 3825 3549 3896 colligun-

2006 3928 2100 3982 tur
2137 3940 2245 4000 per
2287 3923 2439 3980 vires
2479 3922 2825 3994 retentivas3
2867 3920 3214 3978 dividuntur
3251 3935 3360 3993 per
3399 3918 3550 3976 vires

2007 4017 2417 4076 enuntiativa&
2447 4020 2525 4074 De
2551 4016 2746 4090 primo
2776 4024 2810 4054 ¹¹
2848 4033 2863 4072 ε
2892 4034 2920 4069 α
2944 4013 3219 4072 Tulerunt
3239 4012 3378 4086 justi
3408 4028 3550 4087 spo-

2009 4112 2092 4170 lia
2119 4112 2466 4186 impiorum,
2497 4131 2529 4166 π
2559 4109 2776 4168 scilicet
2815 4108 3088 4166 catholici
3133 4106 3503 4165 ethnicorum
3531 4126 3547 4165 ε

2008 4206 2103 4263 hic
2130 4205 2420 4263 tolluntur
2466 4202 2836 4278 sapientialia
2879 4202 3073 4289 spolia
3110 4218 3220 4277 per
3246 4201 3402 4259 vires
3441 4216 3550 4276 ap-

2008 4304 2411 4378 prehensivas‘.
2438 4304 2516 4360 De
2544 4301 2810 4359 secundo
2842 4301 2884 4335 ¹²
2913 4318 2927 4356 ε
2970 4318 3000 4353 α
3027 4303 3135 4358 Per
3162 4300 3287 4358 dies
3312 4298 3553 4373 triginta

2006 4398 2107 4457 vix
2153 4398 2400 4456 collecta
2443 4400 2579 4453 sunt
2619 4394 2812 4469 spolia
2850 4394 3225 4469 Assyriorum
3251 4410 3288 4453 a
3322 4393 3549 4468 populo

2010 4493 2187 4551 lsrael
2217 4512 2235 4549 .·
2264 4514 2291 4548 »
2325 4493 2422 4550 hic
2467 4492 2827 4565 colliguntur
2872 4491 2976 4548 illa
3018 4490 3213 4566 spolia
3254 4506 3363 4565 per
3396 4488 3554 4548 vires

2007 4587 2350 4658 retentivas3
2385 4585 2493 4643 ubi
2521 4584 2698 4643 etiam
2726 4601 2833 4660 per
2867 4600 3101 4643 moram
3137 4583 3419 4659 temporis
3443 4583 3552 4640 de·

2008 4683 2247 4738 notatur
2292 4678 2608 4738 difficultas
2647 4677 3019 4750 retentionis,
3062 4677 3206 4753 quia
3255 4675 3553 4735 difficilius

2011 4778 2096 4832 est
2138 4773 2408 4843 retinere,
2448 4789 2630 4848 quam
2659 4771 3127 4848 apprehendere.
3164 4773 3242 4829 De
3266 4770 3437 4830 tertio
3462 4770 3502 4806 ¹³
3530 4786 3552 4827 .·

2016 4886 2046 4922 ι
2069 4867 2393 4939 DebilibuS,
2423 4867 2707 4943 orphanis
2733 4872 2789 4924 et
2814 4867 3013 4924 viduis
3054 4865 3378 4924 diviserunt
3417 4879 3552 4939 spo-

2010 4962 2091 5021 lia
2122 4982 2136 5020 :
2168 4982 2197 5016 n
2231 4961 2326 5019 hic
2360 4961 2707 5020 dividuntur
2749 4961 2879 5035 ipsa
2929 4959 3121 5034 spolia
3161 4959 3549 5035 simplicibus,

2013 5063 2070 5115 et
2095 5056 2536 5115 miserabilibus
2566 5072 2675 5131 per
2708 5055 2864 5114 vires
2890 5053 3299 5113 enuntiativas.

2011 5222 2074 5234 —
2104 5200 2123 5227 ⁹
2151 5196 2318 5255 Cant„
2349 5207 2430 5258 111,
2465 5198 2512 5245 4.
2553 5222 2616 5232 —
2644 5195 2688 5229 ¹⁰
2716 5193 2900 5252 Eccle.,
2932 5203 3021 5253 ⁸:11,
3056 5191 3135 5240 27.
3165 5215 3226 5228 —
3264 5191 3299 5225 '¹
3327 5188 3467 5256 Sap„
3500 5202 3550 5255 X,

2016 5271 2092 5318 19.
2121 5295 2185 5306 —
2216 5269 2253 5304 ¹³
2276 5266 2472 5329 Iudith,
2498 5278 2584 5327 xv,
2617 5268 2693 5316 13.
2718 5292 2778 5300 -
2808 5264 2848 5298 ¹³
2874 5266 2913 5313 II
2941 5261 3126 5322 macla„
3155 5272 3269 5325 vm,
3297 5264 3375 5313 28.

2077 5353 2148 5417 (a)
2180 5354 2305 5405 Coet.
2340 5351 2463 5404 edit.
2493 5350 2718 5402 auribus.
2738 5373 2799 5387 —
2829 5347 2897 5413 (ὁ)
2930 5348 3053 5398 Item
3078 5344 3408 5409 adiutoribus.
