4196 6294
74 4842 236 4884 centi-

1657 522 2018 596 PSALMUS
2059 532 2153 598 CI.
3383 570 3503 630 275

313 638 495 705 culos
522 658 776 708 manus.
808 643 882 709 In
910 646 1032 713 hoc
1066 651 1311 732 psalmo
1348 653 1725 723 describitur
1749 661 1853 727 vir

311 747 628 829 perfectus
658 772 675 815 ε
705 750 775 815 in
802 772 934 836 quo
960 756 1207 838 psalmo
1231 760 1509 842 reperies
1534 766 1853 846 perfectio·

311 873 465 919 nem
494 903 511 935 ,
567 856 736 922 unde
782 858 906 925 hoc
949 864 1032 944 (v.
1074 864 1131 947 2)
1170 888 1185 927 :
1220 867 1493 944 Quando
1521 874 1735 939 venies
1764 876 1853 941 ad

310 979 461 1045 me,·
498 965 782 1047 eiusdem
838 970 1392 1052 amplificationem
1413 1024 1430 1056 ,
1478 976 1570 1040 ihi
1618 979 1701 1062 (v.
1738 985 1844 1062 3):

309 1072 870 1155 Pei-ammam
902 1079 1055 1143 mali
1080 1081 1486 1163 vitationem,
1516 1085 1607 1149 ihi
1652 1110 1667 1151 ε
1708 1090 1852 1158 Non

304 1180 733 1262 proponebam
772 1188 919 1251 ante
966 1186 1176 1254 oculos
1219 1204 1349 1256 rem
1394 1190 1708 1272 injustam
1730 1246 1746 1276 ‚
1790 1203 1854 1264 et

309 1287 400 1350 ihi
423 1287 507 1368 (v.
526 1292 623 1369 4):
656 1290 801 1359 Non
823 1292 1128 1375 adhoesit3
1166 1298 1527 1379 primorum
1555 1307 1850 1371 motuum

313 1392 726 1479 deletionem,
752 1400 925 1465 unde
957 1402 1039 1484 (v.
1068 1405 1128 1482 8)
1163 1427 1178 1469 :
1208 1406 1289 1470 In
1313 1410 1631 1476 matutino
1662 1413 1852 1479 inter—

312 1501 605 1581 ficiebam
641 1521 852 1574 omnes
891 1516 1247 1591 peccatores
1290 1518 1495 1581 terroe.
1545 1516 1665 1594 Qui
1710 1520 1851 1586 haec

313 1612 591 1691 quatuor
619 1615 822 1694 tenet,
854 1616 1171 1698 perfectus
1200 1625 1311 1686 est.

393 1719 913 1791 perambulabam
948 1729 1022 1793 in
1061 1731 1431 1801 innocentia
1478 1737 1688 1805 cordis
1727 1740 1854 1804 mei

189 1871 281 1902 uo.
313 1828 389 1893 in
415 1828 623 1896 medio
648 1829 875 1900 domus
899 1850 1073 1901 meoe.
1113 1837 1476 1908 Innocentia
1500 1844 1685 1911 debet
1714 1864 1852 1912 esse

178 1934 225 1965 ⁸·
313 1934 382 1998 in
409 1935 743 2019 ingressu,
770 1943 843 2005 ut
868 1941 933 2005 in
961 1960 1071 2023 eo,
1101 1946 1216 2027 qui
1239 1952 1444 2030 potest
1468 1968 1757 2034 peccare,
1790 1958 1853 2019 et

313 2061 447 2107 non
484 2044 656 2122 vult,
686 2046 856 2111 unde
900 2047 1025 2113 hoc
1045 2051 1109 2113 ¹:
1156 2075 1187 2113 α
1233 2053 1353 2131 Qui
1397 2060 1604 2140 potuit
1641 2064 1848 2127 trans-

312 2151 525 2232 gredi,
557 2155 621 2216 et
645 2170 777 2217 non
802 2157 900 2218 est
927 2158 1407 2242 transgressus3
1439 2187 1470 2224 ι)
1507 2170 1569 2230 et
1594 2167 1662 2231 in
1698 2188 1849 2252 pro-

310 2276 566 2340 gressu,
597 2261 769 2325 unde
804 2261 965 2327 hoc:
998 2263 1263 2341 Quando
1288 2271 1433 2352 quis
1459 2271 1651 2339 habet
1676 2295 1852 2342 occa·

311 2366 555 2432 sionem
582 2369 918 2450 peccandi,
952 2375 1016 2436 et
1040 2390 1172 2438 non
1196 2375 1340 2441 vult
1381 2378 1439 2442 ei
1468 2379 1620 2446 dare
1656 2385 1850 2450 effec-

312 2477 484 2555 tum,
517 2479 757 2541 etcum
797 2476 1083 2543 Christus
1110 2480 1459 2563 eligeretur
1483 2488 1554 2552 in
1581 2508 1806 2573 regem
1827 2543 1846 2574 ,

309 2581 546 2662 noluit,
572 2601 655 2647 ne
690 2584 871 2649 daret
908 2585 1049 2650 aliis
1085 2590 1479 2658 occasionem
1504 2599 1843 2680 peccandi3

305 2689 464 2772 etin
508 2707 817 2772 egressu,
862 2693 1097 2759 scilicet
1142 2703 1727 2785 consummatione,
1776 2711 1851 2772 ut

306 2798 560 2879 quando
581 2805 963 2882 provocatur
981 2803 1063 2886 (a)
1093 2804 1172 2869 ad
1194 2810 1612 2890 peccandum,
1630 2817 1693 2878 et
1715 2832 1847 2879 non

305 2911 563 2987 peccat,
611 2912 687 2973 ut
726 2909 834 2974 hic
858 2911 882 2944 2
928 2928 946 2974 ε
991 2932 1024 2972 e
1066 2912 1185 2990 Qui
1232 2918 1295 2980 te
1345 2921 1729 3001 percusserit
1776 2925 1848 2989 in

304 3030 504 3078 unam
523 3014 880 3095 maxillam,
901 3020 1121 3100 praehe
1145 3021 1205 3086 ei
1224 3026 1287 3086 et
1304 3024 1515 3091 aliam.
1544 3049 1577 3087 n
1608 3029 1847 3099 Domus

305 3138 477 3189 meoe.
507 3123 604 3189 Ad
632 3124 776 3206 hoc,
796 3126 967 3209 quod
995 3127 1224 3212 aliquis
1241 3132 1525 3215 quiescat
1542 3136 1613 3201 in
1630 3137 1841 3220 domo,

303 3230 444 3296 haec
488 3233 613 3297 tria
656 3239 808 3298 sunt
848 3239 1206 3303 necessaria
1252 3261 1269 3303 ε
1322 3243 1495 3325 quod
1554 3244 1729 3311 intus
1765 3248 1849 3312 sit

305 3339 582 3418 munda,
603 3345 666 3405 et
692 3342 862 3424 quod
889 3345 1124 3409 ostium
1142 3347 1223 3411 sit
1250 3347 1562 3430 clausum,
1585 3356 1648 3417 et
1674 3356 1844 3437 quod

303 3444 479 3511 intus
507 3448 735 3513 habeat
759 3453 978 3516 omnia
1009 3457 1384 3524 necessaria.
1422 3457 1528 3525 Sic
1556 3462 1624 3526 in
1655 3463 1845 3531 domo

302 3558 534 3623 mentis
590 3564 828 3626 nostrae
882 3580 1013 3628 non
1076 3566 1357 3649 quiescet
1408 3568 1603 3635 homo
1637 3621 1658 3651 ,
1714 3575 1844 3639 nisi

305 3665 653 3731 mundetur
687 3672 750 3733 et
784 3675 1066 3751 ornetur,
1106 3673 1278 3738 unde
1307 3674 1433 3739 hoc
1469 3698 1484 3739 ε
1521 3700 1553 3737 «
1587 3678 1846 3745 Adorna

300 3771 658 3838 thalamum
702 3778 896 3842 tuum
915 3782 1176 3859 ‚·1›·et0.;
1212 3789 1276 3845 et
1313 3781 1438 3846 nisi
1477 3786 1714 3851 ostium
1760 3788 1843 3851 sit

299 3880 590 3948 clausum
619 3931 639 3963 ,
685 3884 857 3949 unde
898 3885 1023 3950 hoc
1046 3887 1070 3922 ⁸
1107 3910 1122 3951 :
1164 3910 1195 3949 α
1237 3888 1411 3955 Intra
1448 3892 1517 3956 in
1549 3895 1843 3961 cubicula

297 3990 443 4067 tua,
472 3992 536 4054 et
562 3989 785 4055 claude
811 3992 971 4057 ostia
997 4011 1194 4076 super
1227 3999 1313 4061 te.
1342 4019 1375 4057 n
1411 3996 1635 4065 Nonne
1664 4001 1840 4069 Isbo-

297 4095 441 4162 seth
467 4101 764 4165 mortuus
790 4105 915 4181 est,
953 4102 1109 4184 quia
1148 4105 1405 4170 ostiaria
1438 4108 1667 4173 ancilla
1710 4130 1838 4177 non

294 4205 459 4270 hene
495 4208 776 4273 servavit
793 4208 998 4272 ostia?
1025 4207 1159 4289 Vir,
1197 4215 1261 4276 et
1288 4231 1420 4278 non
1449 4213 1527 4296 (b)
1553 4217 1835 4298 foemina,

292 4312 377 4377 sit
401 4313 472 4379 in
491 4315 781 4381 custodia
798 4318 1031 4382 mentis
1049 4314 1202 4399 tuae3
1222 4321 1407 4403 ratic,
1425 4341 1560 4388 non
1577 4342 1839 4391 sensua-

295 4419 463 4486 litas.
494 4420 574 4486 Et
599 4422 723 4488 nisi
752 4423 928 4491 intus
953 4426 1187 4493 haheat
1203 4432 1578 4513 necessaria,
1608 4433 1841 4500 scilicet

293 4526 500 4593 Deum
541 4549 694 4596 cum
737 4532 1072 4614 charitate,
1115 4537 1285 4602 unde
1329 4538 1452 4603 hoc
1478 4544 1501 4581 ⁸
1533 4563 1549 4605 ε
1590 4564 1623 4602 α
1663 4540 1841 4608 Habe

293 4635 672 4702 charitatem
703 4687 722 4718 ,
763 4644 827 4703 et
864 4641 964 4705 fac
996 4642 1305 4726 quidquid
1343 4646 1464 4709 vis·
1497 4667 1529 4706 n
1565 4646 1838 4714 Timenti

174 4788 262 4818 no·
294 4742 501 4809 Deum
528 4745 690 4810 nihil
732 4746 925 4812 deest.
957 4747 1122 4814 Nota
1145 4755 1276 4815 tres
1303 4755 1515 4835 partes
1542 4753 1839 4819 innocen-

230 4934 244 4946 ·
293 4853 405 4918 tiae
435 4872 453 4919 :
483 4854 693 4936 prima
719 4861 816 4921 est
860 4876 1010 4922 cum
1054 4859 1239 4925 malis
1284 4863 1672 4928 consortium
1705 4884 1839 4930 non

293 4961 577 5042 habere3
609 4966 884 5031 secunda
910 4970 1004 5031 est
1038 4985 1169 5033 non
1212 4969 1398 5034 malis
1440 4973 1831 5052 consentire3

362 5094 374 5122 ¹
405 5091 586 5154 Eccli„
615 5104 764 5155 xxxi,
797 5096 958 5143 10.-
979 5094 1001 5127 ¹
1025 5094 1164 5159 Luc„
1195 5107 1265 5159 v1,
1294 5099 1373 5148 29.
1401 5124 1464 5136 -
1491 5098 1512 5133 ³
1536 5100 1654 5158 Ira..
1689 5111 1833 5163 xxv1,

295 5165 379 5213 3⁰.
400 5189 465 5200 —
502 5163 526 5198 ⁴
558 5166 725 5229 Aug:
767 5181 795 5212 α
818 5168 964 5230 Ama,
1004 5170 1057 5216 et
1090 5165 1169 5217 rac
1201 5169 1338 5231 quod
1371 5168 1472 5219 vis.
1499 5186 1527 5217 »
1554 5196 1617 5209 —
1651 5171 1673 5206 ⁸
1697 5172 1833 5223 Psal.

295 5245 492 5299 unu,
524 5238 602 5285 21.
637 5262 700 5274 —
744 5237 763 5268 ⁸
801 5236 939 5287 Psal.
975 5248 1102 5303 xx1,
1137 5242 1186 5289 2.
1218 5264 1279 5276 —
1308 5240 1331 5276 ‘¹
1364 5242 1483 5304 lca„
1521 5253 1627 5307 vn,
1664 5247 1741 5293 ¹4.
1778 5271 1833 5282 —-

294 5306 493 5371 ⁸Rom.,
523 5317 638 5370 vm,
661 5309 739 5358 Π.
757 5334 818 5345 -
846 5309 1018 5366 ’Luc.,
1039 5320 1172 5373 xxu,
1197 5312 1277 5359 44.
1299 5335 1360 5347 -
1389 5313 1425 5343 ¹⁰
1451 5312 1655 5378 Halm,
1686 5325 1835 5377 xxw,

294 5380 376 5428 38.
417 5403 483 5417 -
521 5378 556 5408 ¹¹
597 5379 734 5441 Luc„
776 5390 940 5444 xxm,
987 5381 1068 5430 34.
1112 5406 1167 5417 -—
1221 5381 1259 5415 ¹¹
1301 5381 1437 5445 Luc„
1482 5394 1625 5447 xxn,
1661 5387 1741 5434 32.
1772 5413 1836 5424 —

298 5448 340 5483 ⁸⁸
362 5449 561 5511 Ezeeh„
594 5461 673 5511 xv,
713 5453 762 5504 3.
782 5476 849 5488 -—
889 5452 924 5482 ¹⁴
950 5450 1088 5503 Psal.
1118 5463 1257 5514 ινιτ,
1284 5455 1364 5503 3ο.
1391 5479 1455 5492 --
1496 5456 1539 5491 ¹⁸
1571 5456 1751 5517 Marc„
1780 5470 1833 5522 x,

296 5522 376 5572 38.
401 5548 464 5559 —
494 5521 534 5557 ¹⁸
559 5522 603 5571 n
632 5521 769 5586 Con,
798 5534 893 5586 xn,
913 5524 962 5572 9.
981 5546 1042 5562 -—
1063 5523 1133 5589 (a)
1166 5523 1310 5575 Edit.
1339 5524 1450 5577 Ven.
1482 5530 1744 5589 provocat.
1774 5554 1840 5569 -

1963 669 2150 733 tertia
2181 675 2277 735 est
2303 692 2453 740 cum
2486 681 2681 761 justis
2715 691 2964 768 partem
2990 691 3246 760 hahere.
3276 697 3390 764 Est
3427 701 3499 784 (c)

1960 780 2321 859 peccatum,
2352 785 2525 865 quod
2555 793 2849 871 provenit
2892 795 3177 880 aliunde,
3218 806 3292 868 ιιι
3339 806 3502 872 alte-

1958 881 2095 946 rius
2123 890 2536 969 suggestione
2569 896 2693 979 (d);
2724 903 2895 983 quod
2929 909 3226 987 provenit
3251 929 3332 976 ex
3357 932 3501 996 pro·

1960 992 2102 1072 pria
2122 995 2475 1080 voluntate,
2492 1006 2648 1086 quia
2676 1028 2807 1074 non
2822 1011 3097 1095 aliunde;
3124 1020 3295 1085 mala
3310 1041 3498 1104 uxor,

1960 1099 2132 1178 quod
2160 1108 2454 1184 provenit
2493 1112 2563 1194 (e)
2597 1131 2676 1177 ex
2706 1134 2915 1182 carne.
2950 1119 3101 1186 Haec
3138 1126 3262 1190 tria
3286 1131 3501 1212 expel-

1959 1202 2105 1270 lunt
2129 1207 2460 1280 hominem
2487 1236 2525 1281 a
2548 1219 2867 1289 domicilio
2896 1230 3128 1294 mentis
3155 1251 3310 1299 suae.
3358 1237 3456 1318 (f).

2297 1457 2456 1529 PSA
2466 1461 2695 1534 LMUS
2742 1467 3013 1542 DAVID
3059 1475 3139 1545 CI
3145 1530 3160 1546 .

2041 1644 2098 1703 1.
2142 1641 2364 1713 Oratio
2388 1657 2697 1733 pauperis
2731 1657 2827 1736 (f).
2860 1658 3064 1727 Homo
3100 1664 3180 1730 de
3223 1669 3495 1738 residuis

1957 1746 2471 1827 primordialibus
2514 1766 2765 1828 naturae
2807 1765 2965 1833 Adae
3009 1772 3219 1839 adhuc
3262 1776 3453 1845 habet
3473 1831 3490 1862 ,

1960 1871 2092 1918 non
2119 1860 2317 1925 totam
2343 1865 2593 1947 amisit;
2634 1872 2804 1937 unde
2834 1882 3039 1958 potest
3071 1881 3194 1947 dici
3222 1885 3244 1920 ⁸
3277 1909 3308 1947 α
3332 1907 3496 1971 pau-

1958 1977 2074 2042 per
2100 1970 2163 2028 et
2197 1965 2380 2052 inops
2411 1989 2428 2036 t
2454 1994 2486 2032 n
2522 1977 2897 2045 vulneratus
2941 1988 3116 2051 enim
3164 1994 3356 2058 estin
3380 2016 3494 2063 na-

1959 2069 2275 2137 turalibus
2293 2122 2316 2152 ,
2340 2094 2470 2141 non
2498 2086 2875 2165 expoliatus.

2039 2180 2100 2239 2.
2134 2181 2418 2265 Domine,
2442 2191 2691 2259 exaudi
2716 2200 3070 2267 orationem
3098 2220 3324 2274 meam.
3354 2210 3492 2278 Tri·
3556 2239 3736 2296 τῆριωι

1957 2282 2108 2364 plex
2137 2288 2293 2353 unio
2319 2293 2541 2374 capitis
2568 2300 2631 2361 et
2657 2306 2939 2384 corporis
2956 2355 2972 2387 ,
3015 2311 3253 2379 scilicet
3292 2317 3498 2386 Eccle-
3523 2303 3734 2410 “ζῖζ,ῗ,ζ

1959 2391 2104 2471 siae,
2132 2394 2202 2458 in
2231 2414 2385 2463 voce
2404 2448 2422 2478 ,
2451 2401 2519 2466 in
2546 2420 2763 2490 carne,
2795 2412 2864 2476 in
2890 2412 3278 2488 haereditatis
3303 2431 3497 2509 parti-
3524 2440 3624 2501 Ψ
3670 2439 3737 2471 ‘³⁸‘

1958 2500 2292 2583 cipatione.
2339 2506 2426 2573 De
2466 2513 2674 2594 primo
2700 2518 2723 2552 ⁶
2754 2541 2769 2582 ε
2816 2542 2847 2581 α
2870 2520 3076 2591 Verba
3121 2530 3496 2603 delictorum
3526 2492 3635 2544 ψ’

1958 2625 2248 2676 meorum
2290 2614 2492 2699 longe
2531 2640 2572 2685 a
2604 2623 2808 2691 salute
2851 2647 3014 2697 mea.
3065 2656 3096 2694 υ
3132 2636 3265 2704 Hoc
3307 2662 3421 2728 cap
3430 2652 3497 2712 ut

1958 2713 2035 2778 de
2074 2733 2143 2781 se
2172 2719 2240 2783 in
2266 2740 2537 2804 persona
2569 2735 3031 2806 membrorum.
3060 2742 3148 2809 De
3175 2752 3452 2818 secundo
3470 2803 3491 2833 ,

1957 2839 2112 2886 nam
2153 2825 2424 2895 dicitur:
2454 2833 2477 2868 ⁷
2513 2857 2544 2894 α
2586 2835 3001 2927 Emmanuel,
3033 2848 3098 2914 id
3126 2857 3242 2935 est,
3274 2858 3491 2924 nohis-

1957 2949 2107 2997 cum
2134 2933 2331 3016 Deus,
2360 2960 2391 3000 n
2427 2942 2659 3010 scilicet
2701 2950 3035 3020 nobiscum
3076 2958 3491 3033 humanatus

1956 3037 2044 3106 De
2088 3044 2277 3110 tertio
2305 3063 2324 3108 :
2352 3045 2482 3113 Nos
2513 3069 2741 3120 sumus
2764 3056 2787 3092 ⁸
2821 3082 2852 3121 α
2878 3061 3168 3132 haeredes
3204 3070 3355 3154 Dei,
3389 3094 3493 3141 co-

1955 3150 2243 3219 haeredes
2283 3162 2497 3224 autem
2538 3160 2789 3231 Christi.
2819 3190 2850 3228 »
2883 3171 3282 3244 Anxietatem
3312 3183 3491 3249 Chri-

1955 3250 2090 3324 stus
2130 3261 2357 3329 hahuit
2393 3268 2463 3331 in
2489 3287 2710 3351 carne,
2751 3277 2921 3343 unde
2945 3281 3069 3347 hoc
3095 3291 3117 3324 ⁹
3152 3307 3166 3347 :
3203 3310 3234 3349 «
3264 3289 3496 3358 Factus

1955 3369 2051 3429 est
2077 3369 2275 3434 sudor
2300 3373 2356 3454 ej
2366 3392 2441 3437 us
2476 3376 2638 3443 sicut
2663 3386 2866 3460 guttae
2894 3393 3232 3472 sanguinis
3267 3397 3490 3466 decur-

1954 3476 2152 3539 rentis
2197 3477 2266 3542 in
2302 3483 2494 3548 terra.
2542 3507 2573 3544 ι)
2630 3486 2704 3552 In
2744 3493 2982 3576 anima,
3037 3501 3202 3567 unde
3244 3504 3367 3571 hoc
3393 3510 3439 3548 ¹⁰
3473 3532 3488 3577 ε

1963 3602 1994 3642 α
2024 3580 2244 3649 Tristis
2273 3593 2369 3654 est
2403 3591 2621 3658 anima
2634 3614 2797 3663 mea.
2828 3622 2859 3660 n
2886 3601 2961 3667 In
2979 3609 3490 3698 crucifixoribus,

1951 3691 2122 3758 unde
2148 3714 2267 3777 pro
2295 3697 2388 3762 eis
2415 3703 2642 3784 oravit,
2688 3707 2858 3772 unde
2899 3710 3020 3776 hoc
3045 3715 3086 3752 ¹¹
3118 3738 3134 3779 ε
3172 3719 3493 3802 «Ignosce

1951 3798 2109 3883 illis,
2142 3805 2295 3887 quia
2316 3809 2610 3874 nesciunt
2649 3814 2803 3895 quid
2847 3817 3105 3887 faciunt.
3135 3846 3166 3884 n
3203 3825 3275 3891 In
3302 3848 3489 3913 apos-

1950 3909 2126 3992 tolis,
2157 3914 2326 3979 unde
2355 3916 2479 3982 hoc
2504 3922 2548 3955 ¹¹
2581 3943 2598 3984 2
2638 3944 2669 3983 α
2699 3921 2890 3991 Oravi
2915 3947 3032 4011 pro
3058 3939 3150 4013 te,
3181 3934 3388 4021 Petre,
3419 3947 3493 4008 ut

1949 4037 2082 4084 non
2122 4021 2368 4089 deficiat
2411 4027 2568 4093 fides
2607 4036 2739 4096 tua.
2781 4056 2814 4094 ι
2843 4034 2991 4103 Tria
3026 4040 3389 4124 impediunt
3410 4069 3494 4115 ne

1950 4128 2155 4194 oratio
2203 4134 2581 4202 exaudiatur
2606 4188 2623 4217 ,
2669 4140 2907 4209 scilicet
2965 4152 3221 4233 propria
3264 4156 3452 4240 culpa
3471 4207 3489 4240 ,

1950 4238 2135 4318 quasi
2163 4240 2369 4305 nubes
2395 4243 2562 4309 inter
2585 4265 2704 4312 nos
2745 4254 2808 4314 et
2832 4251 3034 4319 Deum
3060 4260 3285 4341 posita.
3317 4262 3494 4331 Unde

1949 4341 2238 4412 Ezechiel
2268 4351 2426 4417 vidit
2449 4358 2498 4393 ¹³
2524 4359 2918 4440 sartaginem
2961 4365 3128 4433 inter
3171 4389 3262 4452 se,
3293 4377 3358 4438 et
3395 4375 3492 4438 ci-

1948 4452 2250 4536 vitatem3
2287 4464 2350 4522 et
2382 4460 2503 4526 hoc
2529 4464 2575 4505 ¹·
2608 4488 2623 4530 ι
2656 4490 2688 4527 α
2721 4467 2792 4532 In
2822 4469 2949 4539 Deo
2976 4492 3120 4542 meo
3160 4482 3488 4564 transgre-

1950 4559 2087 4625 diar
2115 4581 2402 4632 murum.
2438 4590 2469 4630 n
2497 4569 2898 4659 Ignorantia,
2934 4582 3108 4647 unde
3131 4585 3371 4653 dictum
3398 4595 3495 4655 est

1950 4665 2028 4731 de
2053 4668 2203 4732 filiis
2231 4670 2517 4741 Zebedaei
2538 4679 2617 4744 ¹⁸:
2660 4703 2691 4742 α
2718 4681 2982 4751 Nescitis
3005 4691 3160 4772 quid
3184 4697 3484 4776 petatis.»

1948 4773 2059 4839 Dei
2112 4780 2349 4859 gratia,
2399 4784 2633 4851 scilicet
2682 4790 2764 4854 ad
2790 4801 3215 4876 augmentum
3242 4805 3453 4870 meriti
3471 4856 3490 4888 ,

1948 4882 2118 4947 unde
2141 4884 2479 4967 Apostolus
2522 4911 2653 4957 non
2696 4902 2793 4963 est
2820 4903 3157 4969 exauditus
3171 4954 3193 4985 ,
3224 4909 3334 4973 sed
3361 4910 3491 4977 dic-

1947 4995 2088 5057 tum
2103 5000 2198 5061 est
2212 4998 2272 5062 ei
2293 4998 2336 5035 ¹⁶
2355 5022 2370 5063 ε
2398 5022 2429 5061 α
2446 5000 2692 5070 Sufficit
2707 5007 2823 5073 tibi
2840 5013 3050 5093 gratia
3067 5033 3268 5080 mea.»
3286 5017 3495 5089 Exau-

1949 5189 2018 5253 (b)
2042 5191 2170 5242 Coet.
2188 5193 2308 5245 edit.
2323 5195 2461 5247 deest
2475 5213 2667 5251 non.-
2686 5204 2748 5269 (c)
2774 5205 2893 5259 c'oet.
2914 5207 3036 5263 edit.
3061 5211 3381 5269 stillicidium
3397 5226 3491 5273 est.

1950 5289 2004 5301 -—
2032 5262 2104 5325 (d)
2136 5265 2259 5317 Coet.
2289 5267 2411 5322 edit.
2432 5271 2548 5322 add.
2569 5272 2758 5326 fumus.
2777 5302 2840 5316 —
2862 5278 2925 5343 (e)
2943 5281 3084 5333 Edit.
3115 5284 3230 5338 Ven.
3251 5302 3494 5356 quaeper-

1949 5334 2105 5385 venit.
2133 5361 2197 5374 --
2225 5339 2297 5403 (f)
2326 5341 2521 5394 Coetera
2539 5344 2637 5395 hoc
2657 5347 2773 5400 loco
2806 5352 2975 5414 posita
2997 5354 3052 5404 in
3079 5362 3194 5409 caet.
3215 5362 3357 5427 edit„
3380 5364 3493 5429 lege

1945 5406 2011 5456 ad
2037 5421 2156 5472 pag.
2187 5423 2296 5475 seq.
2326 5413 2453 5465 Gaet.
2485 5418 2605 5473 edit.
2628 5433 2739 5471 non
2762 5421 2954 5475 habent
2973 5426 3146 5480 Oratio
3168 5436 3423 5499 pauper-22³,
3444 5443 3496 5488 et

1947 5477 2175 5600 rerertznt
2206 5485 2597 5605 ssxposilionem
2624 5489 2776 5557 hujus
2803 5494 2932 5547 tituli
2958 5498 3024 5548 ad
3052 5503 3235 5556 versIc.
3264 5510 3314 5567 5,
3350 5507 3494 5572 Defe-

1942 5563 2090 5601 cerun
2126 5587 2140 5612 ,
2173 5567 2202 5604 e
2260 5592 2271 5604 .
