4196 6294
696 447 817 508 ⁴52

696 581 775 636 De
796 575 967 635 tertio
999 589 1241 650 quoque
1278 572 1532 648 legimus
1552 583 1572 618 ι
1606 591 1622 629 :
1658 593 1686 626 α
1716 572 1884 630 Viam
1920 570 2244 644 iniquitatis

698 687 912 729 amove
940 686 977 728 a
1001 686 1100 728 me
1132 687 1147 728 ι
1178 691 1206 721 ιι
1241 684 1377 727 ecce
1405 668 1504 726 via
1530 665 1855 741 iniquitatis
1881 664 2238 725 amovenda.

1345 831 1602 898 Epilogus.

768 958 836 1013 Et
881 955 999 1013 hoc
1046 958 1170 1025 est,
1227 954 1395 1029 quod
1443 953 1525 1011 ait
1572 953 1902 1027 Propheta,
1954 955 2244 1027 tanquam

696 1066 956 1126 persona
994 1066 1215 1108 serenae
1264 1047 1634 1106 conscientiae
1649 1089 1671 1119 ,
1715 1051 1772 1105 et
1816 1064 2034 1105 securae
2052 1067 2071 1120 3
2119 1063 2244 1105 non

694 1145 939 1220 pavida,
968 1144 1074 1202 sed
1102 1143 1280 1201 avida
1302 1140 1705 1200 retributionis
1729 1141 1938 1200 futurae
1968 1160 1983 1199 z
2014 1145 2058 1198 A
2089 1159 2244 1199 man-

695 1240 846 1297 datis
897 1241 1044 1310 tuis,
1091 1254 1225 1312 quae
1272 1240 1408 1294 sunt
1458 1235 1887 1310 praeceptiones
1942 1236 2021 1294 ad
2075 1236 2244 1294 aliud

696 1333 981 1392 ordinatae
998 1352 1016 1404 3
1068 1333 1321 1389 Intelleaei
1333 1373 1353 1404 ,
1398 1329 1619 1387 scilicet
1658 1329 2117 1404 promissiones,
2162 1330 2243 1388 ad

694 1443 844 1502 quas
889 1431 1024 1484 sunt
1067 1425 1385 1497 ordinatoe3
1429 1427 1654 1497 Propter
1696 1440 1760 1480 ea
1802 1425 1986 1496 odivi,
2021 1423 2243 1481 scilicet

690 1523 934 1595 propter
968 1519 1421 1595 promissiones,
1463 1534 1597 1592 quae
1644 1533 1768 1575 non
1810 1521 1948 1575 sunt
1993 1517 2242 1576 ulterius

691 1614 977 1673 ordinatae
1008 1634 1022 1671 ε
1076 1614 1295 1672 Omnem
1335 1616 1484 1670 viam
1527 1613 1847 1683 iniquitatis
1865 1654 1886 1683 ,
1927 1628 2061 1686 quae
2105 1615 2243 1669 sunt

690 1708 951 1766 actiones
977 1707 1317 1783 prohibitas,
1342 1710 1400 1765 et
1422 1705 1792 1764 inordinata.

1240 1934 1574 1980 metemus
1598 1935 1675 1977 11.

768 2095 889 2152 105.
917 2094 1159 2149 Lucerna
1193 2091 1420 2164 pedibus
1456 2094 1624 2161 meis,
1651 2093 1762 2148 etc.
1793 2089 2054 2148 Charitas
2078 2088 2238 2146 intus

688 2186 920 2245 fervens
972 2185 1285 2260 occupavit
1339 2183 1710 2243 octonarium
1758 2183 2234 2258 proecedentem3

688 2279 940 2338 charitas
985 2279 1129 2337 foris
1158 2279 1363 2337 lucens
1397 2282 1646 2352 occupat
1670 2278 1831 2334 hunc
1865 2280 2233 2351 sequentem.

687 2373 996 2432 charitatis
1023 2378 1221 2431 autem
1240 2371 1486 2430 lucentis
1506 2372 1745 2429 interest
1762 2370 1925 2429 viam
1947 2370 2236 2428 moralem

688 2467 1006 2542 disponere
1023 2508 1043 2537 ,
1070 2467 1219 2525 sicut
1251 2466 1543 2525 intimavit
1582 2464 1993 2539 quaternarius
2032 2463 2231 2537 prior3

685 2565 745 2620 et
782 2562 965 2620 vitam
1005 2561 1317 2621 mortalem
1365 2576 1699 2634 exponere,
1750 2560 1901 2618 sicut
1944 2557 2235 2616 indicabit

683 2655 996 2730 posterior.
1035 2656 1203 2714 Viam
1242 2660 1440 2715 autem
1478 2655 1739 2730 disponit
1765 2656 1829 2714 in
1864 2671 2234 2730 prosequen-

685 2749 808 2822 dis,
835 2750 897 2807 in
924 2750 1352 2825 persequendis
1370 2792 1391 2821 ,
1418 2750 1480 2807 in
1508 2748 1874 2824 perferendis
1896 2791 1915 2820 ,
1943 2750 2005 2807 in
2032 2749 2234 2823 profe·

681 2843 909 2916 rendis3
939 2844 1090 2901 sicut
1113 2843 1338 2918 patebit
1374 2844 1439 2900 in
1476 2847 1734 2918 quatuor
1777 2843 2048 2901 versibus
2090 2859 2234 2917 pro·

682 2937 848 2995 ximo
875 2937 1181 2995 secuturi&
1211 2937 1436 2995 Primus
1474 2936 1675 3011 itaque
1717 2953 1923 2995 versus
1965 2937 2028 2995 in
2057 2937 2235 2995 bonis

682 3031 1117 3106 prosequendis
1164 3031 1326 3089 viam
1378 3031 1684 3106 disponit,
1743 3031 1892 3089 sicut
1940 3035 2104 3105 patet
2158 3048 2233 3089 ex

684 3128 941 3199 quatuor
966 3124 1223 3184 articulis
1250 3141 1405 3200 quos
1430 3125 1732 3200 proponit.
1772 3126 1931 3184 Sicut
1975 3124 2138 3183 enim
2166 3124 2230 3183 in

682 3218 784 3278 via
821 3218 1077 3277 naturali
1113 3218 1537 3294 proficiscentis
1563 3219 1820 3294 pedibus
1854 3219 2228 3293 providetur,

685 3328 823 3372 cum
860 3313 1069 3372 semita
1112 3312 1468 3386 praevidetur
1476 3333 1494 3385 3
1539 3314 1621 3371 sic
1663 3314 1727 3371 in
1783 3313 2002 3371 morali
2044 3308 2232 3387 profi-

685 3406 888 3466 cientis
952 3404 1365 3464 affectionibus
1426 3407 1774 3480 providetur
1804 3451 1822 3479 ,
1880 3422 2018 3464 cum
2076 3407 2230 3464 actio

683 3500 1056 3575 proevidetur.
1113 3503 1257 3557 Ecce
1307 3505 1561 3574 quatuor
1617 3503 1891 3559 contenta
1934 3500 1997 3557 in
2051 3499 2232 3572 hujus

683 3611 888 3655 versus
941 3592 1331 3666 continentia3
1378 3592 1599 3653 scilicet
1653 3593 1917 3669 provisio
1975 3593 2233 3651 affectio-

682 3704 865 3757 num,
903 3692 961 3745 et
1010 3686 1284 3761 praevisio
1338 3685 1638 3745 actionum
1690 3705 1706 3743 ι
1762 3686 1826 3744 in
1880 3686 2229 3761 provisione

682 3780 1010 3853 subtilitas3
1053 3780 1118 3838 in
1163 3780 1474 3838 affectione
1519 3779 1822 3839 mobilitas
1850 3801 1869 3854 3
1913 3781 1976 3838 in
2019 3780 2233 3856 praevi-

683 3874 846 3932 sione
888 3874 1140 3948 utilitas3
1169 3875 1233 3932 in
1260 3874 1491 3932 actione
1531 3873 1797 3933 facilitas,
1836 3875 1893 3934 Si
1923 3891 2065 3948 ergo
2093 3879 2233 3933 tuus

651 3971 659 3979 '
683 3967 924 4027 affectus
949 3967 1125 4026 fuerit
1148 3967 1391 4027 mobilis
1418 3968 1499 4026 ad
1527 3971 1725 4027 actum
1744 4011 1766 4041 ,
1795 3969 1899 4043 qui
1927 3968 1999 4026 sit
2019 3968 2234 4041 facille,

683 4063 995 4137 provideat
1046 4062 1362 4121 mobilitati
1431 4062 1723 4121 subtilitas
1761 4105 1784 4135 ,
1841 4063 2229 4137 praevidendo

687 4162 885 4217 utrum
910 4157 974 4215 in
1017 4156 1291 4216 facilitate
1330 4156 1404 4214 sit
1441 4156 1677 4214 utilitas.
1708 4156 1872 4215 Unde
1901 4157 2192 4231 Propheta
2213 4200 2230 4230 ,

684 4255 970 4327 tanquam
994 4266 1252 4325 persona
1279 4249 1559 4308 charitate
1585 4249 1808 4320 lucens,
1836 4250 2036 4308 lucem
2057 4266 2232 4309 suam

686 4344 960 4420 exprimit
981 4343 1064 4403 ita
1082 4344 1320 4403 dicens:
1343 4344 1579 4402 Lucerna
1602 4343 1865 4415 pedibus,
1896 4348 2028 4418 etc„
2052 4346 2225 4420 quasi

686 4440 845 4498 dicat
872 4458 887 4498 ι
917 4439 1177 4498 Verbum
1212 4443 1383 4499 tuum
1423 4443 1509 4497 est
1548 4439 1812 4513 provisio
1850 4442 2001 4499 meis
2044 4442 2226 4501 affec-

683 4533 974 4608 tionibus,
1002 4539 1059 4591 et
1085 4533 1359 4608 praevisio
1386 4532 1535 4592 meis
1561 4533 1914 4593 actionibus.

1187 4693 1467 4750 Articulus
1499 4694 1727 4764 primus.

751 4821 1154 4880 provisionem
1207 4819 1386 4892 igitur
1434 4818 1708 4877 indicans
1723 4859 1744 4890 ,
1792 4817 1873 4876 ait
1920 4836 1935 4875 ε
1991 4818 2231 4878 Verbum

681 4922 834 4973 tuum
864 4920 943 4973 est
970 4918 1213 4982 lucer-mu
1248 4929 1318 4971 ac
1347 4911 1397 4969 si
1428 4912 1625 4971 dicat:
1656 4911 1919 4970 Verbum
1944 4914 2115 4970 tuum
2144 4915 2231 4971 est

678 5009 1045 5083 provisivum
1080 5005 1406 5078 moraliter,
1433 5005 1584 5064 sicut
1616 5006 1863 5064 lucerna
1902 5005 2231 5079 corporali-

677 5106 795 5175 ter3
842 5103 986 5177 quia
1022 5100 1302 5176 providet
1339 5100 1568 5159 bomini
1605 5099 1902 5173 interiori,
1932 5100 2081 5159 sicut
2120 5099 2228 5159 illa

742 5249 921 5301 Ῥεαι.
950 5250 1079 5314 hoc,
1107 5250 1188 5300 29.
1209 5250 1510 5315 -¹Prov.‚
1540 5260 1630 5312 ιι,
1659 5251 1741 5300 27.
1768 5276 1824 5287 —
1852 5248 2219 5313 ⁸Psal.x1.1v,

676 5321 1308 5384 2.—⁴Eaeod.,xxvn,
1356 5286 2043 5386 20.-—⁵'Eccli.,x1.v1u,
2087 5327 2135 5371 1.
2160 5345 2223 5360 —-

674 5395 893 5459 ‘Apoc.,
918 5407 1029 5458 ιιι,
1055 5399 1132 5445 23.
1165 5421 1217 5431 -
1251 5357 1467 5458 ”Apoc„
1495 5405 1612 5458 ιιι,
1644 5398 1726 5445 11.
1754 5395 2061 5458 —⁸C‹mt.,
2091 5405 2140 5455 v,
2168 5396 2218 5443 3.

1743 434 2159 501 EXPOSITIO
2206 434 2284 499 1N
2328 434 2847 503 PSALTERIUM.

2352 571 2647 630 exteriori.
2697 577 2765 632 Et
2806 576 2949 631 nota
2980 614 3001 644 ,
3046 574 3214 648 quod
3257 573 3510 632 verbum
3553 577 3611 633 et
3657 574 3901 636 lucerna

2350 670 2486 724 sunt
2509 666 2685 726 valde
2726 683 2991 725 consona
3018 685 3038 725 ε
3070 671 3358 726 consonat
3397 668 3558 726 enim
3595 669 3781 727 verbo
3809 667 3896 727 lu·

2353 775 2530 819 cerna
2539 781 2557 833 3
2585 761 2815 819 interno
2859 761 3092 821 interna
3105 781 3126 834 3
3158 765 3403 821 externo
3432 767 3674 821 externa
3682 782 3703 836 3
3733 766 3898 822 aeter-

2350 871 2431 912 no
2475 859 2712 913 aeterna.
2760 859 2838 914 De
2883 856 3127 914 lucerna
3170 857 3401 916 interna
3439 854 3462 889 ¹
3505 874 3521 913 ι
3572 876 3602 912 α
3637 859 3897 916 Lucerna

2351 950 2582 1008 Domini
2603 951 2966 1026 spiraculum
2988 952 3268 1010 hominia
3299 973 3328 1006 »
3352 954 3431 1009 De
3455 952 3641 1011 verbo
3667 952 3892 1011 interno

2350 1043 2614 1102 similiter
2661 1035 2770 1120 per
2819 1045 3354 1120 psalmographum
3399 1049 3421 1082 ³
3470 1064 3484 1102 ε
3533 1066 3562 1102 α
3605 1047 3896 1105 Eructavit

2350 1153 2454 1196 cor
2499 1155 2702 1197 meum
2746 1140 3001 1198 verbum
3039 1141 3290 1199 bonum.
3322 1161 3351 1195 ιι
3399 1143 3478 1199 De
3518 1141 3763 1200 lucerna
3800 1159 3894 1200 ex-

2348 1234 2514 1291 terna
2549 1234 2572 1268 '⁶
2616 1252 2630 1290 :
2677 1234 2939 1292 «Ardeat
2967 1235 3208 1293 lucerna
3243 1252 3478 1309 semper
3519 1236 3584 1293 in
3620 1237 3893 1295 taberna·

2351 1326 2507 1384 culo.
2529 1348 2558 1381 ιι
2585 1330 2663 1385 De
2699 1329 2887 1387 verbo
2920 1334 3163 1387 externo
3195 1331 3217 1364 ⁸
3252 1349 3315 1387 :a
3335 1329 3593 1387 Verbum
3620 1330 3799 1404 ipsius
3814 1373 3832 1402 ‚
3858 1351 3889 1384 n

2349 1419 2568 1479 scilicet
2585 1422 2741 1494 Elioe,
2767 1443 2793 1475 α
2809 1422 2982 1496 quasi
3006 1421 3204 1481 facula
3222 1423 3491 1481 ardebat.
3513 1444 3542 1478 ιι
3560 1426 3637 1482 De
3652 1424 3895 1482 lucerna

2348 1519 2563 1573 oeterna
2589 1518 2610 1551 ⁶
2639 1534 2654 1572 ε
2693 1537 2721 1570 α
2751 1517 2962 1576 Civitas
2991 1533 3115 1574 non
3144 1520 3275 1590 eget
3302 1516 3429 1575 sole
3450 1561 3469 1588 ,
3497 1534 3691 1592 neque
3717 1518 3893 1587 luna,

2349 1613 2413 1666 ut
2451 1609 2688 1669 luceant
2714 1611 2778 1668 in
2805 1628 2908 1684 ea3
2949 1627 3094 1669 nam
3133 1611 3368 1669 claritas
3395 1612 3495 1670 Dei
3538 1612 3895 1670 illuminabit

2348 1717 2481 1760 eam
2506 1744 2527 1774 ,
2574 1708 2632 1762 et
2674 1705 2916 1764 lucerna
2966 1706 3093 1778 ejus
3145 1710 3233 1763 est
3274 1710 3496 1780 Agnus.
3529 1728 3558 1762 ιι
3592 1709 3669 1765 De
3698 1706 3889 1764 Verbo

2347 1801 2564 1856 aeterno
2594 1801 2615 1835 '¹
2663 1818 2678 1856 ε
2732 1819 2762 1854 α
2803 1801 3136 1858 Vocabatur
3183 1817 3406 1861 nomen
3459 1801 3588 1873 ejus
3636 1801 3893 1859 Verbum

2349 1891 2469 1948 nei.
2502 1911 2531 1947 ιι

2821 1967 3105 2024 Articulus
3141 1967 3423 2026 secundus.

2416 2080 2799 2139 Affectionem
2828 2087 3026 2141 autem
3052 2083 3392 2157 insinuans,
3420 2082 3587 2142 addit
3614 2101 3630 2140 :
3663 2084 3890 2142 Pedibus

2345 2177 2480 2231 meis
2509 2193 2527 2230 ε
2566 2175 2720 2234 sicut
2746 2176 2906 2234 enim
2926 2177 3111 2251 pedes
3139 2182 3378 2253 portant
3401 2178 3710 2236 hominem
3735 2182 3893 2236 exte·

2344 2269 2564 2326 riorem
2592 2286 2702 2343 per
2726 2270 2890 2328 viam
2912 2271 3267 2345 naturalem,
3288 2272 3372 2330 sic
3400 2272 3739 2330 affectiones
3753 2289 3890 2346 por-

2343 2367 2470 2421 tant
2512 2364 2852 2424 interiorem
2895 2383 3004 2441 per
3046 2367 3208 2426 viam
3256 2368 3567 2426 moralem.
3606 2371 3674 2425 Et
3715 2372 3889 2440 nota,

2346 2457 2514 2532 quod
2559 2458 2730 2517 dictis
2777 2459 3039 2534 pedibus
3078 2459 3398 2536 providere
3455 2461 3778 2532 debemus»,
3812 2477 3887 2518 ne
3937 2502 4133 2546 pm

2344 2550 2759 2626 inquinentur,
2788 2568 2864 2611 ne
2893 2554 3322 2629 illaqueentur,
3352 2571 3427 2612 ne
3454 2555 3887 2628 subvertantur3
3950 2565 4101 2619 provi·

3914 2627 4128 2672 dandum.

2343 2645 2449 2704 sed
2475 2647 2641 2720 puri,
2674 2647 2881 2721 liberi,
2913 2653 2970 2707 et
3010 2649 3167 2706 firmi
3210 2652 3533 2708 serventur.
3563 2649 3889 2724 inquinan-

2344 2746 2436 2800 tur
2463 2748 2661 2802 autem
2691 2761 2799 2818 per
2824 2745 3160 2818 luxuriam3
3188 2745 3587 2819 illaqueantur
3609 2762 3718 2820 per
3744 2762 3886 2803 ava-

2342 2836 2536 2895 ritiam
2552 2857 2570 2910 3
2614 2839 3037 2898 subvertuntur
3072 2858 3180 2918 per
3224 2840 3567 2914 superbiam
3576 2859 3597 2910 ,-
3634 2840 3740 2898 sed
3767 2857 3887 2898 ser·

2342 2934 2554 2989 vantur
2596 2948 2705 3006 per
2732 2934 3203 2992 sanctimoniam.
3246 2937 3325 2992 De
3351 2933 3546 3008 primo
3582 2935 3605 2970 ⁸
3638 2953 3653 2992 z
3689 2952 3718 2988 α
3750 2934 3889 2992 Lavi

2341 3017 2525 3097 pedes
2551 3041 2737 3091 meos,
2769 3047 2797 3082 ιι
2840 3026 3063 3086 scilicet
3084 3044 3193 3102 per
3217 3027 3656 3102 poenitentiam3
3689 3049 3718 3083 a
3737 3044 3887 3102 quo-

2341 3118 2527 3178 modo
2556 3121 2888 3196 inquinabo
2920 3123 3099 3182 illos?
3125 3143 3154 3180 ιι
3179 3122 3400 3182 scilicet
3421 3139 3530 3198 per
3555 3123 3882 3182 luxuriam:

2341 3230 2479 3272 ecce
2522 3215 2750 3289 pedum
2794 3216 3155 3291 inquinatio.
3201 3220 3282 3275 De
3325 3218 3590 3297 secundo
3619 3221 3687 3277 ⁹:
3724 3238 3755 3274 α
3785 3221 3888 3276 La-

2343 3322 2529 3381 queos
2556 3307 3000 3368 absconderunt
3043 3311 3302 3386 pedibus
3346 3313 3532 3371 meis:
3557 3334 3584 3368 ιι
3620 3329 3754 3371 ecce
3782 3328 3886 3386 pe-

2343 3399 2489 3458 dum
2513 3402 2879 3477 illaqueatio,
2899 3407 2977 3461 De
3004 3404 3173 3463 tertio
3194 3405 3272 3461 ¹⁰:
3302 3424 3332 3459 α
3349 3405 3717 3465 calamitates
3739 3421 3883 3464 meae

2339 3492 2500 3553 illico
2530 3501 2911 3556 surrexerunt
2921 3517 2939 3571 3
2969 3498 3154 3572 pedes
3182 3514 3351 3557 meos
3377 3499 3791 3559 subverterunt
3816 3518 3878 3557 :n

2342 3604 2477 3648 ecce
2517 3591 2742 3664 pedum
2786 3592 3109 3652 subversio.
3140 3595 3219 3650 De
3266 3597 3478 3667 quarto
3511 3593 3595 3651 ¹¹:
3640 3613 3669 3648 α
3708 3594 3887 3652 Pedes

2342 3687 2682 3743 sanctorum
2726 3702 2972 3745 suorum
3035 3687 3296 3746 servabit
3340 3707 3355 3745 z
3404 3710 3432 3745 ι)
3485 3704 3620 3748 ecce
3664 3689 3886 3764 pedum

2341 3778 2613 3837 servatio.

2845 3856 3128 3910 Articulus
3168 3857 3378 3911 tertius.

2413 3968 2827 4033 Praevisionem
2869 3985 3016 4027 vero
3065 3969 3381 4043 designans
3400 4012 3421 4042 ,
3465 3969 3650 4030 dicit:
3691 3973 3764 4028 Et
3799 3973 3883 4028 lu·

2342 4078 2501 4129 men,-
2543 4063 2685 4137 quia
2709 4079 2817 4138 per
2841 4063 3048 4121 lumen
3073 4064 3338 4138 pericula
3375 4064 3808 4137 praevidentur,
3831 4068 3885 4122 et

2341 4156 2592 4231 praevisa
2634 4161 3060 4231 praecaventur.
3109 4159 3227 4217 Sed
3269 4163 3441 4231 nota,
3474 4159 3642 4233 quod
3680 4158 3742 4215 in
3776 4158 3885 4215 ista

2340 4251 2690 4325 praevisione
2733 4252 2951 4310 diversi
2992 4252 3229 4310 diverso
3265 4252 3597 4324 diriguntur
3638 4252 3880 4309 lumlne.

2342 4347 2440 4403 Est
2481 4344 2640 4404 enim
2684 4347 2886 4405 lumen
2938 4346 3284 4405 naturaliter
3330 4346 3585 4404 inditum
3621 4366 3641 4417 3
3684 4345 3885 4402 lumen

2344 4440 2743 4501 doctrinaliter
2788 4441 3180 4515 acquisitum3
3210 4441 3414 4498 lumen
3450 4439 3773 4499 liberaliter
3797 4440 3884 4497 in-

2341 4532 2539 4592 fusum
2548 4554 2568 4607 3
2593 4539 2737 4609 puta
2762 4535 2969 4593 lumen
2993 4535 3297 4593 industriae
3311 4576 3331 4607 ,
3362 4534 3638 4606 scientiae,
3667 4533 3881 4607 gratioe.

2342 4630 2421 4687 De
2449 4629 2644 4703 primo
2675 4629 2715 4663 ¹¹
2747 4647 2762 4686 ι
2797 4649 2827 4684 α
2853 4630 3040 4703 Super
3068 4644 3250 4703 quem
3291 4643 3417 4685 non
3455 4631 3653 4701 surget
3684 4627 3886 4685 lumen

2341 4721 2500 4783 illius
2519 4725 2549 4781 ⁴?
2577 4743 2607 4778 ιι
2639 4722 2811 4799 quasi
2840 4722 2999 4780 dicat
3025 4742 3041 4781 :
3072 4721 3295 4781 NulluS.
3325 4725 3470 4781 Ecce
3497 4722 3705 4781 lumen
3731 4720 3884 4779 indi·

2341 4818 2487 4874 tum.
2521 4819 2601 4874 De
2628 4816 2889 4875 secundo
2919 4818 2964 4853 ¹⁸
2993 4834 3010 4873 x
3041 4834 3072 4873 α
3093 4817 3309 4889 Omne,
3353 4815 3522 4891 quod
3550 4814 3885 4875 manifesta·

2340 4914 2471 4984 tur,
2497 4910 2702 4969 lumen
2741 4915 2871 4968 est.
2910 4932 2937 4964 ιι
2975 4926 3109 4969 ecce
3153 4909 3359 4968 lumen
3403 4910 3775 4985 acquisitum.
3807 4911 3885 4967 De

2338 5003 2510 5063 tertio
2539 5002 2616 5042 ¹⁸·
2601 5024 2675 5062 ,α
2701 5008 2920 5063 Domus
2944 5005 3151 5077 Jacob,
3179 5005 3396 5077 venite,
3427 5009 3484 5064 et
3511 5004 3886 5063 ambulemus

2339 5098 2404 5156 in
2430 5098 2657 5157 lumine
2690 5098 2791 5156 Dei
2817 5098 3051 5158 nostri:
3081 5119 3109 5155 ιι
3142 5115 3277 5157 ecce
3301 5097 3509 5157 lumen
3530 5098 3811 5157 infusum.

2337 5276 2400 5286 —
2427 5251 2446 5280 ⁹
2471 5251 2676 5311 leram„
2702 5260 2856 5315 xv111,
2883 5251 2963 5301 22.
2983 5275 3047 5288 —
3073 5250 3116 5286 ¹⁰
3143 5249 3251 5313 Job,
3284 5261 3411 5314 xxx,
3441 5252 3518 5301 12.
3550 5275 3606 5285 -
3634 5251 3668 5280 ¹¹
3699 5250 3718 5299 1
3748 5248 3886 5312 Rev„

2338 5332 2399 5441 3,
2423 5324 2470 5442 ἓ.
2497 5348 2563 5360 -
2592 5322 2630 5356 ¹¹
2649 5319 2758 5384 Iob,
2785 5332 2910 5384 xxV,
2939 5324 2989 5372 3.
3022 5348 3085 5359 -
3114 5322 3160 5357 ¹⁸
3186 5319 3386 5384 Ephes„
3416 5332 3467 5384 ν,
3499 5324 3577 5372 13.
3606 5346 3668 5358 -
3697 5319 3737 5355 ¹⁸
3763 5320 3887 5384 lea„
