4196 6294
99 1135 290 1240 ιζᾷω“
336 1153 914 1236 triumphantium,
946 1154 1384 1218 morientium.
1414 1151 1600 1217 Prius
1627 1150 1877 1216 Jerusa-

153 1285 309 1330 πω.
336 1260 464 1325 lem
504 1261 671 1326 dicta
698 1264 795 1326 est
819 1260 1045 1338 Jebus;
1090 1263 1233 1343 post
1278 1258 1513 1324 Salem.
1544 1257 1738 1323 Jebus
1786 1262 1882 1322 est

125 1392 284 1439 selem.
334 1368 724 1433 conculcatio
741 1416 760 1448 ,
791 1367 1005 1432 Salem
1032 1384 1198 1451 pax.
1246 1365 1624 1432 Jerusalem.
1668 1365 1873 1430 Nota:

133 3341 262 3384 Oculi

110 3402 297 3509 2250}
328 3420 551 3484 oculus
593 3420 945 3485 dilectionis
964 3467 985 3499 ,
1043 3423 1106 3484 et
1161 3418 1386 3483 oculus
1427 3417 1599 3481 fidei.
1640 3415 1875 3481 Oculus

81 3529 174 3583 nis,
192 3531 238 3571 οι
256 3529 302 3569 fl-

1513 479 1805 545 PSALMI
1849 479 2351 546 cxxll-cxxm.

337 633 610 701 sequens
640 615 927 681 clausula
967 616 1188 700 incipit
1229 615 1579 696 adjectione
1592 663 1612 694 ,
1652 615 1721 678 in
1750 634 1882 699 qua

337 725 548 809 prima
571 724 852 789 clausula
879 724 1022 788 finit
1041 772 1061 803 ,
1093 728 1167 788 ut
1194 724 1318 788 hoc
1353 744 1370 787 ε
1405 723 1667 790 Stanies
1695 731 1885 787 erant

332 833 523 915 pedes
546 834 752 896 nostri
775 833 846 894 in
874 832 1057 895 atriis
1082 833 1206 896 tuis
1216 854 1242 912 ,·
1266 830 1623 896 Jerusalem
1639 848 1662 894 :
1689 830 1882 895 Jeru-

120 963 311 1070 ὴᾳῑῖῑω
336 941 538 1005 salem
556 988 576 1019 ,
608 958 756 1023 quoe
778 938 1151 1020 aedificatur,
1175 945 1246 1002 ut
1275 939 1522 1002 civitas·
1551 937 1705 1001 Tres
1730 941 1881 1002 sunt

160 1039 204 1084 xp
223 1038 291 1071 ex.

338 1048 648 1124 civitatee,
665 1050 741 1111 ut
757 1046 936 1129 prius
949 1047 968 1081 ¹
984 1045 1225 1110 dictum
1253 1049 1371 1124 est,
1392 1044 1876 1123 militantiuum‚

334 1477 543 1559 primo
567 1476 862 1540 homines
889 1480 1040 1539 sunt
1065 1475 1181 1538 filii
1228 1475 1380 1553 irae3
1419 1474 1609 1556 prius
1655 1473 1828 1537 enim
1856 1476 1881 1509 ²

335 1588 471 1663 est,
501 1582 682 1668 quod
702 1583 1032 1666 animale;
1057 1581 1284 1648 deinde
1312 1580 1493 1666 quod
1508 1581 1878 1663 spirituale:

334 1711 477 1758 ecce
500 1694 715 1758 Jebus.
750 1692 984 1757 Deinde
1030 1693 1425 1757 mundantur
1460 1692 1539 1773 (a)
1568 1708 1682 1773 per
1717 1691 1878 1773 bap-

336 1801 629 1878 tismum,
659 1799 893 1864 scilicet
918 1800 1252 1882 pacificati:
1280 1818 1422 1863 ecce
1448 1798 1685 1862 Salem.
1719 1798 1881 1863 Tan-

336 1910 482 1975 dem
510 1908 826 1975 videbunt
847 1908 1079 1972 Deum:
1102 1926 1243 1972 ecce
1267 1907 1641 1973 Jerusalem.
1684 1930 1716 1966 (ι
1743 1907 1879 1971 Coe-

330 2017 471 2080 lum
498 2016 639 2080 coeli
675 2016 975 2080 Domino:
1007 2038 1039 2074 »
1076 2033 1218 2079 ecce
1255 2014 1629 2080 Jerusalem.
1663 2036 1694 2075 α
1723 2012 1879 2078 Ter-

330 2142 473 2188 ram
506 2128 724 2188 autem
752 2122 926 2187 dedit
954 2122 1103 2187 filiis
1132 2122 1470 2187 hominum
1504 2144 1519 2186 z
1550 2144 1580 2180 o
1616 2139 1758 2186 ecce
1784 2120 1811 2185 J
1820 2140 1880 2186 e-

330 2231 610 2296 rusalem
657 2234 871 2309 terra,
918 2230 1033 2294 ubi
1080 2234 1174 2293 est
1209 2229 1231 2264 ⁴
1271 2250 1304 2290 α
1331 2247 1460 2311 pax
1506 2228 1878 2294 hominibus

329 2340 515 2404 bonae
540 2339 909 2405 voluntatis,
944 2337 1088 2402 Non
1129 2338 1366 2401 mortui
1392 2337 1744 2402 laudabunt
1769 2341 1833 2401 te
1851 2386 1872 2415 ,

331 2447 639 2512 Domine:
671 2469 702 2505 n
737 2463 880 2510 ecce
921 2446 1032 2536 ubi
1063 2449 1159 2510 est
1201 2446 1610 2510 conculcatio,
1659 2443 1820 2510 Nota
1854 2469 1869 2511 :

330 2556 385 2620 A
412 2556 617 2620 tribus
643 2555 1135 2620 commendatur
1161 2555 1268 2618 illa
1294 2555 1516 2620 civitas
1548 2578 1563 2620 z
1594 2555 1675 2619 ab
1707 2556 1877 2620 anti-

328 2662 606 2745 quitate,
637 2662 727 2726 ibi
757 2686 772 2726 ε
827 2663 989 2743 Quoe
1015 2662 1372 2743 aedificatur
1400 2671 1474 2726 ut
1511 2663 1762 2741 civitas;
1796 2662 1874 2727 de

331 2769 633 2834 charitate
665 2791 681 2833 :
718 2768 921 2850 Cujus
934 2769 1352 2852 participatio
1383 2777 1475 2833 est
1490 2788 1519 2851 ;
1545 2787 1584 2833 a
1604 2768 1871 2834 beatitu-

331 2878 483 2942 dine
505 2925 523 2956 ,
554 2877 645 2941 ibi
681 2899 696 2942 ε
729 2878 812 2943 In
839 2877 1142 2961 idipsum.

586 3119 987 3190 PSALMUS
1035 3118 1307 3191 DAVID
1353 3110 1619 3189 CXXII.

410 3310 520 3378 Ad
543 3318 601 3375 te
631 3311 840 3376 levavi
861 3310 1073 3375 oculos
1097 3328 1288 3375 meos.
1322 3310 1460 3374 Duo
1486 3311 1636 3372 sunt
1663 3307 1866 3373 oculi:

328 3527 681 3593 dilectionis
727 3527 1012 3610 duplex:
1046 3526 1293 3591 dilectio
1335 3524 1484 3604 Dei,
1527 3529 1590 3589 et
1626 3523 1871 3588 dilectio

331 3636 633 3719 proximi.
684 3634 916 3701 Oculus
945 3634 1095 3699 fidei
1130 3634 1369 3716 duplex
1406 3656 1421 3698 ε
1454 3631 1772 3713 cognitio,
1812 3635 1874 3695 et

327 3744 600 3809 devotio,
637 3743 768 3808 Hos
797 3746 1075 3825 quatuor
1099 3742 1314 3806 oculos
1353 3739 1433 3803 ad
1459 3739 1664 3804 Deum
1691 3737 1872 3803 leva-

326 3872 493 3918 mus,
527 3851 691 3918 Nota
722 3874 738 3914 ι
772 3851 913 3915 ideo
941 3850 1090 3914 dicit
1122 3873 1137 3914 ε
1181 3849 1458 3927 Levavi,
1487 3866 1620 3912 non
1667 3847 1871 3912 Leva-

325 3963 571 4040 vimus,
602 3959 756 4042 quia
779 3976 1000 4023 omnes
1019 3976 1227 4023 unum
1251 3973 1476 4021 sumus
1506 3975 1522 4019 ι
1551 3973 1702 4019 nam
1730 3973 1874 4036 par·

326 4068 690 4151 ticipatione
711 4065 1071 4143 charitatiS,
1103 4065 1316 4148 plures
1344 4063 1639 4128 homines
1665 4081 1872 4127 unum

325 4190 553 4237 sumus
574 4221 591 4252 ‚
622 4175 685 4236 et
712 4172 896 4252 plura
926 4173 1216 4237 membra
1228 4191 1435 4236 unum
1454 4190 1605 4235 cum
1628 4171 1872 4235 ChrIsto

325 4279 555 4361 triplici
582 4279 660 4343 de
685 4297 878 4343 causa
902 4284 1198 4362 :propter
1232 4278 1421 4360 regni
1450 4279 1866 4358 identitatem,

327 4388 497 4453 unde
523 4388 862 4471 Apostolus
883 4389 939 4450 ³:
976 4411 1008 4449 <t
1025 4387 1324 4453 Haered'es
1351 4404 1577 4453 sumus
1596 4376 1743 4464 Dei,
1776 4404 1872 4450 co-

326 4495 613 4560 haeredes
628 4499 845 4560 autem
859 4496 1084 4561 Christi
1099 4516 1116 4575 ;
1134 4517 1163 4554 υ
1187 4499 1445 4578 propter
1463 4510 1872 4557 communem

327 4605 700 4670 charitatem
723 4654 741 4683 ‚
771 4606 942 4670 unde
981 4606 1103 4669 hoc
1125 4605 1147 4640 ⁸
1184 4626 1201 4668 ε
1246 4626 1277 4665 α
1301 4602 1564 4684 Propter
1603 4601 1871 4665 nimiam

325 4712 733 4791 charitatem,
761 4731 890 4795 qua
916 4712 1138 4778 dilexit
1178 4729 1294 4776 nos
1316 4758 1337 4790 ,
1371 4709 1551 4773 misit
1590 4707 1756 4773 Deus
1793 4709 1873 4772 fl-

325 4819 489 4884 lium
516 4837 709 4883 suum
744 4819 814 4883 in
854 4819 1172 4884 mundum
1200 4840 1216 4896 ;
1248 4839 1279 4876 n
1315 4820 1575 4899 propter
1621 4817 1869 4880 naturae

329 4928 862 5004 conformitatem,
907 4928 1076 4993 unde
1124 4927 1357 5017 dieitur
1382 4926 1404 4960 “¹
1435 4922 1864 5003 Emmanuel,

330 5035 479 5117 quia
503 5035 794 5099 eamdem
821 5038 1119 5099 naturam
1144 5033 1341 5098 habet
1366 5031 1725 5096 nobiscum.

398 5203 409 5229 ¹
434 5200 618 5264 Supra,
644 5199 693 5247 in
720 5198 858 5249 Psal·
888 5210 1007 5249 cxx.
1031 5225 1092 5233 —
1118 5198 1138 5230 ¹
1172 5198 1186 5246 Ι
1219 5197 1356 5258 Cor„
1385 5207 1469 5256 κν,
1500 5198 1578 5246 46.
1603 5223 1664 5234 —
1691 5197 1710 5226 ³
1735 5196 1869 5247 Psal.

333 5281 492 5331 extu,
533 5276 609 5320 16.
647 5297 708 5309 -
742 5269 764 5303 ⁸
802 5271 936 5331 Luc„
986 5283 1051 5332 ιι,
1089 5271 1166 5320 11.
1192 5296 1253 5307 -
1291 5270 1308 5298 ⁵
1348 5269 1503 5328 Rom„
1541 5279 1670 5331 vm,
1711 5271 1785 5320 17.
1815 5297 1870 5307 -

336 5341 355 5369 ⁸
383 5341 579 5404 Ephes.‚
610 5354 669 5407 11,
709 5344 753 5391 4.
782 5369 845 5379 -
877 5343 893 5372 ⁷
923 5340 1128 5405 Manli„
1160 5353 1199 5404 1,
1226 5343 1306 5390 23.
1334 5365 1395 5377 —
1427 5339 1450 5374 ⁸
1478 5340 1663 5400 Eccle„
1689 5351 1764 5404 IV,
1796 5345 1872 5394 ¹2.

334 5437 395 5449 —
426 5412 446 5443 ’
483 5412 619 5463 Psal.
658 5425 854 5478 xxxix,
890 5416 937 5464 3.
965 5440 1030 5452 —
1070 5414 1109 5448 ¹⁰
1143 5412 1282 5463 Peal.
1315 5420 1470 5474 xcm,
1508 5417 1552 5461 1.
1582 5437 1645 5450 ·-
1683 5412 1722 5445 ¹¹
1753 5412 1874 5475 lm„

336 5493 454 5548 ην,
500 5488 547 5537 9.
584 5510 648 5523 -
692 5486 730 5521 ¹¹
771 5486 1003 5550 Hieron„
1046 5484 1097 5536 in
1140 5472 1344 5546 Erech„
1384 5498 1432 5534 c.
1475 5493 1505 5532 v
1548 5485 1602 5534 et
1649 5495 1767 5545 xv1,
1809 5498 1873 5537 ex

3413 490 3531 553 649

2068 622 2131 682 2.
2163 617 2269 681 Ita
2296 615 2469 681 oculi
2485 617 2710 681 nostri.
2740 616 2807 683 Si
2835 635 2954 683 nos
2978 618 3269 685 levamus
3316 620 3533 686 oculos

1990 727 2242 788 nostros
2272 724 2355 788 ad
2390 725 2594 789 Deum
2618 773 2636 803 ,
2682 727 2746 789 et
2785 727 2921 809 ipse
2960 745 3110 792 suos
3155 727 3417 793 inclinat
3451 729 3531 794 ad

1988 848 2136 909 nos;
2180 832 2235 893 si
2278 849 2502 895 manus
2550 836 2801 897 nostras
2834 834 3127 900 levamus
3177 836 3255 900 ad
3293 837 3526 917 Deum,

1989 938 2124 1019 ipse
2151 937 2285 1001 suis
2313 940 2609 1002 manibus
2647 939 2819 1004 levat
2850 959 3001 1021 nos;
3034 943 3123 1007 sic
3149 943 3228 1008 de
3255 935 3536 1009 caeteris:

1988 1043 2091 1108 Sic
2118 1045 2366 1110 Eliseus
2391 1045 2631 1110 volens‘
2661 1047 2967 1113 suscitare
3004 1068 3285 1132 puerum
3330 1050 3529 1116 Suna-

1988 1150 2196 1229 mitis,
2233 1170 2304 1216 os
2334 1153 2466 1232 ori,
2516 1152 2731 1217 oculos
2756 1154 2955 1219 oculis
2977 1203 2994 1233 ‚
3044 1161 3108 1220 et
3135 1175 3364 1222 manus
3389 1177 3532 1222 ma-

1989 1258 2181 1322 nibus
2207 1261 2530 1343 applicuit.
2566 1260 2670 1325 Sic
2697 1262 2778 1326 ad
2804 1262 2926 1326 hoc
2947 1311 2965 1343 ,
2995 1265 3164 1347 quod
3190 1265 3387 1329 homo
3416 1284 3525 1330 su·
3626 1289 3768 1331 aomo

1989 1367 2252 1431 scitetur
2280 1368 2550 1432 interius
2567 1414 2584 1449 ,
2614 1372 2863 1451 oportet
2899 1369 3007 1433 illa
3035 1371 3357 1454 applicari.
3398 1373 3530 1438 Hoc
3558 1359 3768 1455 32⁰5&

1989 1473 2156 1538 Deus
2182 1474 2329 1540 facit
2357 1476 2426 1538 in
2452 1480 2669 1540 nostra
2695 1477 3097 1543 suscitatione
3124 1502 3140 1558 ;
3174 1497 3324 1544 nam
3351 1481 3526 1544 cordi
3558 1473 3769 1579 ’ἓξὲξ

1987 1581 2094 1645 dat
2119 1581 2339 1646 lumen
2378 1583 2849 1665 intelligentiae,
2897 1585 2996 1648 ori
3020 1586 3295 1650 verbum
3337 1587 3530 1652 aedifl·
3559 1548 3670 1642 300.
3739 1548 3768 1579 ⁸

1987 1689 2248 1753 cationis
2267 1740 2285 1767 ,
2320 1690 2617 1754 manibus
2644 1707 2807 1773 opus
2844 1692 3137 1774 justitiae.
3170 1693 3332 1758 Nam
3361 1694 3530 1759 dedit

1987 1797 2269 1880 proferre
2296 1799 2553 1876 utiliter,
2585 1817 2728 1863 ecce
2755 1817 2825 1862 os
2852 1802 3214 1882 oppositum
3240 1802 3379 1881 ori;
3423 1802 3531 1867 dat

1987 1905 2220 1968 sentire
2268 1904 2557 1986 fideliter,
2603 1923 2745 1971 ecce
2784 1908 2952 1972 oculi
2982 1907 3215 1988 oculis;
3254 1909 3362 1973 dat
3404 1911 3530 1974 im-

1985 2012 2159 2093 plere
2188 2012 2545 2090 efficaciter,
2576 2031 2718 2077 ecce
2748 2032 2979 2079 manus
3007 2016 3328 2081 manibus.
3362 2015 3479 2082 Hic
3504 2018 3527 2052 ⁸

1995 2144 2026 2181 (t
2053 2120 2285 2202 triplex
2310 2121 2633 2187 funiculus
2687 2123 2939 2210 difficile
2978 2125 3303 2206 rumpitur
3334 2147 3364 2185 n
3395 2173 3420 2206 ,
3446 2126 3528 2190 ad

1985 2228 2408 2294 extrahendas
2434 2229 2680 2293 animas
2697 2232 2719 2266 ⁹
2741 2254 2773 2291 α
2787 2231 2864 2295 de
2881 2229 3025 2295 lacu
3047 2231 3344 2313 miseriae,
3367 2235 3527 2299 etde

1984 2335 2122 2401 luto
2148 2336 2339 2400 faeciS.
2352 2336 2503 2402 »Ad
2519 2337 2873 2401 Dominum
2893 2339 2993 2420 (b),
3010 2342 3163 2403 nota
3189 2339 3525 2405 :debemus
3602 2368 3722 2409 neu-

1982 2443 2185 2508 Deum
2211 2444 2609 2509 considerare
2654 2447 3002 2510 Dominum
3031 2491 3048 2527 ‚
3086 2450 3148 2511 et
3173 2447 3476 2511 factorem
3494 2497 3518 2528 ,
3551 2439 3764 2533 ἀῖῗᾞ,

1984 2555 2259 2633 patrem,
2291 2556 2354 2615 et
2378 2551 2866 2616 benefactorem.
2897 2551 2996 2616 Ex
3024 2554 3250 2635 primis
3276 2554 3523 2619 duobus
3551 2552 3764 2660 bssoewu‘

1983 2659 2264 2723 nascitur
2324 2659 2394 2721 in
2442 2658 2625 2723 nobis
2676 2659 2869 2722 timor
2884 2676 2905 2740 3
2958 2676 3041 2723 ex
3110 2662 3523 2743 sequentibus
3551 2629 3650 2722 «ἴω.
3678 2628 3752 2659 ω’

1982 2765 2237 2831 duobus
2263 2766 2489 2848 pudor.
2520 2765 2683 2832 Nam
2710 2766 2865 2848 quia
2892 2771 3095 2851 pater,
3125 2772 3187 2832 et
3231 2769 3386 2852 quia
3412 2770 3519 2835 be-

1982 2874 2210 2938 nefacit
2228 2874 2410 2952 mihi,
2432 2874 2630 2938 debeo
2647 2873 2891 2938 habere
2913 2875 3245 2957 pudorem.
3278 2876 3346 2941 Si
3369 2895 3522 2943 vero

1983 2998 2114 3044 non
2140 2981 2453 3060 servier03
2498 2980 2650 3063 quia
2689 2984 2990 3062 ingratus
3032 2982 3319 3047 beneficii
3361 2984 3523 3049 mihi

1982 3089 2231 3169 collati,
2283 3091 2435 3175 quia
2474 3090 2779 3156 Dominus
2826 3092 3150 3158 timendus
3188 3098 3321 3175 est,
3368 3113 3522 3160 nam

1983 3198 2120 3280 ipse
2166 3203 2260 3263 est
2288 3200 2334 3239 ¹⁰
2376 3222 2408 3259 α
2435 3199 2744 3264 Dominus
2784 3199 2952 3264 Deus
2998 3202 3351 3283 ultionum;
3381 3226 3412 3263 n
3457 3209 3521 3268 et

1981 3306 2134 3397 quia
2150 3308 2364 3387 factor,
2389 3307 2748 3372 adorandus
2765 3310 2828 3371 et
2843 3308 3163 3373 timendus
3171 3314 3267 3375 est
3281 3332 3297 3389 ;
3312 3330 3462 3375 nam
3477 3309 3519 3347 ¹¹

1991 3436 2022 3473 a
2042 3414 2197 3497 quid
2224 3417 2428 3497 potest
2452 3415 2837 3496 figmentum
2862 3415 3068 3499 figulo
3083 3418 3116 3479 ⁴?
3137 3439 3168 3476 ι)

2221 3592 2621 3731 PSALMtiS
2668 3660 2937 3733 DAVlD
2982 3660 3277 3731 CXXIII.

2037 3854 2162 3914 1-5.
2175 3849 2323 3918 Nisi
2329 3849 2486 3932 quia
2494 3849 2808 3914 Dominus
2823 3855 2962 3914 erat
2970 3844 3038 3913 in'
3046 3849 3249 3914 nobis.
3260 3850 3520 3935 Aquam

1983 3956 2474 4037 intolerabilem,
2505 3957 2629 4021 alia
2662 3957 2901 4037 littera,
2948 3957 3082 4023 sine
3117 3957 3472 4023 substantia
3494 3982 3518 4031 ‚-

1981 4070 2044 4130 et
2071 4069 2287 4129 tamen
2323 4064 2474 4128 dicit
2503 4063 2935 4148 Hieronymus
2984 4081 3184 4147 super
3226 4064 3520 4130 Ezechie-

1980 4172 2107 4237 lem
2138 4175 2182 4214 ¹³
2214 4194 2231 4237 ε
2270 4195 2302 4233 «
2329 4170 2507 4237 Solos
2543 4175 2797 4235 tantum
2824 4171 3020 4236 libros
3068 4171 3267 4256 Moysi
3313 4173 3522 4254 magis

1981 4278 2214 4343 eruditi
2266 4299 2306 4343 a
2354 4277 2774 4362 Septuaginta
2813 4277 3145 4343 translatos
3192 4280 3437 4362 putant.
3481 4300 3511 4335 n

1980 4386 2160 4451 Hanc
2189 4387 2564 4450 sententiam
2596 4384 3024 4469 Hieronymus
3068 4386 3137 4449 in
3179 4385 3402 4449 eodem
3442 4383 3517 4447 li-

1982 4494 2100 4557 bro
2148 4493 2326 4569 dicit,
2379 4493 2553 4576 quod
2589 4492 2768 4576 prius
2798 4492 2840 4530 ¹⁸
2863 4492 2934 4555 in
2983 4490 3250 4557 Psalmis
3280 4489 3524 4555 notavi-

1983 4619 2150 4665 mus.
2189 4600 2307 4665 Hic
2350 4600 2601 4679 dicitur,
2639 4599 2811 4682 quod
2854 4598 3026 4664 filius
3070 4598 3382 4682 prodigus
3417 4615 3517 4662 re-

1983 4710 2168 4775 cessit
2192 4728 2232 4773 a
2259 4711 2462 4790 patre,
2480 4706 2603 4770 hoc
2616 4711 2709 4770 est
2722 4724 2933 4789 genus
2949 4706 3333 4786 humanum,
3351 4705 3523 4789 quod

1982 4837 2096 4903 per
2123 4817 2448 4900 peccatum
2479 4813 2731 4878 recessit
2760 4832 2799 4878 a
2825 4812 2952 4877 Deo
2988 4832 3016 4884 ¹:
3069 4813 3179 4877 sed
3205 4812 3251 4849 ¹⁸
3285 4831 3521 4877 «num-

1982 4927 2140 5010 quid
2182 4922 2567 4988 obliviscitur
2614 4924 2815 4985 mater
2858 4920 2974 4984 mii
2999 4921 3164 4986 uteri
3209 4919 3280 5003 (c)
3327 4920 3468 4985 sui?
3484 4942 3516 4980 a>

1983 5038 2094 5099 aut
2104 5035 2148 5074 ¹⁸
2172 5056 2203 5094 α
2225 5029 2543 5112 numquid
2560 5027 2953 5094 obliviscitur
2969 5026 3252 5092 misereri
3271 5026 3436 5092 Deus
3449 5031 3515 5089 t»

1982 5180 2193 5243 Joseph.
2224 5177 2491 5240 Antiquit„
2519 5174 2608 5226 lib.
2641 5174 2751 5233 ΧΗ,
2778 5158 2826 5224 ο.
2853 5185 2911 5223 ιι.
2941 5199 3001 5210 -
3027 5173 3066 5208 ¹⁸
3093 5174 3284 5237 Supra,
3316 5172 3366 5222 in
3386 5172 3522 5224 Psal.

1983 5264 2166 5311 cxvm,
2202 5264 2255 5314 p.
2292 5249 2515 5297 sos-30³.
2541 5272 2604 5282 -
2633 5245 2672 5281 ¹⁸
2716 5246 2835 5310 Isa.,
2875 5256 3026 5309 xux,
3080 5246 3158 5295 15.
3203 5270 3266 5282 -
3313 5244 3351 5278 ¹⁸
3388 5243 3521 5294 Psal.

1987 5335 2166 5384 Lxxvi,
2198 5326 2273 5371 10.

2048 5413 2114 5477 (a)
2143 5409 2284 5462 Edit.
2316 5408 2427 5458 Vat.
2454 5405 2684 5457 mundat.
2708 5430 2771 5443 —
2797 5404 2865 5469 (ὁ)
2897 5406 3021 5456 Caet.
3051 5403 3170 5455 edit.
3199 5417 3306 5456 non
3331 5405 3523 5461 habent

1984 5485 2063 5538 Ad
2093 5484 2378 5536 Dominum.
2396 5506 2445 5517 —
2478 5479 2539 5544 (c)
2572 5478 2694 5530 Goet.
2716 5476 2841 5531 odit.
2870 5481 3015 5543 pater
3043 5475 3175 5528 uteri
3200 5476 3311 5539 filii.
3416 5546 3430 5560 ⁶
