4196 6294
431 2503 615 2548 Heredi-

405 2567 473 2608 tu
490 2577 613 2620 mys-

402 2624 507 2669 tica.

466 4583 627 4640 Aequi-

416 4651 516 4696 attio
546 4651 627 4697 tri-

415 4714 592 4772 partita.

622 375 742 436 460

622 504 757 564 vitm
768 505 1035 565 mortalis
1051 503 1439 580 expositione,
1457 508 1516 563 et
1531 504 1915 579 expositionis
1939 503 2165 578 duplici

623 599 872 670 ratione,
915 597 1039 657 duo
1082 613 1290 656 versus
1333 597 1686 673 proeambuli
1730 602 1866 656 sunt
1909 597 2166 656 breviter

624 692 966 768 praelocuti3
998 691 1074 750 de
1104 693 1272 750 tertia
1307 692 1566 762 ratione,
1604 691 1883 749 videlicet
1919 691 2171 749 manda-

624 790 824 846 torum
851 785 1287 857 observatione,
1318 802 1523 842 versus
1545 787 1651 843 iste
1678 785 1915 843 videtur
1942 785 2165 859 eloqui.

626 881 788 939 Unde
834 880 977 938 dicit
1019 880 1515 953 psalmographus
1555 897 1570 936 ε
1612 880 1966 952 Hereditate,
2014 883 2166 953 etc.;

627 992 697 1034 ac
723 975 772 1032 si
807 975 1149 1049 loqueretur
1183 973 1441 1048 apertius
1473 992 1486 1029 :
1527 976 1632 1030 Per
1656 976 1903 1047 paterna
1930 973 2173 1048 eloquia

628 1068 918 1143 acquisivi
963 1083 1219 1141 superna
1262 1066 1629 1139 testimonia,
1676 1083 1801 1124 non
1847 1066 2172 1125 auferenda

625 1178 735 1237 per
777 1165 1017 1219 externa
1052 1159 1372 1234 supplicia,
1414 1164 1657 1235 propter
1698 1161 1932 1219 interna
1975 1161 2175 1219 cordis

627 1256 855 1315 solatia.
900 1258 978 1312 Ex
1014 1254 1233 1329 quibus
1268 1257 1428 1328 patet
1465 1271 1670 1313 versus
1694 1256 1996 1330 praesentis
2024 1271 2176 1330 qua-

629 1349 935 1425 dripartita
962 1349 1322 1408 continentia
1357 1368 1372 1407 :
1405 1350 1663 1407 continet
1698 1350 1857 1408 enim
1890 1350 2175 1408 eruditio-

628 1460 766 1502 nem
799 1447 1131 1518 paternam,
1152 1443 1603 1517 acquisitionem
1629 1459 1970 1518 supernam,
2002 1443 2177 1503 deso-

629 1538 913 1596 lationem
940 1540 1267 1609 externam,
1291 1541 1347 1595 et
1364 1537 1834 1596 consolationem
1860 1538 2174 1597 internam.

634 1635 777 1689 Ecce
802 1630 1099 1689 hereditas
1123 1631 1462 1700 retinenda,
1492 1631 1800 1705 acquisitio
1826 1631 2175 1704 detinenda,

636 1725 924 1785 desolatio
952 1724 1317 1797 sustinenda,
1341 1724 1666 1784 consolatio
1697 1726 2041 1786 obtinenda.

1130 1883 1417 1940 Articulus
1449 1888 1679 1957 primus.

712 2009 971 2068 Primum
999 2024 1143 2081 ergo
1169 2009 1589 2084 praesignatur,
1621 2027 1758 2070 cum
1794 2014 2131 2087 praedicitur
2159 2034 2175 2073 ε

641 2105 970 2162 Hereditate.
1024 2106 1152 2161 llaec
1201 2107 1288 2161 est
1340 2104 1635 2162 hereditas
1687 2107 2029 2178 eruditoria,
2084 2110 2181 2168 vel

641 2198 893 2257 eruditio
936 2197 1294 2256 hereditaria
1333 2217 1347 2257 :
1395 2215 1529 2256 ecce
1572 2199 1867 2258 hereditas
1913 2202 2138 2276 optima
2161 2245 2180 2273 ,

641 2309 766 2369 qua
792 2293 1009 2351 ditatur
1047 2296 1104 2350 et
1138 2290 1444 2364 dilatatur,
1484 2308 1608 2349 non
1637 2309 1882 2367 θοι-ρης,
1910 2295 2018 2353 sed
2047 2297 2184 2353 ani-

641 2404 776 2459 ma3
822 2402 947 2445 non
998 2384 1233 2460 praediis
1277 2385 1599 2458 lutulentis,
1630 2386 1736 2443 sed
1780 2387 1965 2445 radiis
2008 2388 2181 2448 lucu-

642 2482 832 2540 lentis.
861 2484 929 2539 Et
952 2483 1127 2553 nota,
1156 2479 1325 2555 quod
1362 2480 1656 2538 hereditas
1694 2483 1942 2557 mystica
1967 2484 2182 2557 tripar-

642 2576 745 2633 tito
774 2574 1147 2646 distinguitur
1172 2573 1238 2630 in
1264 2574 1562 2649 Scriptura
1592 2594 1607 2632 ε
1655 2575 1738 2632 ibi
1768 2576 1983 2649 legitur
2009 2577 2183 2635 here-

643 2669 794 2727 ditas
820 2683 1093 2739 morum,
1120 2667 1416 2725 hereditas
1451 2668 1862 2742 praemiorum,
1888 2670 2187 2729 hereditas

642 2762 1073 2836 suppliciorum
1142 2779 1157 2817 ε
1223 2761 1419 2835 prima
1491 2762 1811 2820 laudabilis
1839 2783 1857 2836 3
1924 2765 2187 2823 secunda

643 2855 1053 2914 desiderabilis
1068 2875 1086 2928 ;
1132 2857 1298 2915 tertia
1343 2855 1721 2914 detestabilis.
1777 2860 1853 2915 De
1898 2858 2093 2932 prima
2120 2859 2138 2893 ¹
2169 2879 2184 2919 ε

650 2971 679 3003 α
705 2953 834 3008 Haec
871 2953 958 3008 est
993 2949 1289 3008 hereditas
1331 2966 1640 3008 servorum
1688 2951 1827 3022 Dei,
1873 2956 1929 3010 et
1965 2953 2189 3026 justitia

645 3060 855 3103 eorum
896 3044 1060 3119 apud
1094 3059 1192 3101 me
1213 3087 1231 3116 ,
1258 3044 1401 3104 dicit
1425 3045 1707 3103 Dominus
1737 3063 1751 3102 ε
1783 3066 1811 3101 »
1845 3062 1978 3105 ecce
2025 3048 2192 3107 here·

646 3139 798 3198 ditas
841 3155 1098 3223 morum.
1149 3141 1228 3198 De
1276 3139 1538 3197 secunda
1575 3137 1597 3172 ²
1636 3158 1651 3197 ε
1688 3158 1716 3195 α
1756 3140 2186 3216 Quodcumque

645 3233 852 3305 facitis,
880 3250 956 3292 ex
997 3233 1199 3292 animo
1243 3234 1597 3308 operamini,
1641 3236 1792 3293 sicut
1832 3237 2104 3306 Domino,
2134 3240 2192 3294 et

645 3345 770 3387 non
793 3327 1165 3402 hominibus;
1194 3328 1439 3387 scientes
1454 3371 1473 3400 ,
1504 3328 1671 3402 quod
1696 3346 1734 3387 a
1760 3330 2009 3388 Domino
2038 3331 2191 3389 acci-

646 3424 822 3499 pietis
844 3423 1293 3482 retributionem
1307 3423 1648 3482 hereditatis
1662 3444 1691 3479 n
1715 3443 1729 3482 ε
1747 3441 1881 3483 ecce
1898 3426 2196 3483 hereditas

647 3518 1048 3594 praemiorum.
1090 3521 1168 3576 De
1196 3519 1364 3576 tertia
1391 3520 1414 3555 ⁸
1446 3538 1461 3575 ε
1498 3538 1526 3571 «
1568 3522 1695 3578 Haec
1722 3522 1970 3595 estpars
1995 3521 2192 3579 homi-

647 3613 740 3671 nis
765 3612 934 3688 impii
954 3612 1117 3688 apud
1145 3616 1347 3686 Deum,
1375 3618 1434 3671 et
1458 3613 1754 3673 hereditas
1772 3615 2191 3689 violentorum,

652 3723 832 3782 quam
862 3706 940 3765 ab
968 3706 1381 3781 omnipotente
1412 3707 1764 3782 suscipient,
1796 3730 1825 3765 n
1859 3713 1972 3769 etc.
2010 3730 2025 3768 ε
2056 3727 2194 3769 ecce

650 3800 945 3861 hereditas
971 3799 1420 3875 suppliciorum.

1124 3960 1409 4017 Articulus
1443 3961 1724 4018 secundus.

727 4085 1062 4145 Secundum
1102 4085 1470 4159 assignatur,
1499 4102 1637 4143 cum
1665 4085 1906 4144 additur
1936 4106 1951 4143 ε
1988 4091 2200 4161 Aequi-

656 4186 765 4241 sivi
794 4184 1098 4240 testimonia
1126 4184 1239 4237 tua.
1266 4182 1424 4252 {Quae
1457 4181 1813 4251 testimonia,
1839 4181 1951 4238 nisi
1983 4182 2200 4242 divinas

657 4276 915 4336 veritatis
923 4318 945 4347 ,
973 4280 1031 4334 et
1056 4275 1374 4334 voluntatis
1401 4275 1674 4349 judicia?
1702 4278 1831 4333 Haec
1865 4275 2200 4335 testimonia

658 4371 737 4429 ab
765 4369 1165 4429 eruditoribus
1201 4368 1596 4444 accipiuntur,
1626 4369 1776 4427 sicut
1811 4369 2202 4429 mercimonia

658 4479 697 4523 a
741 4463 1171 4523 mercatoribus
1219 4462 1623 4536 acquiruntur.
1674 4464 1741 4520 Et
1789 4464 1930 4521 nota
1952 4504 1975 4534 ,
2030 4463 2202 4536 quod

656 4556 870 4633 legitur
889 4559 952 4616 in
979 4557 1275 4632 Scriptura
1302 4555 1610 4630 acquisitio
1637 4555 1955 4631 tripartita,
1982 4556 2204 4615 scilicet

657 4652 1019 4727 speculativa
1038 4693 1060 4722 ‚
1115 4651 1306 4710 activa
1324 4691 1347 4722 ,
1402 4650 1876 4709 consummativa
1931 4669 1947 4709 ε
2003 4651 2202 4725 prima

656 4746 952 4819 veritatis3
1007 4743 1269 4804 secunda
1316 4743 1574 4816 virtutis;
1630 4743 1799 4802 tertia
1844 4743 2066 4802 salutiS.
2122 4747 2203 4801 De

657 4841 851 4916 prima
870 4840 938 4910 ‘jz
973 4858 1001 4894 α
1029 4838 1277 4913 Acquire
1296 4838 1701 4912 prudentiam,
1727 4836 1869 4912 quia
1892 4837 2207 4912 pretiosior

660 4938 746 4994 est
788 4937 1035 5008 argento
1073 4951 1088 4990 ε
1119 4954 1147 4989 ιο
1182 4949 1316 4991 ecce
1358 4932 1667 5005 acquisitio
1712 4932 2093 5007 speculativa.
2124 4935 2204 4989 De

660 5027 923 5087 secunda
965 5027 1108 5086 dicit
1156 5026 1460 5085 psalmista
1503 5026 1525 5060 ⁸
1574 5043 1589 5082 z
1644 5044 1674 5079 α
1716 5025 1952 5083 Induxit
1993 5041 2097 5083 eos
2141 5024 2206 5082 in

661 5124 924 5180 montem
961 5119 1438 5181 sanctificationis
1483 5136 1641 5193 suae3
1685 5123 1950 5178 montem
1969 5161 1989 5192 ,
2024 5135 2205 5194 quem

730 5255 740 5280 ¹
772 5251 892 5313 Iso„
924 5260 1028 5310 nv,
1063 5250 1139 5299 17.
1163 5274 1227 5286 -
1253 5248 1271 5278 ²
1296 5246 1505 5306 coloss..
1535 5259 1616 5309 ιιι,
1650 5249 1729 5297 24.
1756 5274 1819 5287 -
1849 5247 1869 5277 ³
1896 5246 2009 5310 Job,
2038 5259 2204 5307 xxvii.

666 5325 741 5374 13.
774 5345 839 5361 -
882 5320 901 5351 ¹
938 5321 1106 5383 Pron„
1146 5331 1265 5383 xvi,
1309 5323 1384 5371 16.
1419 5344 1483 5357 -
1525 5318 1547 5354 ⁸
1591 5317 1729 5370 Psal.
1776 5330 1987 5381 Lxxvu,
2029 5320 2110 5369 54.
2144 5343 2207 5357 —

1669 366 2085 435 EXPOSITIO
2127 367 2208 434 IN
2250 367 2778 435 PSALTERIUM.

2277 503 2584 579 acquisivit
2614 503 2857 563 dextera
2883 505 3029 577 eiua.
3066 525 3097 560 ιι
3131 507 3385 565 montem
3407 504 3820 564 sanctificatio-

2275 597 2368 654 nis
2394 597 2644 672 acquirit
2664 599 2791 672 ejus
2817 598 3080 670 dextera,
3111 599 3217 674 qui
3246 598 3627 657 eminentiam
3654 615 3821 657 sanc-

2276 692 2451 750 titatis
2477 691 2729 766 acquirit
2744 708 2851 766 per
2867 697 3068 752 sancta
3091 709 3275 768 opera
3298 700 3324 751 τ’
3344 708 3478 751 ecce
3511 694 3816 769 acquisitio

2277 787 2488 845 activa.
2529 789 2606 843 De
2640 788 2811 845 tertia
2853 788 3053 862 psallit
3098 787 3387 861 Propheta
3412 789 3433 823 ⁶
3464 805 3480 844 ε
3515 807 3544 841 «
3586 787 3818 847 inhabi-

2278 883 2490 940 tabunt
2521 882 2603 939 ibi
2621 923 2640 952 ,
2670 886 2726 939 et
2762 882 3086 941 hereditate
3119 883 3429 957 acquirent
3467 898 3623 939 eam.
3665 902 3695 937 n
3727 882 3816 940 Sic

2277 975 2501 1034 iaciunt
2517 976 2980 1050 contemplativi,
3005 976 3108 1051 qui
3132 976 3194 1033 in
3217 976 3327 1033 hac
3348 975 3819 1050 peregrinatione

2279 1069 2409 1128 solo
2434 1085 2684 1144 corpore
2713 1070 3046 1141 constituti,
3079 1068 3432 1142 cogitatione
3461 1074 3519 1126 et
3545 1068 3820 1126 aviditate

2280 1180 2598 1238 supernam
2619 1165 2913 1223 civitatem
2931 1163 3282 1236 inhabitant,
3303 1168 3360 1221 et
3380 1162 3633 1221 finaliter
3657 1163 3822 1221 illam

2282 1257 2611 1317 hereditant
2639 1276 2655 1316 ε
2686 1274 2821 1316 ecce
2854 1257 3163 1332 acquisitio
3194 1257 3680 1315 consummativa.

2785 1415 3072 1472 Articulus
3103 1417 3315 1472 tertius.

2354 1543 2608 1599 Tertium
2633 1542 2999 1615 designatur,
3019 1558 3156 1600 cum
3178 1541 3392 1600 dicitur
3419 1561 3434 1600 2
3457 1545 3524 1599 In
3547 1548 3821 1616 aetemum,

2284 1641 2571 1711 tanquam
2623 1636 2687 1693 in
2745 1638 3031 1693 aeternum
3101 1634 3501 1714 possidenda,
3558 1650 3664 1692 nec
3719 1653 3826 1711 per

2288 1736 2597 1790 externum
2651 1729 3010 1805 supplicium
3061 1729 3456 1803 praecidenda.
3517 1733 3588 1788 At
3638 1746 3780 1789 vero
3805 1773 3827 1801 ,

2289 1825 2432 1899 quia
2474 1838 2653 1881 nemo
2701 1829 2892 1881 certus
2936 1823 3012 1880 de
3056 1824 3309 1881 crastino
3329 1866 3348 1894 ,
3377 1823 3607 1881 dicente
3642 1825 3829 1897 Scrip-

2287 1922 2419 1976 tura
2444 1920 2467 1955 ‘1
2499 1936 2514 1975 ε
2564 1936 2593 1970 α
2619 1920 2697 1974 Ne
2732 1915 3004 1989 glorieris
3043 1916 3107 1973 in
3154 1916 3504 1987 crastinum,
3552 1917 3829 1990 ignorans

2289 2010 2438 2087 quid
2478 2013 2907 2085 superventura
2947 2009 3139 2083 pariat
3179 2009 3337 2078 dies;
3365 2029 3394 2062 υ
3440 2009 3663 2067 idcirco
3698 2026 3829 2068 ver-

2289 2107 2439 2164 bum
2466 2104 2623 2162 istud
2651 2103 2954 2177 Prophetas
2994 2120 3118 2161 non
3150 2103 3382 2162 videtur
3419 2104 3830 2178 accipiendum

2291 2199 2595 2269 absolute,
2633 2197 2742 2255 sed
2785 2197 3204 2255 conditionate.
3250 2202 3315 2255 Et
3359 2202 3502 2256 nota
3544 2198 3831 2271 triplicem

2292 2294 2698 2354 conditionem
2733 2293 2890 2350 circa
2929 2292 3275 2366 praedictam
3314 2293 3710 2363 locutionem,
3743 2296 3832 2349 ut-

2290 2393 2430 2463 pote
2493 2387 2744 2445 Domino
2799 2387 3148 2461 praesidente
3170 2430 3189 2459 ‚
3243 2387 3496 2445 Domino
3554 2391 3792 2461 regente
3814 2429 3830 2457 ,

2294 2482 2543 2540 Domino
2587 2483 2908 2555 adjuvante
2939 2501 2953 2539 ε
3004 2483 3234 2540 Domini
3262 2483 3485 2557 quippe
3529 2486 3614 2540 est
3653 2481 3835 2539 servis

2292 2575 2608 2650 praesidere
2647 2592 2754 2650 per
2793 2576 3153 2650 potentiam,
3194 2592 3395 2648 regere
3435 2592 3543 2649 per
3577 2576 3835 2650 pruden-

2293 2670 2460 2742 tiam,
2516 2670 2800 2743 adjuvare
2848 2686 2955 2744 per
3003 2671 3273 2743 gratiam.
3333 2671 3525 2728 Prima
3577 2671 3833 2729 conditio

2233 2829 2244 2843 ,
2295 2768 2533 2822 notatur
2574 2780 2681 2837 per
2716 2764 3078 2822 Psalmistam
3123 2764 3418 2822 dicentem
3442 2766 3465 2799 ⁸
3498 2784 3516 2821 ε
3551 2785 3579 2819 α
3604 2765 3840 2823 Sedebit

2299 2858 2579 2917 Dominus
2619 2875 2724 2916 rex
2770 2859 2834 2915 in
2877 2863 3162 2917 aeternum
3204 2877 3219 2917 ε
3262 2881 3290 2913 ιι
3343 2873 3476 2918 ecce
3519 2860 3838 2933 potentiam

2296 2952 2679 3028 proesidentis.
2719 2952 2993 3011 Secunda
3048 2952 3308 3011 conditio
3350 2956 3700 3011 connotatur
3733 2969 3839 3027 per

2301 3047 2652 3121 Prophetam
2682 3045 3036 3120 psallentem
3060 3047 3084 3081 ⁹
3112 3065 3127 3102 ε
3165 3067 3193 3100 «
3230 3046 3331 3104 Hic
3359 3049 3445 3103 est
3471 3050 3619 3104 Deus
3646 3049 3841 3104 noster

2300 3142 2363 3200 in
2387 3146 2671 3200 aeternum
2689 3184 2708 3212 ,
2737 3143 2794 3198 et
2821 3140 2882 3197 in
2922 3140 3207 3199 saeculum
3238 3140 3438 3199 saeculi
3470 3159 3484 3198 :
3517 3140 3643 3214 ipse
3681 3144 3843 3213 reget

2300 3252 2412 3294 nos
2450 3236 2512 3292 in
2566 3234 2779 3293 soecula
2830 3253 2844 3292 :
2891 3254 2921 3289 n
2966 3251 3100 3293 ecce
3149 3233 3526 3309 prudentiam
3569 3234 3838 3307 regentis

2301 3330 2488 3388 Tertia
2535 3345 2678 3387 vero
2731 3328 2993 3387 conditio
3051 3328 3367 3387 denotatur
3417 3344 3526 3403 per
3578 3327 3840 3387 Psalmo-

2304 3424 2600 3498 graphum
2643 3422 2727 3480 sic
2767 3423 3121 3480 scribentem
3149 3422 3191 3459 ¹⁰
3221 3441 3235 3478 ε
3294 3441 3322 3474 «
3360 3424 3596 3496 Sperate
3640 3422 3703 3479 in
3740 3437 3841 3492 e0‚

2305 3518 2499 3575 omnis
2526 3515 2904 3589 congregatio
2931 3516 3141 3591 populi
3158 3556 3177 3585 ,
3202 3514 3485 3573 effundite
3516 3531 3719 3573 coram
3740 3515 3841 3572 illo

2305 3611 2489 3670 corda
2531 3613 2726 3669 vestra
2769 3629 2784 3667 :
2840 3613 2990 3667 Deus
3034 3609 3271 3681 adJutor
3321 3614 3521 3668 noster
3571 3611 3636 3668 in
3684 3613 3842 3669 aeter-

2304 3721 2451 3764 num
2478 3724 2491 3762 :
2526 3726 2556 3761 ι)
2589 3721 2726 3763 ecce
2755 3703 3007 3778 gratiam
3030 3703 3386 3777 adjuvantis

2794 3862 3083 3917 Artis-ulus
3115 3864 3363 3933 quartus.

2379 3992 2660 4060 Quartum
2680 3986 3082 4061 consignatur,
3112 4001 3249 4043 cum
3275 3986 3426 4044 ratio
3454 3986 3841 4059 subrogatur:

2312 4086 2455 4153 Quia
2494 4084 2761 4140 exultatio
2814 4082 2993 4140 cordis
3041 4083 3148 4138 mei
3201 4086 3347 4137 sunt.
3403 4079 3616 4137 Procul
3665 4080 3844 4138 dubio

2310 4176 2730 4236 mandatorum
2784 4175 3152 4234 conservatio
3165 4216 3186 4243 ,.
3233 4177 3320 4231 est
3370 4178 3849 4234 conservatorum

2244 4339 2250 4345 ‚
2311 4272 2612 4330 exultatio.
2655 4270 2770 4329 Sed
2809 4267 3169 4339 notandum,
3202 4268 3369 4342 quod
3404 4268 3616 4344 triplex
3645 4268 3849 4341 legitur

2312 4365 2594 4425 exultatio
2646 4381 2757 4439 pro
2803 4363 3101 4422 mandatis
3147 4363 3494 4421 certantium
3551 4383 3564 4417 :
3621 4364 3811 4438 prima
3827 4405 3845 4433 ,

2315 4465 2611 4519 certamen
2678 4458 3060 4516 subeuntium
3095 4477 3114 4530 ;
3189 4456 3450 4514 secunda
3468 4499 3488 4528 ,
3560 4461 3849 4514 certamen

2315 4556 2693 4627 exeuntium3
2739 4552 2909 4611 tertia
2927 4594 2946 4623 ,
2973 4554 3109 4626 post
3137 4554 3433 4608 certamen
3460 4551 3848 4609 redeuntium.

2315 4649 2599 4707 Exultatic
2637 4647 2830 4722 prima
2867 4650 2954 4704 est
2978 4646 3318 4717 laboriosa3
3349 4645 3640 4716 secunda,
3670 4644 3851 4701 victo-

2315 4743 2473 4801 riosa
2487 4760 2504 4814 3
2532 4741 2719 4812 tertia,
2750 4739 3032 4812 gloriosa.
3063 4742 3139 4796 De
3159 4738 3355 4813 prima
3380 4754 3488 4812 per
3504 4738 3854 4812 prophetam

2314 4836 2585 4912 psallitur
2610 4835 2650 4872 ¹¹
2682 4826 2699 4890 ἐ
2736 4852 2765 4886 α
2791 4832 3155 4891 Exultatione
3182 4832 3362 4890 colles
3389 4832 3784 4906 accingentur.
3819 4851 3848 4884 n

2316 4930 2412 4989 Isti
2453 4929 2636 4986 colles
2672 4929 2808 4985 sunt
2843 4927 2955 4991 viri
3000 4926 3311 4983 virtutibus
3349 4926 3706 4997 eminenteS,
3754 4926 3856 5000 qui

2318 5023 2646 5082 exultanter
2675 5024 2971 5080 certamen
3000 5019 3449 5092 aggrediuntur.
3478 5023 3558 5077 De
3599 5020 3856 5078 secunda

2319 5176 2339 5205 ⁶
2370 5171 2505 5223 Psal.
2539 5182 2727 5230 wau,
2773 5172 2853 5220 36.
2890 5195 2951 5204 -
3002 5170 3014 5196 ”
3062 5170 3225 5227 Prota,
3263 5180 3435 5231 xxvii,
3471 5175 3513 5218 1.
3562 5195 3621 5205 -
3658 5169 3680 5204 ⁸
3727 5167 3853 5219 Psal.

2321 5256 2503 5304 xxvnt,
2536 5246 2612 5294 1ο.
2641 5268 2702 5280 -
2732 5243 2750 5273 ⁹
2779 5240 2915 5292 Psal.
2945 5251 3110 5301 nvn,
3144 5243 3220 5289 15.
3250 5266 3313 5278 -
3351 5241 3384 5270 ¹·
3413 5240 3552 5291 Psal.
3580 5253 3686 5303 an,
3720 5244 3768 5291 9.
3799 5266 3859 5277 —-

2325 5317 2362 5352 ¹¹
2389 5314 2528 5366 Psal.
2559 5325 2704 5377 mv,
2740 5315 2819 5363 13.
