<?xml version="1.0" encoding="UTF-8"?>
<!DOCTYPE html PUBLIC "-//W3C//DTD XHTML 1.0 Transitional//EN"
    "http://www.w3.org/TR/xhtml1/DTD/xhtml1-transitional.dtd">
<html xmlns="http://www.w3.org/1999/xhtml" xml:lang="en" lang="en">
 <head>
  <title>
</title>
<meta http-equiv="Content-Type" content="text/html;charset=utf-8" />
  <meta name='ocr-system' content='tesseract 3.04.00' />
  <meta name='ocr-capabilities' content='ocr_page ocr_carea ocr_par ocr_line ocrx_word'/>
</head>
<body>
  <div class='ocr_page' id='page_1' title='image "./srecardinalissb00cargoog_0441.png"; bbox 0 0 4196 6294; ppageno 0'>
   <div class='ocr_carea' id='block_1_1' title="bbox 1603 465 3536 539">
    <p class='ocr_par' dir='ltr' id='par_1_1' title="bbox 1603 465 3536 539">
     <span class='ocr_line' id='line_1_1' title="bbox 1603 465 3536 539; baseline 0 0"><span class='ocrx_word' id='word_1_1' title='bbox 1603 465 1963 539; x_wconf 77' lang='lat' dir='ltr'>PSALMUS</span> <span class='ocrx_word' id='word_1_2' title='bbox 2005 466 2269 535; x_wconf 80' lang='lat' dir='ltr'>cxvnl.</span> <span class='ocrx_word' id='word_1_3' title='bbox 3424 480 3536 539; x_wconf 69' lang='lat'>401</span> 
     </span>
    </p>
   </div>
   <div class='ocr_carea' id='block_1_2' title="bbox 352 601 3563 1532">
    <p class='ocr_par' dir='ltr' id='par_1_2' title="bbox 352 601 3563 1423">
     <span class='ocr_line' id='line_1_2' title="bbox 352 601 3544 686; baseline -0.001 -16"><span class='ocrx_word' id='word_1_4' title='bbox 352 614 533 670; x_wconf 86' lang='lat' dir='ltr'>tatem</span> <span class='ocrx_word' id='word_1_5' title='bbox 568 627 584 669; x_wconf 72' lang='grc' dir='ltr'><strong><em>ε</em></strong></span> <span class='ocrx_word' id='word_1_6' title='bbox 613 624 873 685; x_wconf 85' lang='lat' dir='ltr'>quorum</span> <span class='ocrx_word' id='word_1_7' title='bbox 910 610 1173 685; x_wconf 91' lang='lat' dir='ltr'>primum</span> <span class='ocrx_word' id='word_1_8' title='bbox 1209 612 1434 686; x_wconf 90' lang='lat' dir='ltr'>spectat</span> <span class='ocrx_word' id='word_1_9' title='bbox 1471 609 1550 668; x_wconf 91' lang='lat' dir='ltr'>ad</span> <span class='ocrx_word' id='word_1_10' title='bbox 1587 607 1893 676; x_wconf 83' lang='lat' dir='ltr'>meritum3</span> <span class='ocrx_word' id='word_1_11' title='bbox 2002 601 2270 660; x_wconf 84' lang='lat' dir='ltr'>vicerunt</span> <span class='ocrx_word' id='word_1_12' title='bbox 2306 602 2510 660; x_wconf 89' lang='lat' dir='ltr'>dentes</span> <span class='ocrx_word' id='word_1_13' title='bbox 2541 620 2556 658; x_wconf 73' lang='grc' dir='ltr'><strong><em>ε</em></strong></span> <span class='ocrx_word' id='word_1_14' title='bbox 2603 602 3006 662; x_wconf 80' lang='lat' dir='ltr'>misericordia</span> <span class='ocrx_word' id='word_1_15' title='bbox 3041 604 3200 663; x_wconf 91' lang='lat' dir='ltr'>enim</span> <span class='ocrx_word' id='word_1_16' title='bbox 3227 609 3329 664; x_wconf 91' lang='lat' dir='ltr'>tua</span> <span class='ocrx_word' id='word_1_17' title='bbox 3363 607 3544 667; x_wconf 83' lang='lat' dir='ltr'>adve-</span> 
     </span>
     <span class='ocr_line' id='line_1_3' title="bbox 354 697 3549 778; baseline -0.001 -16"><span class='ocrx_word' id='word_1_18' title='bbox 354 703 683 763; x_wconf 81' lang='lat' dir='ltr'>seeundum</span> <span class='ocrx_word' id='word_1_19' title='bbox 703 746 723 774; x_wconf 92' lang='lat'>,</span> <span class='ocrx_word' id='word_1_20' title='bbox 770 705 849 763; x_wconf 91' lang='lat' dir='ltr'>ad</span> <span class='ocrx_word' id='word_1_21' title='bbox 893 704 1292 778; x_wconf 84' lang='lat' dir='ltr'>supplicium3</span> <span class='ocrx_word' id='word_1_22' title='bbox 1345 704 1454 763; x_wconf 89' lang='lat' dir='ltr'>sed</span> <span class='ocrx_word' id='word_1_23' title='bbox 1499 702 1732 760; x_wconf 88' lang='lat' dir='ltr'>tortium</span> <span class='ocrx_word' id='word_1_24' title='bbox 1751 742 1771 770; x_wconf 95' lang='lat'>,</span> <span class='ocrx_word' id='word_1_25' title='bbox 1817 698 1898 757; x_wconf 90' lang='lat' dir='ltr'>ad</span> <span class='ocrx_word' id='word_1_26' title='bbox 2004 697 2177 754; x_wconf 90' lang='lat' dir='ltr'>niens</span> <span class='ocrx_word' id='word_1_27' title='bbox 2203 697 2453 755; x_wconf 87' lang='lat' dir='ltr'>sanabat</span> <span class='ocrx_word' id='word_1_28' title='bbox 2490 711 2594 755; x_wconf 90' lang='lat' dir='ltr'>eos</span> <span class='ocrx_word' id='word_1_29' title='bbox 2625 716 2639 754; x_wconf 75' lang='grc' dir='ltr'><strong><em>ε</em></strong></span> <span class='ocrx_word' id='word_1_30' title='bbox 2680 718 2708 749; x_wconf 88' lang='lat'>»</span> <span class='ocrx_word' id='word_1_31' title='bbox 2755 712 2890 754; x_wconf 87' lang='lat' dir='ltr'>ecce</span> <span class='ocrx_word' id='word_1_32' title='bbox 2927 697 3332 758; x_wconf 81' lang='lat' dir='ltr'>misericordia</span> <span class='ocrx_word' id='word_1_33' title='bbox 3355 701 3549 761; x_wconf 91' lang='lat' dir='ltr'>medi-</span> 
     </span>
     <span class='ocr_line' id='line_1_4' title="bbox 355 790 3552 874; baseline -0.001 -17"><span class='ocrx_word' id='word_1_34' title='bbox 355 799 686 873; x_wconf 83' lang='lat' dir='ltr'>proemium.</span> <span class='ocrx_word' id='word_1_35' title='bbox 721 801 799 857; x_wconf 90' lang='lat' dir='ltr'>De</span> <span class='ocrx_word' id='word_1_36' title='bbox 824 799 1019 873; x_wconf 90' lang='lat' dir='ltr'>primo</span> <span class='ocrx_word' id='word_1_37' title='bbox 1040 797 1059 832; x_wconf 87' lang='lat'><strong>¹</strong></span> <span class='ocrx_word' id='word_1_38' title='bbox 1091 815 1105 853; x_wconf 73' lang='grc' dir='ltr'>ε</span> <span class='ocrx_word' id='word_1_39' title='bbox 1143 817 1175 853; x_wconf 76' lang='grc' dir='ltr'>α</span> <span class='ocrx_word' id='word_1_40' title='bbox 1198 799 1430 874; x_wconf 80' lang='lat' dir='ltr'>Aperite</span> <span class='ocrx_word' id='word_1_41' title='bbox 1457 799 1680 872; x_wconf 74' lang='lat' dir='ltr'>portaS,</span> <span class='ocrx_word' id='word_1_42' title='bbox 1712 794 1900 866; x_wconf 90' lang='lat' dir='ltr'>ingre·</span> <span class='ocrx_word' id='word_1_43' title='bbox 2009 790 2172 849; x_wconf 84' lang='lat' dir='ltr'>cinae.</span> <span class='ocrx_word' id='word_1_44' title='bbox 2223 794 2301 850; x_wconf 90' lang='lat' dir='ltr'>De</span> <span class='ocrx_word' id='word_1_45' title='bbox 2346 791 2608 850; x_wconf 91' lang='lat' dir='ltr'>secunda</span> <span class='ocrx_word' id='word_1_46' title='bbox 2641 794 2663 828; x_wconf 80' lang='lat'>⁸</span> <span class='ocrx_word' id='word_1_47' title='bbox 2710 810 2725 849; x_wconf 90' lang='lat'>:</span> <span class='ocrx_word' id='word_1_48' title='bbox 2767 812 2796 846; x_wconf 78' lang='grc' dir='ltr'><strong>α</strong></span> <span class='ocrx_word' id='word_1_49' title='bbox 2842 795 2990 850; x_wconf 90' lang='lat' dir='ltr'>Cum</span> <span class='ocrx_word' id='word_1_50' title='bbox 3033 794 3236 852; x_wconf 90' lang='lat' dir='ltr'>tentati</span> <span class='ocrx_word' id='word_1_51' title='bbox 3277 799 3452 868; x_wconf 91' lang='lat' dir='ltr'>sunt,</span> <span class='ocrx_word' id='word_1_52' title='bbox 3494 799 3552 855; x_wconf 89' lang='lat' dir='ltr'>et</span> 
     </span>
     <span class='ocr_line' id='line_1_5' title="bbox 359 885 3552 967; baseline -0.001 -17"><span class='ocrx_word' id='word_1_53' title='bbox 359 893 556 952; x_wconf 92' lang='lat' dir='ltr'>diatur</span> <span class='ocrx_word' id='word_1_54' title='bbox 582 909 728 966; x_wconf 90' lang='lat' dir='ltr'>gens</span> <span class='ocrx_word' id='word_1_55' title='bbox 748 895 926 967; x_wconf 81' lang='lat' dir='ltr'>justa,</span> <span class='ocrx_word' id='word_1_56' title='bbox 956 892 1293 951; x_wconf 90' lang='lat' dir='ltr'>custodiens</span> <span class='ocrx_word' id='word_1_57' title='bbox 1319 893 1624 951; x_wconf 88' lang='lat' dir='ltr'>veritatem</span> <span class='ocrx_word' id='word_1_58' title='bbox 1642 933 1661 963; x_wconf 90' lang='lat'>,</span> <span class='ocrx_word' id='word_1_59' title='bbox 1693 909 1722 944; x_wconf 68' lang='lat' dir='ltr'><strong>n</strong></span> <span class='ocrx_word' id='word_1_60' title='bbox 1754 906 1824 945; x_wconf 90' lang='lat' dir='ltr'>ac</span> <span class='ocrx_word' id='word_1_61' title='bbox 1851 886 1901 944; x_wconf 88' lang='lat' dir='ltr'>si</span> <span class='ocrx_word' id='word_1_62' title='bbox 2011 885 2257 959; x_wconf 89' lang='lat' dir='ltr'>quidem</span> <span class='ocrx_word' id='word_1_63' title='bbox 2304 902 2441 942; x_wconf 89' lang='lat' dir='ltr'>cum</span> <span class='ocrx_word' id='word_1_64' title='bbox 2468 885 2874 945; x_wconf 87' lang='lat' dir='ltr'>misericordia</span> <span class='ocrx_word' id='word_1_65' title='bbox 2899 886 3276 961; x_wconf 82' lang='lat' dir='ltr'>disciplinam</span> <span class='ocrx_word' id='word_1_66' title='bbox 3304 905 3552 963; x_wconf 91' lang='lat' dir='ltr'>accepe-</span> 
     </span>
     <span class='ocr_line' id='line_1_6' title="bbox 361 980 3551 1062; baseline -0.002 -17"><span class='ocrx_word' id='word_1_67' title='bbox 361 987 591 1045; x_wconf 88' lang='lat' dir='ltr'>dicatur</span> <span class='ocrx_word' id='word_1_68' title='bbox 628 991 825 1062; x_wconf 86' lang='lat' dir='ltr'>aperte</span> <span class='ocrx_word' id='word_1_69' title='bbox 856 1005 872 1044; x_wconf 89' lang='lat'>:</span> <span class='ocrx_word' id='word_1_70' title='bbox 908 990 1085 1053; x_wconf 87' lang='lat' dir='ltr'>Notas</span> <span class='ocrx_word' id='word_1_71' title='bbox 1105 987 1277 1045; x_wconf 88' lang='lat' dir='ltr'>facite</span> <span class='ocrx_word' id='word_1_72' title='bbox 1304 986 1433 1044; x_wconf 90' lang='lat' dir='ltr'>vias</span> <span class='ocrx_word' id='word_1_73' title='bbox 1466 985 1630 1057; x_wconf 80' lang='lat' dir='ltr'>vitae,</span> <span class='ocrx_word' id='word_1_74' title='bbox 1658 986 1724 1040; x_wconf 89' lang='lat' dir='ltr'>ut</span> <span class='ocrx_word' id='word_1_75' title='bbox 1749 980 1900 1040; x_wconf 88' lang='lat' dir='ltr'>acci-</span> <span class='ocrx_word' id='word_1_76' title='bbox 2009 983 2182 1036; x_wconf 89' lang='lat' dir='ltr'>runt:</span> <span class='ocrx_word' id='word_1_77' title='bbox 2205 998 2233 1031; x_wconf 71' lang='lat' dir='ltr'><strong>n</strong></span> <span class='ocrx_word' id='word_1_78' title='bbox 2259 994 2392 1037; x_wconf 88' lang='lat' dir='ltr'>ecce</span> <span class='ocrx_word' id='word_1_79' title='bbox 2410 980 2815 1038; x_wconf 81' lang='lat' dir='ltr'>misericordia</span> <span class='ocrx_word' id='word_1_80' title='bbox 2834 980 3174 1055; x_wconf 62' lang='lat' dir='ltr'>disciplinae.</span> <span class='ocrx_word' id='word_1_81' title='bbox 3199 985 3278 1040; x_wconf 91' lang='lat' dir='ltr'>De</span> <span class='ocrx_word' id='word_1_82' title='bbox 3297 982 3497 1042; x_wconf 82' lang='lat' dir='ltr'>tertia⁶</span> <span class='ocrx_word' id='word_1_83' title='bbox 3532 1002 3551 1039; x_wconf 74' lang='grc' dir='ltr'><strong><em>ε</em></strong></span> 
     </span>
     <span class='ocr_line' id='line_1_7' title="bbox 359 1072 3552 1156; baseline -0.001 -19"><span class='ocrx_word' id='word_1_84' title='bbox 359 1080 528 1156; x_wconf 83' lang='lat' dir='ltr'>piant</span> <span class='ocrx_word' id='word_1_85' title='bbox 579 1096 865 1141; x_wconf 88' lang='lat' dir='ltr'>coronam</span> <span class='ocrx_word' id='word_1_86' title='bbox 920 1081 1057 1139; x_wconf 62' lang='lat' dir='ltr'>vitai</span> <span class='ocrx_word' id='word_1_87' title='bbox 1078 1122 1098 1154; x_wconf 94' lang='lat'>,</span> <span class='ocrx_word' id='word_1_88' title='bbox 1150 1080 1543 1139; x_wconf 85' lang='lat' dir='ltr'>custodientes</span> <span class='ocrx_word' id='word_1_89' title='bbox 1598 1078 1905 1136; x_wconf 85' lang='lat' dir='ltr'>veritatem</span> <span class='ocrx_word' id='word_1_90' title='bbox 2019 1092 2047 1123; x_wconf 87' lang='lat'>«</span> <span class='ocrx_word' id='word_1_91' title='bbox 2084 1072 2480 1132; x_wconf 79' lang='lat' dir='ltr'>Misericordia</span> <span class='ocrx_word' id='word_1_92' title='bbox 2513 1074 2746 1133; x_wconf 89' lang='lat' dir='ltr'>Domini</span> <span class='ocrx_word' id='word_1_93' title='bbox 2780 1090 2960 1150; x_wconf 90' lang='lat' dir='ltr'>super</span> <span class='ocrx_word' id='word_1_94' title='bbox 2986 1091 3228 1134; x_wconf 90' lang='lat' dir='ltr'>omnem</span> <span class='ocrx_word' id='word_1_95' title='bbox 3267 1092 3506 1135; x_wconf 89' lang='lat' dir='ltr'>carnem</span> <span class='ocrx_word' id='word_1_96' title='bbox 3537 1095 3552 1135; x_wconf 90' lang='lat'>:</span> 
     </span>
     <span class='ocr_line' id='line_1_8' title="bbox 360 1166 3556 1244; baseline -0.002 -11"><span class='ocrx_word' id='word_1_97' title='bbox 360 1176 516 1233; x_wconf 63' lang='lat' dir='ltr'>vitae.</span> <span class='ocrx_word' id='word_1_98' title='bbox 538 1179 617 1233; x_wconf 91' lang='lat' dir='ltr'>De</span> <span class='ocrx_word' id='word_1_99' title='bbox 644 1174 905 1234; x_wconf 90' lang='lat' dir='ltr'>secundo</span> <span class='ocrx_word' id='word_1_100' title='bbox 933 1178 956 1211; x_wconf 76' lang='lat'><strong>¹</strong></span> <span class='ocrx_word' id='word_1_101' title='bbox 987 1193 1002 1232; x_wconf 90' lang='lat'>:</span> <span class='ocrx_word' id='word_1_102' title='bbox 1039 1195 1066 1229; x_wconf 77' lang='grc' dir='ltr'>α</span> <span class='ocrx_word' id='word_1_103' title='bbox 1094 1175 1355 1233; x_wconf 84' lang='lat' dir='ltr'>Verbum</span> <span class='ocrx_word' id='word_1_104' title='bbox 1384 1171 1720 1231; x_wconf 87' lang='lat' dir='ltr'>custodiens</span> <span class='ocrx_word' id='word_1_105' title='bbox 1746 1170 1906 1227; x_wconf 88' lang='lat' dir='ltr'>filius</span> <span class='ocrx_word' id='word_1_106' title='bbox 2015 1166 2119 1240; x_wconf 84' lang='lat' dir='ltr'>qui</span> <span class='ocrx_word' id='word_1_107' title='bbox 2169 1166 2638 1226; x_wconf 90' lang='lat' dir='ltr'>misericordiam</span> <span class='ocrx_word' id='word_1_108' title='bbox 2662 1168 2872 1242; x_wconf 89' lang='lat' dir='ltr'>habet,</span> <span class='ocrx_word' id='word_1_109' title='bbox 2904 1173 2958 1227; x_wconf 89' lang='lat' dir='ltr'>et</span> <span class='ocrx_word' id='word_1_110' title='bbox 3006 1169 3217 1243; x_wconf 87' lang='lat' dir='ltr'>docet,</span> <span class='ocrx_word' id='word_1_111' title='bbox 3248 1174 3306 1228; x_wconf 90' lang='lat' dir='ltr'>et</span> <span class='ocrx_word' id='word_1_112' title='bbox 3326 1169 3556 1244; x_wconf 90' lang='lat' dir='ltr'>erudit,</span> 
     </span>
     <span class='ocr_line' id='line_1_9' title="bbox 361 1267 3563 1343; baseline 0 -16"><span class='ocrx_word' id='word_1_113' title='bbox 361 1274 527 1328; x_wconf 88' lang='lat' dir='ltr'>extra</span> <span class='ocrx_word' id='word_1_114' title='bbox 553 1270 949 1343; x_wconf 82' lang='lat' dir='ltr'>perditionem</span> <span class='ocrx_word' id='word_1_115' title='bbox 976 1271 1116 1343; x_wconf 91' lang='lat' dir='ltr'>erit,</span> <span class='ocrx_word' id='word_1_116' title='bbox 1150 1274 1207 1329; x_wconf 90' lang='lat' dir='ltr'>et</span> <span class='ocrx_word' id='word_1_117' title='bbox 1233 1272 1317 1328; x_wconf 90' lang='lat' dir='ltr'>sic</span> <span class='ocrx_word' id='word_1_118' title='bbox 1338 1270 1737 1328; x_wconf 78' lang='lat' dir='ltr'>infelicitatem</span> <span class='ocrx_word' id='word_1_119' title='bbox 1761 1268 1908 1325; x_wconf 90' lang='lat' dir='ltr'>vita-</span> <span class='ocrx_word' id='word_1_120' title='bbox 2017 1267 2190 1339; x_wconf 87' lang='lat' dir='ltr'>quasi</span> <span class='ocrx_word' id='word_1_121' title='bbox 2242 1271 2442 1341; x_wconf 86' lang='lat' dir='ltr'>pastor</span> <span class='ocrx_word' id='word_1_122' title='bbox 2492 1284 2734 1342; x_wconf 82' lang='lat' dir='ltr'>gregem</span> <span class='ocrx_word' id='word_1_123' title='bbox 2787 1284 2962 1326; x_wconf 90' lang='lat' dir='ltr'>suum</span> <span class='ocrx_word' id='word_1_124' title='bbox 2995 1287 3008 1326; x_wconf 92' lang='lat'>:</span> <span class='ocrx_word' id='word_1_125' title='bbox 3063 1288 3091 1324; x_wconf 70' lang='lat' dir='ltr'><strong>n</strong></span> <span class='ocrx_word' id='word_1_126' title='bbox 3151 1285 3287 1327; x_wconf 91' lang='lat' dir='ltr'>ecce</span> <span class='ocrx_word' id='word_1_127' title='bbox 3340 1270 3563 1328; x_wconf 90' lang='lat' dir='ltr'>miseri-</span> 
     </span>
     <span class='ocr_line' id='line_1_10' title="bbox 362 1357 2550 1423; baseline -0.001 -1"><span class='ocrx_word' id='word_1_128' title='bbox 362 1363 467 1423; x_wconf 89' lang='lat' dir='ltr'>bit.</span> <span class='ocrx_word' id='word_1_129' title='bbox 498 1382 529 1420; x_wconf 74' lang='grc' dir='ltr'><strong>ι</strong></span> <span class='ocrx_word' id='word_1_130' title='bbox 561 1366 640 1422; x_wconf 90' lang='lat' dir='ltr'>De</span> <span class='ocrx_word' id='word_1_131' title='bbox 675 1364 845 1423; x_wconf 86' lang='lat' dir='ltr'>tertio</span> <span class='ocrx_word' id='word_1_132' title='bbox 874 1366 896 1401; x_wconf 76' lang='lat'>³</span> <span class='ocrx_word' id='word_1_133' title='bbox 928 1383 943 1421; x_wconf 91' lang='lat'>:</span> <span class='ocrx_word' id='word_1_134' title='bbox 990 1384 1021 1420; x_wconf 69' lang='grc' dir='ltr'><strong>α</strong></span> <span class='ocrx_word' id='word_1_135' title='bbox 1063 1366 1168 1423; x_wconf 77' lang='lat' dir='ltr'>Via</span> <span class='ocrx_word' id='word_1_136' title='bbox 1193 1365 1327 1423; x_wconf 84' lang='lat' dir='ltr'>vitae</span> <span class='ocrx_word' id='word_1_137' title='bbox 1355 1362 1706 1422; x_wconf 82' lang='lat' dir='ltr'>custodienti</span> <span class='ocrx_word' id='word_1_138' title='bbox 1734 1360 1908 1418; x_wconf 87' lang='lat' dir='ltr'>disci·</span> <span class='ocrx_word' id='word_1_139' title='bbox 2019 1357 2222 1421; x_wconf 84' lang='lat' dir='ltr'>cordia</span> <span class='ocrx_word' id='word_1_140' title='bbox 2250 1360 2550 1420; x_wconf 81' lang='lat' dir='ltr'>doctrinae.</span> 
     </span>
    </p>

    <p class='ocr_par' dir='ltr' id='par_1_3' title="bbox 362 1454 2539 1532">
     <span class='ocr_line' id='line_1_11' title="bbox 362 1454 2539 1532; baseline -0.001 -17"><span class='ocrx_word' id='word_1_141' title='bbox 362 1457 625 1530; x_wconf 89' lang='lat' dir='ltr'>plinam,</span> <span class='ocrx_word' id='word_1_142' title='bbox 663 1477 693 1514; x_wconf 68' lang='lat' dir='ltr'>s</span> <span class='ocrx_word' id='word_1_143' title='bbox 730 1458 901 1532; x_wconf 89' lang='lat' dir='ltr'>quasi</span> <span class='ocrx_word' id='word_1_144' title='bbox 937 1457 1138 1517; x_wconf 89' lang='lat' dir='ltr'>dicat:</span> <span class='ocrx_word' id='word_1_145' title='bbox 1169 1459 1274 1517; x_wconf 76' lang='lat' dir='ltr'>Via</span> <span class='ocrx_word' id='word_1_146' title='bbox 1310 1459 1443 1517; x_wconf 80' lang='lat' dir='ltr'>vitae</span> <span class='ocrx_word' id='word_1_147' title='bbox 1477 1456 1775 1532; x_wconf 86' lang='lat' dir='ltr'>procedit,</span> <span class='ocrx_word' id='word_1_148' title='bbox 1806 1454 1912 1529; x_wconf 89' lang='lat' dir='ltr'>qui</span> <span class='ocrx_word' id='word_1_149' title='bbox 2536 1469 2539 1473; x_wconf 87' lang='lat'>·</span> 
     </span>
    </p>
   </div>
   <div class='ocr_carea' id='block_1_3' title="bbox 366 1549 1910 1719">
    <p class='ocr_par' dir='ltr' id='par_1_4' title="bbox 366 1549 1910 1719">
     <span class='ocr_line' id='line_1_12' title="bbox 366 1549 1910 1627; baseline -0.003 -18"><span class='ocrx_word' id='word_1_150' title='bbox 366 1549 743 1626; x_wconf 88' lang='lat' dir='ltr'>disciplinam</span> <span class='ocrx_word' id='word_1_151' title='bbox 781 1552 1067 1624; x_wconf 85' lang='lat' dir='ltr'>custodit3</span> <span class='ocrx_word' id='word_1_152' title='bbox 1105 1553 1211 1627; x_wconf 87' lang='lat' dir='ltr'>qui</span> <span class='ocrx_word' id='word_1_153' title='bbox 1249 1556 1447 1610; x_wconf 91' lang='lat' dir='ltr'>autem</span> <span class='ocrx_word' id='word_1_154' title='bbox 1493 1552 1576 1609; x_wconf 91' lang='lat' dir='ltr'>sic</span> <span class='ocrx_word' id='word_1_155' title='bbox 1619 1549 1910 1625; x_wconf 91' lang='lat' dir='ltr'>procedit,</span> 
     </span>
     <span class='ocr_line' id='line_1_13' title="bbox 366 1643 1509 1719; baseline 0.002 -18"><span class='ocrx_word' id='word_1_156' title='bbox 366 1643 767 1719; x_wconf 88' lang='lat' dir='ltr'>proculdubio</span> <span class='ocrx_word' id='word_1_157' title='bbox 795 1645 876 1705; x_wconf 89' lang='lat' dir='ltr'>ad</span> <span class='ocrx_word' id='word_1_158' title='bbox 899 1645 1237 1705; x_wconf 86' lang='lat' dir='ltr'>felicitatem</span> <span class='ocrx_word' id='word_1_159' title='bbox 1265 1645 1509 1707; x_wconf 90' lang='lat' dir='ltr'>accedit.</span> 
     </span>
    </p>
   </div>
   <div class='ocr_carea' id='block_1_4' title="bbox 371 1809 1933 2929">
    <p class='ocr_par' dir='ltr' id='par_1_5' title="bbox 1014 1809 1271 1874">
     <span class='ocr_line' id='line_1_14' title="bbox 1014 1809 1271 1874; baseline -0.008 -14"><span class='ocrx_word' id='word_1_160' title='bbox 1014 1809 1271 1874; x_wconf 82' lang='lat' dir='ltr'>Epilogus.</span> 
     </span>
    </p>

    <p class='ocr_par' dir='ltr' id='par_1_6' title="bbox 371 1927 1933 2929">
     <span class='ocr_line' id='line_1_15' title="bbox 440 1927 1915 2006; baseline -0.005 -15"><span class='ocrx_word' id='word_1_161' title='bbox 440 1932 530 1992; x_wconf 76' lang='lat' dir='ltr'>Ait</span> <span class='ocrx_word' id='word_1_162' title='bbox 555 1947 698 2006; x_wconf 86' lang='lat' dir='ltr'>ergo</span> <span class='ocrx_word' id='word_1_163' title='bbox 724 1931 1011 2005; x_wconf 88' lang='lat' dir='ltr'>Propheta</span> <span class='ocrx_word' id='word_1_164' title='bbox 1039 1930 1152 1988; x_wconf 90' lang='lat' dir='ltr'>sub</span> <span class='ocrx_word' id='word_1_165' title='bbox 1176 1929 1372 1988; x_wconf 90' lang='lat' dir='ltr'>inanis</span> <span class='ocrx_word' id='word_1_166' title='bbox 1399 1928 1655 1988; x_wconf 89' lang='lat' dir='ltr'>membri</span> <span class='ocrx_word' id='word_1_167' title='bbox 1683 1927 1915 2000; x_wconf 85' lang='lat' dir='ltr'>figura:</span> 
     </span>
     <span class='ocr_line' id='line_1_16' title="bbox 371 2022 1919 2100; baseline -0.003 -18"><span class='ocrx_word' id='word_1_168' title='bbox 371 2028 650 2099; x_wconf 67' lang='lat' dir='ltr'>Par-ticeps</span> <span class='ocrx_word' id='word_1_169' title='bbox 665 2069 686 2094; x_wconf 86' lang='lat'>,</span> <span class='ocrx_word' id='word_1_170' title='bbox 746 2027 1036 2100; x_wconf 91' lang='lat' dir='ltr'>quantum</span> <span class='ocrx_word' id='word_1_171' title='bbox 1091 2024 1173 2082; x_wconf 89' lang='lat' dir='ltr'>ad</span> <span class='ocrx_word' id='word_1_172' title='bbox 1226 2023 1344 2081; x_wconf 92' lang='lat' dir='ltr'>cibi</span> <span class='ocrx_word' id='word_1_173' title='bbox 1394 2022 1878 2080; x_wconf 86' lang='lat' dir='ltr'>communitatem</span> <span class='ocrx_word' id='word_1_174' title='bbox 1898 2061 1919 2092; x_wconf 91' lang='lat'><em>‚</em></span> 
     </span>
     <span class='ocr_line' id='line_1_17' title="bbox 371 2117 1919 2192; baseline -0.005 -14"><span class='ocrx_word' id='word_1_175' title='bbox 371 2120 590 2178; x_wconf 88' lang='lat' dir='ltr'>seilicet</span> <span class='ocrx_word' id='word_1_176' title='bbox 612 2119 894 2180; x_wconf 90' lang='lat' dir='ltr'>orationis</span> <span class='ocrx_word' id='word_1_177' title='bbox 920 2117 1397 2192; x_wconf 82' lang='lat' dir='ltr'>generalitatem3</span> <span class='ocrx_word' id='word_1_178' title='bbox 1423 2119 1535 2189; x_wconf 76' lang='lat' dir='ltr'>qu</span> <span class='ocrx_word' id='word_1_179' title='bbox 1558 2133 1699 2188; x_wconf 84' lang='lat' dir='ltr'>sum,</span> <span class='ocrx_word' id='word_1_180' title='bbox 1732 2129 1919 2190; x_wconf 83' lang='lat' dir='ltr'>quan·</span> 
     </span>
     <span class='ocr_line' id='line_1_18' title="bbox 374 2210 1925 2284; baseline -0.003 -12"><span class='ocrx_word' id='word_1_181' title='bbox 374 2218 499 2272; x_wconf 89' lang='lat' dir='ltr'>tum</span> <span class='ocrx_word' id='word_1_182' title='bbox 547 2213 628 2272; x_wconf 89' lang='lat' dir='ltr'>ad</span> <span class='ocrx_word' id='word_1_183' title='bbox 664 2213 918 2271; x_wconf 86' lang='lat' dir='ltr'>membri</span> <span class='ocrx_word' id='word_1_184' title='bbox 961 2211 1306 2270; x_wconf 87' lang='lat' dir='ltr'>inanitatem</span> <span class='ocrx_word' id='word_1_185' title='bbox 1324 2254 1346 2284; x_wconf 91' lang='lat'>,</span> <span class='ocrx_word' id='word_1_186' title='bbox 1391 2210 1614 2268; x_wconf 88' lang='lat' dir='ltr'>seilicet</span> <span class='ocrx_word' id='word_1_187' title='bbox 1657 2226 1925 2283; x_wconf 72' lang='lat' dir='ltr'>personae</span> 
     </span>
     <span class='ocr_line' id='line_1_19' title="bbox 375 2303 1926 2380; baseline -0.003 -15"><span class='ocrx_word' id='word_1_188' title='bbox 375 2307 776 2380; x_wconf 90' lang='lat' dir='ltr'>debilitatem;</span> <span class='ocrx_word' id='word_1_189' title='bbox 809 2308 1058 2365; x_wconf 72' lang='lat' dir='ltr'>Omnium</span> <span class='ocrx_word' id='word_1_190' title='bbox 1085 2310 1392 2364; x_wconf 78' lang='lat' dir='ltr'>timentium</span> <span class='ocrx_word' id='word_1_191' title='bbox 1421 2310 1494 2376; x_wconf 89' lang='lat' dir='ltr'>te,</span> <span class='ocrx_word' id='word_1_192' title='bbox 1520 2307 1817 2378; x_wconf 74' lang='lat' dir='ltr'>&#39;quantum</span> <span class='ocrx_word' id='word_1_193' title='bbox 1846 2303 1926 2361; x_wconf 93' lang='lat' dir='ltr'>ad</span> 
     </span>
     <span class='ocr_line' id='line_1_20' title="bbox 375 2398 1928 2472; baseline -0.003 -14"><span class='ocrx_word' id='word_1_194' title='bbox 375 2402 626 2459; x_wconf 88' lang='lat' dir='ltr'>vitantes</span> <span class='ocrx_word' id='word_1_195' title='bbox 652 2399 1163 2471; x_wconf 86' lang='lat' dir='ltr'>inhumanitatem,</span> <span class='ocrx_word' id='word_1_196' title='bbox 1184 2398 1403 2457; x_wconf 89' lang='lat' dir='ltr'>scilicet</span> <span class='ocrx_word' id='word_1_197' title='bbox 1432 2398 1717 2456; x_wconf 88' lang='lat' dir='ltr'>orationis</span> <span class='ocrx_word' id='word_1_198' title='bbox 1742 2398 1928 2472; x_wconf 88' lang='lat' dir='ltr'>parci-</span> 
     </span>
     <span class='ocr_line' id='line_1_21' title="bbox 378 2491 1930 2568; baseline -0.004 -13"><span class='ocrx_word' id='word_1_199' title='bbox 378 2499 576 2568; x_wconf 82' lang='lat' dir='ltr'>tatem3</span> <span class='ocrx_word' id='word_1_200' title='bbox 596 2498 667 2553; x_wconf 87' lang='lat' dir='ltr'>Et</span> <span class='ocrx_word' id='word_1_201' title='bbox 687 2495 1105 2552; x_wconf 77' lang='lat' dir='ltr'>custodientium</span> <span class='ocrx_word' id='word_1_202' title='bbox 1122 2494 1386 2551; x_wconf 78' lang='lat' dir='ltr'>mandata</span> <span class='ocrx_word' id='word_1_203' title='bbox 1402 2497 1518 2560; x_wconf 81' lang='lat' dir='ltr'>tua,</span> <span class='ocrx_word' id='word_1_204' title='bbox 1542 2495 1833 2567; x_wconf 89' lang='lat' dir='ltr'>quantum</span> <span class='ocrx_word' id='word_1_205' title='bbox 1849 2491 1930 2549; x_wconf 88' lang='lat' dir='ltr'>ad</span> 
     </span>
     <span class='ocr_line' id='line_1_22' title="bbox 376 2584 1930 2660; baseline -0.004 -10"><span class='ocrx_word' id='word_1_206' title='bbox 376 2592 677 2649; x_wconf 82' lang='lat' dir='ltr'>servantes</span> <span class='ocrx_word' id='word_1_207' title='bbox 701 2588 1158 2659; x_wconf 89' lang='lat' dir='ltr'>humanitatem,</span> <span class='ocrx_word' id='word_1_208' title='bbox 1186 2586 1407 2646; x_wconf 89' lang='lat' dir='ltr'>scilicet</span> <span class='ocrx_word' id='word_1_209' title='bbox 1444 2586 1725 2647; x_wconf 88' lang='lat' dir='ltr'>orationis</span> <span class='ocrx_word' id='word_1_210' title='bbox 1750 2584 1930 2660; x_wconf 90' lang='lat' dir='ltr'>largi-</span> 
     </span>
     <span class='ocr_line' id='line_1_23' title="bbox 378 2678 1933 2757; baseline -0.005 -14"><span class='ocrx_word' id='word_1_211' title='bbox 378 2685 580 2743; x_wconf 81' lang='lat' dir='ltr'>tatem.</span> <span class='ocrx_word' id='word_1_212' title='bbox 625 2686 803 2741; x_wconf 89' lang='lat' dir='ltr'>Parce</span> <span class='ocrx_word' id='word_1_213' title='bbox 840 2686 1009 2753; x_wconf 84' lang='lat' dir='ltr'>orat,</span> <span class='ocrx_word' id='word_1_214' title='bbox 1040 2681 1144 2757; x_wconf 89' lang='lat' dir='ltr'>qui</span> <span class='ocrx_word' id='word_1_215' title='bbox 1169 2697 1279 2756; x_wconf 84' lang='lat' dir='ltr'>pro</span> <span class='ocrx_word' id='word_1_216' title='bbox 1318 2680 1526 2756; x_wconf 88' lang='lat' dir='ltr'>paucis</span> <span class='ocrx_word' id='word_1_217' title='bbox 1541 2699 1560 2752; x_wconf 85' lang='lat'>3</span> <span class='ocrx_word' id='word_1_218' title='bbox 1593 2678 1757 2753; x_wconf 89' lang='lat' dir='ltr'>large</span> <span class='ocrx_word' id='word_1_219' title='bbox 1775 2720 1796 2751; x_wconf 91' lang='lat'><em>‚</em></span> <span class='ocrx_word' id='word_1_220' title='bbox 1826 2680 1933 2754; x_wconf 84' lang='lat' dir='ltr'>qui</span> 
     </span>
     <span class='ocr_line' id='line_1_24' title="bbox 378 2771 1932 2853; baseline -0.005 -16"><span class='ocrx_word' id='word_1_221' title='bbox 378 2793 491 2853; x_wconf 91' lang='lat' dir='ltr'>pro</span> <span class='ocrx_word' id='word_1_222' title='bbox 530 2776 769 2850; x_wconf 85' lang='lat' dir='ltr'>multis3</span> <span class='ocrx_word' id='word_1_223' title='bbox 812 2780 869 2835; x_wconf 91' lang='lat' dir='ltr'>et</span> <span class='ocrx_word' id='word_1_224' title='bbox 902 2778 1067 2836; x_wconf 90' lang='lat' dir='ltr'>tanto</span> <span class='ocrx_word' id='word_1_225' title='bbox 1109 2775 1365 2849; x_wconf 82' lang='lat' dir='ltr'>largius,</span> <span class='ocrx_word' id='word_1_226' title='bbox 1403 2778 1628 2848; x_wconf 87' lang='lat' dir='ltr'>quanto</span> <span class='ocrx_word' id='word_1_227' title='bbox 1656 2789 1768 2849; x_wconf 90' lang='lat' dir='ltr'>pro</span> <span class='ocrx_word' id='word_1_228' title='bbox 1796 2771 1932 2847; x_wconf 90' lang='lat' dir='ltr'>plu·</span> 
     </span>
     <span class='ocr_line' id='line_1_25' title="bbox 379 2871 566 2929; baseline -0.011 0"><span class='ocrx_word' id='word_1_229' title='bbox 379 2871 566 2929; x_wconf 84' lang='lat' dir='ltr'>ribus.</span> 
     </span>
    </p>
   </div>
   <div class='ocr_carea' id='block_1_5' title="bbox 913 3016 1410 3060">
    <p class='ocr_par' dir='ltr' id='par_1_7' title="bbox 913 3016 1410 3060">
     <span class='ocr_line' id='line_1_26' title="bbox 913 3016 1410 3060; baseline -0.006 0"><span class='ocrx_word' id='word_1_230' title='bbox 913 3016 1251 3060; x_wconf 76' lang='lat' dir='ltr'>msrcums</span> <span class='ocrx_word' id='word_1_231' title='bbox 1287 3016 1410 3058; x_wconf 75' lang='lat' dir='ltr'>xvi.</span> 
     </span>
    </p>
   </div>
   <div class='ocr_carea' id='block_1_6' title="bbox 385 3153 1941 3978">
    <p class='ocr_par' dir='ltr' id='par_1_8' title="bbox 385 3153 1941 3978">
     <span class='ocr_line' id='line_1_27' title="bbox 457 3153 1936 3227; baseline -0.003 -13"><span class='ocrx_word' id='word_1_232' title='bbox 457 3161 546 3214; x_wconf 69' lang='grc'>66.</span> <span class='ocrx_word' id='word_1_233' title='bbox 566 3155 949 3215; x_wconf 74' lang='lat' dir='ltr'>Misericordia</span> <span class='ocrx_word' id='word_1_234' title='bbox 976 3161 1094 3227; x_wconf 80' lang='lat' dir='ltr'>tua,</span> <span class='ocrx_word' id='word_1_235' title='bbox 1129 3157 1368 3226; x_wconf 80' lang='lat' dir='ltr'>Domine,</span> <span class='ocrx_word' id='word_1_236' title='bbox 1396 3156 1507 3210; x_wconf 90' lang='lat' dir='ltr'>etc.</span> <span class='ocrx_word' id='word_1_237' title='bbox 1535 3153 1819 3222; x_wconf 85' lang='lat' dir='ltr'>Quartum</span> <span class='ocrx_word' id='word_1_238' title='bbox 1836 3167 1936 3209; x_wconf 90' lang='lat' dir='ltr'>su-</span> 
     </span>
     <span class='ocr_line' id='line_1_28' title="bbox 385 3245 1938 3324; baseline -0.005 -14"><span class='ocrx_word' id='word_1_239' title='bbox 385 3254 580 3324; x_wconf 89' lang='lat' dir='ltr'>perest</span> <span class='ocrx_word' id='word_1_240' title='bbox 598 3250 1053 3308; x_wconf 87' lang='lat' dir='ltr'>instrumentum</span> <span class='ocrx_word' id='word_1_241' title='bbox 1075 3248 1138 3305; x_wconf 91' lang='lat' dir='ltr'>in</span> <span class='ocrx_word' id='word_1_242' title='bbox 1165 3263 1340 3305; x_wconf 90' lang='lat' dir='ltr'>versu</span> <span class='ocrx_word' id='word_1_243' title='bbox 1377 3245 1685 3321; x_wconf 86' lang='lat' dir='ltr'>proposito</span> <span class='ocrx_word' id='word_1_244' title='bbox 1713 3260 1938 3320; x_wconf 88' lang='lat' dir='ltr'>propo·</span> 
     </span>
     <span class='ocr_line' id='line_1_29' title="bbox 387 3339 1939 3416; baseline -0.003 -15"><span class='ocrx_word' id='word_1_245' title='bbox 387 3344 696 3414; x_wconf 89' lang='lat' dir='ltr'>nendum,</span> <span class='ocrx_word' id='word_1_246' title='bbox 751 3341 1028 3400; x_wconf 87' lang='lat' dir='ltr'>videlicet</span> <span class='ocrx_word' id='word_1_247' title='bbox 1065 3340 1311 3416; x_wconf 88' lang='lat' dir='ltr'>propria</span> <span class='ocrx_word' id='word_1_248' title='bbox 1364 3339 1716 3415; x_wconf 86' lang='lat' dir='ltr'>supplicatio</span> <span class='ocrx_word' id='word_1_249' title='bbox 1737 3382 1759 3410; x_wconf 94' lang='lat'>,</span> <span class='ocrx_word' id='word_1_250' title='bbox 1806 3354 1939 3412; x_wconf 83' lang='lat' dir='ltr'>quae</span> 
     </span>
     <span class='ocr_line' id='line_1_30' title="bbox 387 3431 1941 3510; baseline -0.003 -15"><span class='ocrx_word' id='word_1_251' title='bbox 387 3437 660 3495; x_wconf 87' lang='lat' dir='ltr'>resistens</span> <span class='ocrx_word' id='word_1_252' title='bbox 685 3439 930 3510; x_wconf 90' lang='lat' dir='ltr'>peccato</span> <span class='ocrx_word' id='word_1_253' title='bbox 960 3434 1251 3510; x_wconf 88' lang='lat' dir='ltr'>supplicat</span> <span class='ocrx_word' id='word_1_254' title='bbox 1269 3449 1380 3508; x_wconf 91' lang='lat' dir='ltr'>pro</span> <span class='ocrx_word' id='word_1_255' title='bbox 1409 3434 1629 3508; x_wconf 87' lang='lat' dir='ltr'>seipso.</span> <span class='ocrx_word' id='word_1_256' title='bbox 1658 3431 1941 3506; x_wconf 87' lang='lat' dir='ltr'>Proponit</span> 
     </span>
     <span class='ocr_line' id='line_1_31' title="bbox 391 3527 1938 3605; baseline -0.001 -18"><span class='ocrx_word' id='word_1_257' title='bbox 391 3529 589 3605; x_wconf 89' lang='lat' dir='ltr'>itaque</span> <span class='ocrx_word' id='word_1_258' title='bbox 641 3546 847 3588; x_wconf 89' lang='lat' dir='ltr'>versus</span> <span class='ocrx_word' id='word_1_259' title='bbox 907 3529 1015 3587; x_wconf 87' lang='lat' dir='ltr'>iste</span> <span class='ocrx_word' id='word_1_260' title='bbox 1076 3527 1567 3602; x_wconf 87' lang='lat' dir='ltr'>supplicationem</span> <span class='ocrx_word' id='word_1_261' title='bbox 1620 3541 1896 3600; x_wconf 82' lang='lat' dir='ltr'>sagacem</span> <span class='ocrx_word' id='word_1_262' title='bbox 1916 3567 1938 3600; x_wconf 92' lang='lat'>,</span> 
     </span>
     <span class='ocr_line' id='line_1_32' title="bbox 389 3620 1938 3699; baseline 0 -18"><span class='ocrx_word' id='word_1_263' title='bbox 389 3625 690 3695; x_wconf 80' lang='lat' dir='ltr'>vivacem,</span> <span class='ocrx_word' id='word_1_264' title='bbox 718 3624 1119 3699; x_wconf 88' lang='lat' dir='ltr'>perspicacem</span> <span class='ocrx_word' id='word_1_265' title='bbox 1134 3666 1155 3694; x_wconf 90' lang='lat'>,</span> <span class='ocrx_word' id='word_1_266' title='bbox 1193 3626 1250 3680; x_wconf 91' lang='lat' dir='ltr'>et</span> <span class='ocrx_word' id='word_1_267' title='bbox 1275 3621 1608 3691; x_wconf 83' lang='lat' dir='ltr'>efficacem3</span> <span class='ocrx_word' id='word_1_268' title='bbox 1638 3620 1938 3694; x_wconf 89' lang='lat' dir='ltr'>tangendo</span> 
     </span>
     <span class='ocr_line' id='line_1_33' title="bbox 394 3713 1940 3791; baseline -0.003 -15"><span class='ocrx_word' id='word_1_269' title='bbox 394 3717 612 3776; x_wconf 74' lang='lat' dir='ltr'>divinae</span> <span class='ocrx_word' id='word_1_270' title='bbox 639 3717 997 3791; x_wconf 78' lang='lat' dir='ltr'>dignationis</span> <span class='ocrx_word' id='word_1_271' title='bbox 1021 3715 1452 3774; x_wconf 88' lang='lat' dir='ltr'>humanitatem</span> <span class='ocrx_word' id='word_1_272' title='bbox 1468 3759 1487 3789; x_wconf 90' lang='lat'>,</span> <span class='ocrx_word' id='word_1_273' title='bbox 1518 3713 1940 3789; x_wconf 77' lang='lat' dir='ltr'>indignationis</span> 
     </span>
     <span class='ocr_line' id='line_1_34' title="bbox 390 3808 1941 3884; baseline -0.001 -16"><span class='ocrx_word' id='word_1_274' title='bbox 390 3811 840 3881; x_wconf 85' lang='lat' dir='ltr'>humanitatem,</span> <span class='ocrx_word' id='word_1_275' title='bbox 860 3809 1231 3884; x_wconf 80' lang='lat' dir='ltr'>justificantis</span> <span class='ocrx_word' id='word_1_276' title='bbox 1259 3808 1625 3883; x_wconf 89' lang='lat' dir='ltr'>dignitatem,</span> <span class='ocrx_word' id='word_1_277' title='bbox 1656 3813 1713 3867; x_wconf 91' lang='lat' dir='ltr'>et</span> <span class='ocrx_word' id='word_1_278' title='bbox 1729 3809 1941 3881; x_wconf 86' lang='lat' dir='ltr'>justifi-</span> 
     </span>
     <span class='ocr_line' id='line_1_35' title="bbox 394 3901 1056 3978; baseline -0.003 -15"><span class='ocrx_word' id='word_1_279' title='bbox 394 3901 603 3963; x_wconf 76' lang='lat' dir='ltr'>cabitis</span> <span class='ocrx_word' id='word_1_280' title='bbox 624 3903 1056 3978; x_wconf 90' lang='lat' dir='ltr'>indignitatem.</span> 
     </span>
    </p>
   </div>
   <div class='ocr_carea' id='block_1_7' title="bbox 901 4067 1431 4140">
    <p class='ocr_par' dir='ltr' id='par_1_9' title="bbox 901 4067 1431 4140">
     <span class='ocr_line' id='line_1_36' title="bbox 901 4067 1431 4140; baseline -0.006 -16"><span class='ocrx_word' id='word_1_281' title='bbox 901 4067 1177 4125; x_wconf 81' lang='lat' dir='ltr'>Articulus</span> <span class='ocrx_word' id='word_1_282' title='bbox 1201 4069 1431 4140; x_wconf 73' lang='lat' dir='ltr'>primus.</span> 
     </span>
    </p>
   </div>
   <div class='ocr_carea' id='block_1_8' title="bbox 391 4187 1946 5306">
    <p class='ocr_par' dir='ltr' id='par_1_10' title="bbox 391 4187 1946 5306">
     <span class='ocr_line' id='line_1_37' title="bbox 464 4187 1939 4268; baseline -0.005 -15"><span class='ocrx_word' id='word_1_283' title='bbox 464 4193 756 4268; x_wconf 87' lang='lat' dir='ltr'>sagaciter</span> <span class='ocrx_word' id='word_1_284' title='bbox 788 4193 970 4268; x_wconf 89' lang='lat' dir='ltr'>igitur</span> <span class='ocrx_word' id='word_1_285' title='bbox 1009 4191 1383 4267; x_wconf 87' lang='lat' dir='ltr'>supplicans,</span> <span class='ocrx_word' id='word_1_286' title='bbox 1429 4187 1789 4262; x_wconf 88' lang='lat' dir='ltr'>dignationis</span> <span class='ocrx_word' id='word_1_287' title='bbox 1828 4188 1939 4246; x_wconf 88' lang='lat' dir='ltr'>hu-</span> 
     </span>
     <span class='ocr_line' id='line_1_38' title="bbox 391 4284 1938 4362; baseline -0.006 -14"><span class='ocrx_word' id='word_1_288' title='bbox 391 4290 735 4351; x_wconf 85' lang='lat' dir='ltr'>manitatem</span> <span class='ocrx_word' id='word_1_289' title='bbox 762 4288 1059 4362; x_wconf 85' lang='lat' dir='ltr'>allegavit,</span> <span class='ocrx_word' id='word_1_290' title='bbox 1090 4304 1230 4346; x_wconf 92' lang='lat' dir='ltr'>cum</span> <span class='ocrx_word' id='word_1_291' title='bbox 1255 4286 1335 4344; x_wconf 89' lang='lat' dir='ltr'>ait</span> <span class='ocrx_word' id='word_1_292' title='bbox 1365 4304 1380 4344; x_wconf 72' lang='grc' dir='ltr'><strong><em>ε</em></strong></span> <span class='ocrx_word' id='word_1_293' title='bbox 1411 4284 1793 4343; x_wconf 74' lang='lat' dir='ltr'>Misericordia</span> <span class='ocrx_word' id='word_1_294' title='bbox 1821 4289 1938 4356; x_wconf 83' lang='lat' dir='ltr'>tua,</span> 
     </span>
     <span class='ocr_line' id='line_1_39' title="bbox 392 4379 1940 4453; baseline -0.004 -11"><span class='ocrx_word' id='word_1_295' title='bbox 392 4387 635 4442; x_wconf 81' lang='lat' dir='ltr'>Domine.</span> <span class='ocrx_word' id='word_1_296' title='bbox 665 4383 840 4453; x_wconf 87' lang='lat' dir='ltr'>Quod</span> <span class='ocrx_word' id='word_1_297' title='bbox 874 4383 1034 4442; x_wconf 89' lang='lat' dir='ltr'>enim</span> <span class='ocrx_word' id='word_1_298' title='bbox 1062 4380 1344 4441; x_wconf 88' lang='lat' dir='ltr'>Dominus</span> <span class='ocrx_word' id='word_1_299' title='bbox 1379 4379 1689 4438; x_wconf 88' lang='lat' dir='ltr'>miseretur</span> <span class='ocrx_word' id='word_1_300' title='bbox 1725 4382 1940 4437; x_wconf 69' lang='lat' dir='ltr'>nostrai</span> 
     </span>
     <span class='ocr_line' id='line_1_40' title="bbox 391 4471 1940 4550; baseline -0.003 -15"><span class='ocrx_word' id='word_1_301' title='bbox 391 4477 641 4535; x_wconf 75' lang='lat' dir='ltr'>miseriae</span> <span class='ocrx_word' id='word_1_302' title='bbox 655 4519 679 4550; x_wconf 91' lang='lat'>,</span> <span class='ocrx_word' id='word_1_303' title='bbox 718 4476 1095 4535; x_wconf 88' lang='lat' dir='ltr'>humanitatis</span> <span class='ocrx_word' id='word_1_304' title='bbox 1136 4477 1223 4534; x_wconf 89' lang='lat' dir='ltr'>est</span> <span class='ocrx_word' id='word_1_305' title='bbox 1265 4473 1599 4548; x_wconf 81' lang='lat' dir='ltr'>dignativae.</span> <span class='ocrx_word' id='word_1_306' title='bbox 1643 4471 1759 4531; x_wconf 89' lang='lat' dir='ltr'>Sed</span> <span class='ocrx_word' id='word_1_307' title='bbox 1798 4476 1940 4531; x_wconf 91' lang='lat' dir='ltr'>nota</span> 
     </span>
     <span class='ocr_line' id='line_1_41' title="bbox 393 4567 1941 4644; baseline -0.004 -15"><span class='ocrx_word' id='word_1_308' title='bbox 393 4570 863 4631; x_wconf 87' lang='lat' dir='ltr'>misericordiam</span> <span class='ocrx_word' id='word_1_309' title='bbox 889 4569 1121 4629; x_wconf 91' lang='lat' dir='ltr'>Domini</span> <span class='ocrx_word' id='word_1_310' title='bbox 1139 4567 1433 4644; x_wconf 89' lang='lat' dir='ltr'>triplicem</span> <span class='ocrx_word' id='word_1_311' title='bbox 1457 4567 1707 4626; x_wconf 66' lang='lat' dir='ltr'>miseriae</span> <span class='ocrx_word' id='word_1_312' title='bbox 1726 4568 1941 4624; x_wconf 81' lang='lat' dir='ltr'>nostrae</span> 
     </span>
     <span class='ocr_line' id='line_1_42' title="bbox 392 4660 1941 4740; baseline -0.003 -18"><span class='ocrx_word' id='word_1_313' title='bbox 392 4663 607 4739; x_wconf 87' lang='lat' dir='ltr'>triplici</span> <span class='ocrx_word' id='word_1_314' title='bbox 666 4668 1092 4740; x_wconf 84' lang='lat' dir='ltr'>congruentem</span> <span class='ocrx_word' id='word_1_315' title='bbox 1116 4704 1137 4736; x_wconf 93' lang='lat'>,</span> <span class='ocrx_word' id='word_1_316' title='bbox 1203 4666 1409 4739; x_wconf 86' lang='lat' dir='ltr'>utpote</span> <span class='ocrx_word' id='word_1_317' title='bbox 1472 4660 1941 4721; x_wconf 86' lang='lat' dir='ltr'>misericordiam</span> 
     </span>
     <span class='ocr_line' id='line_1_43' title="bbox 392 4756 1941 4834; baseline -0.002 -15"><span class='ocrx_word' id='word_1_318' title='bbox 392 4760 704 4820; x_wconf 72' lang='lat' dir='ltr'>medicinae</span> <span class='ocrx_word' id='word_1_319' title='bbox 717 4803 740 4834; x_wconf 92' lang='lat'>,</span> <span class='ocrx_word' id='word_1_320' title='bbox 765 4759 1238 4819; x_wconf 90' lang='lat' dir='ltr'>misericordiam</span> <span class='ocrx_word' id='word_1_321' title='bbox 1281 4758 1604 4832; x_wconf 68' lang='lat' dir='ltr'>disciplinae</span> <span class='ocrx_word' id='word_1_322' title='bbox 1619 4800 1640 4831; x_wconf 91' lang='lat'>,</span> <span class='ocrx_word' id='word_1_323' title='bbox 1670 4760 1728 4815; x_wconf 91' lang='lat' dir='ltr'>et</span> <span class='ocrx_word' id='word_1_324' title='bbox 1765 4756 1941 4816; x_wconf 89' lang='lat' dir='ltr'>mise-</span> 
     </span>
     <span class='ocr_line' id='line_1_44' title="bbox 393 4837 1945 4928; baseline -0.002 -16"><span class='ocrx_word' id='word_1_325' title='bbox 393 4853 715 4913; x_wconf 89' lang='lat' dir='ltr'>ricordiam</span> <span class='ocrx_word' id='word_1_326' title='bbox 771 4852 1051 4912; x_wconf 74' lang='lat' dir='ltr'>doctrinae</span> <span class='ocrx_word' id='word_1_327' title='bbox 1082 4871 1098 4912; x_wconf 70' lang='grc' dir='ltr'><strong><em>ε</em></strong></span> <span class='ocrx_word' id='word_1_328' title='bbox 1152 4869 1410 4928; x_wconf 88' lang='lat' dir='ltr'>quarum</span> <span class='ocrx_word' id='word_1_329' title='bbox 1451 4852 1617 4928; x_wconf 89' lang='lat' dir='ltr'>prior</span> <span class='ocrx_word' id='word_1_330' title='bbox 1671 4837 1945 4925; x_wconf 75' lang='lat' dir='ltr'>congruit</span> 
     </span>
     <span class='ocr_line' id='line_1_45' title="bbox 394 4946 1941 5020; baseline -0.002 -13"><span class='ocrx_word' id='word_1_331' title='bbox 394 4952 610 5009; x_wconf 79' lang='lat' dir='ltr'>nostroe</span> <span class='ocrx_word' id='word_1_332' title='bbox 634 4949 724 5007; x_wconf 90' lang='lat' dir='ltr'>vis</span> <span class='ocrx_word' id='word_1_333' title='bbox 751 4948 1062 5008; x_wconf 89' lang='lat' dir='ltr'>irascibilis</span> <span class='ocrx_word' id='word_1_334' title='bbox 1089 4948 1440 5017; x_wconf 81' lang='lat' dir='ltr'>infirmitati3</span> <span class='ocrx_word' id='word_1_335' title='bbox 1473 4946 1768 5020; x_wconf 89' lang='lat' dir='ltr'>secunda,</span> <span class='ocrx_word' id='word_1_336' title='bbox 1800 4962 1941 5005; x_wconf 88' lang='lat' dir='ltr'>con-</span> 
     </span>
     <span class='ocr_line' id='line_1_46' title="bbox 398 5040 1946 5126; baseline -0.003 -24"><span class='ocrx_word' id='word_1_337' title='bbox 398 5044 759 5126; x_wconf 78' lang='lat' dir='ltr'>cupiscibilis</span> <span class='ocrx_word' id='word_1_338' title='bbox 785 5043 1137 5115; x_wconf 84' lang='lat' dir='ltr'>lubricitati3</span> <span class='ocrx_word' id='word_1_339' title='bbox 1166 5043 1356 5117; x_wconf 87' lang='lat' dir='ltr'>tertia,</span> <span class='ocrx_word' id='word_1_340' title='bbox 1386 5042 1755 5101; x_wconf 88' lang='lat' dir='ltr'>rationabilis</span> <span class='ocrx_word' id='word_1_341' title='bbox 1781 5040 1946 5100; x_wconf 90' lang='lat' dir='ltr'>rudi·</span> 
     </span>
     <span class='ocr_line' id='line_1_47' title="bbox 396 5135 1940 5213; baseline -0.001 -17"><span class='ocrx_word' id='word_1_342' title='bbox 396 5136 518 5196; x_wconf 89' lang='lat' dir='ltr'>tati.</span> <span class='ocrx_word' id='word_1_343' title='bbox 563 5141 641 5197; x_wconf 93' lang='lat' dir='ltr'>De</span> <span class='ocrx_word' id='word_1_344' title='bbox 680 5137 875 5213; x_wconf 91' lang='lat' dir='ltr'>prima</span> <span class='ocrx_word' id='word_1_345' title='bbox 916 5136 1322 5195; x_wconf 87' lang='lat' dir='ltr'>misericordia</span> <span class='ocrx_word' id='word_1_346' title='bbox 1367 5135 1509 5195; x_wconf 90' lang='lat' dir='ltr'>dicit</span> <span class='ocrx_word' id='word_1_347' title='bbox 1541 5135 1837 5210; x_wconf 90' lang='lat' dir='ltr'>Scriptura</span> <span class='ocrx_word' id='word_1_348' title='bbox 1871 5135 1892 5170; x_wconf 64' lang='grc'><strong><em>*</em></strong></span> <span class='ocrx_word' id='word_1_349' title='bbox 1925 5153 1940 5194; x_wconf 87' lang='lat'>:</span> 
     </span>
     <span class='ocr_line' id='line_1_48' title="bbox 406 5231 1944 5306; baseline 0.001 -19"><span class='ocrx_word' id='word_1_350' title='bbox 406 5250 436 5287; x_wconf 71' lang='grc' dir='ltr'>ι</span> <span class='ocrx_word' id='word_1_351' title='bbox 459 5231 637 5291; x_wconf 78' lang='lat' dir='ltr'>Filios</span> <span class='ocrx_word' id='word_1_352' title='bbox 670 5236 805 5294; x_wconf 90' lang='lat' dir='ltr'>tuos</span> <span class='ocrx_word' id='word_1_353' title='bbox 831 5248 944 5291; x_wconf 89' lang='lat' dir='ltr'>nec</span> <span class='ocrx_word' id='word_1_354' title='bbox 984 5231 1345 5306; x_wconf 87' lang='lat' dir='ltr'>draconum,</span> <span class='ocrx_word' id='word_1_355' title='bbox 1372 5245 1484 5289; x_wconf 91' lang='lat' dir='ltr'>nec</span> <span class='ocrx_word' id='word_1_356' title='bbox 1516 5233 1944 5291; x_wconf 90' lang='lat' dir='ltr'>venenatorum</span> 
     </span>
    </p>
   </div>
   <div class='ocr_carea' id='block_1_9' title="bbox 469 5432 1943 5590">
    <p class='ocr_par' dir='ltr' id='par_1_11' title="bbox 469 5432 1943 5590">
     <span class='ocr_line' id='line_1_49' title="bbox 469 5432 1943 5499; baseline -0.002 -15"><span class='ocrx_word' id='word_1_357' title='bbox 469 5434 482 5465; x_wconf 84' lang='lat'>¹</span> <span class='ocrx_word' id='word_1_358' title='bbox 512 5432 629 5493; x_wconf 70' lang='lat' dir='ltr'>Ira„</span> <span class='ocrx_word' id='word_1_359' title='bbox 667 5445 807 5499; x_wconf 76' lang='lat' dir='ltr'>xxvi,</span> <span class='ocrx_word' id='word_1_360' title='bbox 841 5435 891 5483; x_wconf 80' lang='lat'>2.</span> <span class='ocrx_word' id='word_1_361' title='bbox 919 5457 983 5472; x_wconf 95' lang='lat'>-—</span> <span class='ocrx_word' id='word_1_362' title='bbox 1019 5433 1036 5463; x_wconf 78' lang='lat'>²</span> <span class='ocrx_word' id='word_1_363' title='bbox 1068 5436 1226 5493; x_wconf 64' lang='lat' dir='ltr'>Prov„</span> <span class='ocrx_word' id='word_1_364' title='bbox 1263 5443 1408 5495; x_wconf 79' lang='lat' dir='ltr'>xxix,</span> <span class='ocrx_word' id='word_1_365' title='bbox 1442 5434 1521 5482; x_wconf 74' lang='lat'>2⁷.</span> <span class='ocrx_word' id='word_1_366' title='bbox 1553 5458 1606 5470; x_wconf 86' lang='lat'>-</span> <span class='ocrx_word' id='word_1_367' title='bbox 1644 5433 1663 5461; x_wconf 77' lang='lat'>³</span> <span class='ocrx_word' id='word_1_368' title='bbox 1690 5433 1855 5495; x_wconf 65' lang='lat' dir='ltr'>Prov„</span> <span class='ocrx_word' id='word_1_369' title='bbox 1890 5446 1943 5494; x_wconf 83' lang='lat' dir='ltr'>x,</span> 
     </span>
     <span class='ocr_line' id='line_1_50' title="bbox 645 5541 929 5590; baseline -0.007 1"><span class='ocrx_word' id='word_1_370' title='bbox 645 5541 793 5590; x_wconf 69' lang='lat' dir='ltr'>mu.</span> <span class='ocrx_word' id='word_1_371' title='bbox 836 5542 929 5590; x_wconf 77' lang='lat'>11.</span> 
     </span>
    </p>
   </div>
   <div class='ocr_carea' id='block_1_10' title="bbox 2490 1522 3088 1579">
    <p class='ocr_par' dir='ltr' id='par_1_12' title="bbox 2490 1522 3088 1579">
     <span class='ocr_line' id='line_1_51' title="bbox 2490 1522 3088 1579; baseline 0.003 -2"><span class='ocrx_word' id='word_1_372' title='bbox 2490 1522 2774 1579; x_wconf 78' lang='lat' dir='ltr'>Articulus</span> <span class='ocrx_word' id='word_1_373' title='bbox 2808 1522 3088 1579; x_wconf 74' lang='lat' dir='ltr'>secundus.</span> 
     </span>
    </p>
   </div>
   <div class='ocr_carea' id='block_1_11' title="bbox 2024 1644 3593 3596">
    <p class='ocr_par' dir='ltr' id='par_1_13' title="bbox 2024 1644 3593 3596">
     <span class='ocr_line' id='line_1_52' title="bbox 2095 1644 3570 1721; baseline 0.005 -22"><span class='ocrx_word' id='word_1_374' title='bbox 2095 1644 2382 1703; x_wconf 81' lang='lat' dir='ltr'>vivaciter</span> <span class='ocrx_word' id='word_1_375' title='bbox 2406 1648 2605 1704; x_wconf 87' lang='lat' dir='ltr'>autem</span> <span class='ocrx_word' id='word_1_376' title='bbox 2640 1662 2818 1707; x_wconf 88' lang='lat' dir='ltr'>orans</span> <span class='ocrx_word' id='word_1_377' title='bbox 2841 1646 3263 1721; x_wconf 85' lang='lat' dir='ltr'>indignationis</span> <span class='ocrx_word' id='word_1_378' title='bbox 3287 1648 3570 1709; x_wconf 90' lang='lat' dir='ltr'>immuni-</span> 
     </span>
     <span class='ocr_line' id='line_1_53' title="bbox 2024 1738 3568 1813; baseline 0.006 -20"><span class='ocrx_word' id='word_1_379' title='bbox 2024 1738 2204 1795; x_wconf 88' lang='lat' dir='ltr'>tatem</span> <span class='ocrx_word' id='word_1_380' title='bbox 2230 1740 2602 1813; x_wconf 87' lang='lat' dir='ltr'>aggregavit,</span> <span class='ocrx_word' id='word_1_381' title='bbox 2627 1757 2763 1798; x_wconf 91' lang='lat' dir='ltr'>cum</span> <span class='ocrx_word' id='word_1_382' title='bbox 2790 1740 3058 1800; x_wconf 88' lang='lat' dir='ltr'>addidit:</span> <span class='ocrx_word' id='word_1_383' title='bbox 3083 1744 3251 1800; x_wconf 82' lang='lat' dir='ltr'>Plena</span> <span class='ocrx_word' id='word_1_384' title='bbox 3277 1748 3355 1801; x_wconf 80' lang='lat' dir='ltr'>est</span> <span class='ocrx_word' id='word_1_385' title='bbox 3385 1750 3568 1802; x_wconf 82' lang='lat' dir='ltr'>terra:</span> 
     </span>
     <span class='ocr_line' id='line_1_54' title="bbox 2026 1831 3572 1909; baseline 0.005 -21"><span class='ocrx_word' id='word_1_386' title='bbox 2026 1845 2139 1889; x_wconf 91' lang='lat' dir='ltr'>nee</span> <span class='ocrx_word' id='word_1_387' title='bbox 2169 1831 2329 1889; x_wconf 91' lang='lat' dir='ltr'>enim</span> <span class='ocrx_word' id='word_1_388' title='bbox 2353 1837 2509 1891; x_wconf 85' lang='lat' dir='ltr'>terra</span> <span class='ocrx_word' id='word_1_389' title='bbox 2542 1833 2947 1893; x_wconf 89' lang='lat' dir='ltr'>misericordia</span> <span class='ocrx_word' id='word_1_390' title='bbox 2971 1834 3295 1909; x_wconf 91' lang='lat' dir='ltr'>repleretur</span> <span class='ocrx_word' id='word_1_391' title='bbox 3311 1879 3331 1909; x_wconf 93' lang='lat'>,</span> <span class='ocrx_word' id='word_1_392' title='bbox 3360 1836 3410 1895; x_wconf 88' lang='lat' dir='ltr'>si</span> <span class='ocrx_word' id='word_1_393' title='bbox 3444 1836 3572 1896; x_wconf 88' lang='lat' dir='ltr'>cui·</span> 
     </span>
     <span class='ocr_line' id='line_1_55' title="bbox 2030 1926 3576 2002; baseline 0.005 -20"><span class='ocrx_word' id='word_1_394' title='bbox 2030 1937 2214 1998; x_wconf 88' lang='lat' dir='ltr'>quam</span> <span class='ocrx_word' id='word_1_395' title='bbox 2255 1926 2562 2000; x_wconf 64' lang='lat' dir='ltr'>terrigenae</span> <span class='ocrx_word' id='word_1_396' title='bbox 2598 1928 2880 1986; x_wconf 91' lang='lat' dir='ltr'>Dominus</span> <span class='ocrx_word' id='word_1_397' title='bbox 2927 1928 3336 2002; x_wconf 88' lang='lat' dir='ltr'>indignaretur</span> <span class='ocrx_word' id='word_1_398' title='bbox 3364 1950 3379 1989; x_wconf 88' lang='lat'>:</span> <span class='ocrx_word' id='word_1_399' title='bbox 3410 1930 3576 1990; x_wconf 89' lang='lat' dir='ltr'>viva·</span> 
     </span>
     <span class='ocr_line' id='line_1_56' title="bbox 2030 2017 3576 2101; baseline 0.007 -27"><span class='ocrx_word' id='word_1_400' title='bbox 2030 2017 2175 2076; x_wconf 86' lang='lat' dir='ltr'>citer</span> <span class='ocrx_word' id='word_1_401' title='bbox 2216 2023 2414 2078; x_wconf 91' lang='lat' dir='ltr'>autem</span> <span class='ocrx_word' id='word_1_402' title='bbox 2453 2021 2534 2079; x_wconf 92' lang='lat' dir='ltr'>ad</span> <span class='ocrx_word' id='word_1_403' title='bbox 2577 2021 2980 2081; x_wconf 88' lang='lat' dir='ltr'>miserandum</span> <span class='ocrx_word' id='word_1_404' title='bbox 3026 2029 3327 2097; x_wconf 87' lang='lat' dir='ltr'>movetur,</span> <span class='ocrx_word' id='word_1_405' title='bbox 3368 2042 3407 2083; x_wconf 89' lang='lat' dir='ltr'>a</span> <span class='ocrx_word' id='word_1_406' title='bbox 3452 2040 3576 2101; x_wconf 87' lang='lat' dir='ltr'>quo</span> 
     </span>
     <span class='ocr_line' id='line_1_57' title="bbox 2032 2113 3579 2188; baseline 0.007 -19"><span class='ocrx_word' id='word_1_407' title='bbox 2032 2126 2276 2186; x_wconf 89' lang='lat' dir='ltr'>prorsus</span> <span class='ocrx_word' id='word_1_408' title='bbox 2315 2113 2645 2188; x_wconf 85' lang='lat' dir='ltr'>indignatio</span> <span class='ocrx_word' id='word_1_409' title='bbox 2683 2119 3038 2175; x_wconf 87' lang='lat' dir='ltr'>removetur.</span> <span class='ocrx_word' id='word_1_410' title='bbox 3082 2118 3196 2176; x_wconf 91' lang='lat' dir='ltr'>Sed</span> <span class='ocrx_word' id='word_1_411' title='bbox 3240 2124 3382 2178; x_wconf 91' lang='lat' dir='ltr'>nota</span> <span class='ocrx_word' id='word_1_412' title='bbox 3421 2120 3579 2180; x_wconf 91' lang='lat' dir='ltr'>circa</span> 
     </span>
     <span class='ocr_line' id='line_1_58' title="bbox 2035 2208 3580 2284; baseline 0.006 -21"><span class='ocrx_word' id='word_1_413' title='bbox 2035 2210 2204 2265; x_wconf 82' lang='lat' dir='ltr'>terrae</span> <span class='ocrx_word' id='word_1_414' title='bbox 2268 2208 2700 2282; x_wconf 89' lang='lat' dir='ltr'>plenitudinem</span> <span class='ocrx_word' id='word_1_415' title='bbox 2727 2253 2747 2283; x_wconf 93' lang='lat'>,</span> <span class='ocrx_word' id='word_1_416' title='bbox 2804 2211 2971 2284; x_wconf 91' lang='lat' dir='ltr'>quod</span> <span class='ocrx_word' id='word_1_417' title='bbox 3041 2211 3293 2284; x_wconf 90' lang='lat' dir='ltr'>legimus</span> <span class='ocrx_word' id='word_1_418' title='bbox 3361 2217 3580 2274; x_wconf 88' lang='lat' dir='ltr'>terram</span> 
     </span>
     <span class='ocr_line' id='line_1_59' title="bbox 2035 2300 3580 2381; baseline 0.008 -25"><span class='ocrx_word' id='word_1_419' title='bbox 2035 2300 2327 2375; x_wconf 89' lang='lat' dir='ltr'>triplicem</span> <span class='ocrx_word' id='word_1_420' title='bbox 2384 2321 2397 2359; x_wconf 93' lang='lat'><strong>:</strong></span> <span class='ocrx_word' id='word_1_421' title='bbox 2454 2307 2701 2378; x_wconf 87' lang='lat' dir='ltr'>terram,</span> <span class='ocrx_word' id='word_1_422' title='bbox 2754 2321 2938 2379; x_wconf 90' lang='lat' dir='ltr'>quam</span> <span class='ocrx_word' id='word_1_423' title='bbox 2991 2306 3272 2381; x_wconf 86' lang='lat' dir='ltr'>terimus;</span> <span class='ocrx_word' id='word_1_424' title='bbox 3328 2311 3580 2380; x_wconf 89' lang='lat' dir='ltr'>terram,</span> 
     </span>
     <span class='ocr_line' id='line_1_60' title="bbox 2037 2397 3579 2476; baseline 0.006 -24"><span class='ocrx_word' id='word_1_425' title='bbox 2037 2410 2224 2468; x_wconf 91' lang='lat' dir='ltr'>quam</span> <span class='ocrx_word' id='word_1_426' title='bbox 2264 2397 2622 2472; x_wconf 84' lang='lat' dir='ltr'>quaerimus3</span> <span class='ocrx_word' id='word_1_427' title='bbox 2679 2403 2738 2457; x_wconf 90' lang='lat' dir='ltr'>et</span> <span class='ocrx_word' id='word_1_428' title='bbox 2775 2402 3028 2472; x_wconf 89' lang='lat' dir='ltr'>terram,</span> <span class='ocrx_word' id='word_1_429' title='bbox 3064 2417 3249 2475; x_wconf 87' lang='lat' dir='ltr'>quam</span> <span class='ocrx_word' id='word_1_430' title='bbox 3297 2402 3579 2476; x_wconf 88' lang='lat' dir='ltr'>gerimus.</span> 
     </span>
     <span class='ocr_line' id='line_1_61' title="bbox 2038 2489 3583 2569; baseline 0.007 -23"><span class='ocrx_word' id='word_1_431' title='bbox 2038 2489 2232 2549; x_wconf 91' lang='lat' dir='ltr'>Prima</span> <span class='ocrx_word' id='word_1_432' title='bbox 2279 2494 2436 2551; x_wconf 89' lang='lat' dir='ltr'>terra</span> <span class='ocrx_word' id='word_1_433' title='bbox 2493 2491 2673 2568; x_wconf 87' lang='lat' dir='ltr'>plena</span> <span class='ocrx_word' id='word_1_434' title='bbox 2727 2495 2814 2553; x_wconf 89' lang='lat' dir='ltr'>est</span> <span class='ocrx_word' id='word_1_435' title='bbox 2864 2494 3043 2553; x_wconf 89' lang='lat' dir='ltr'>laude</span> <span class='ocrx_word' id='word_1_436' title='bbox 3090 2494 3332 2569; x_wconf 82' lang='lat' dir='ltr'>divina3</span> <span class='ocrx_word' id='word_1_437' title='bbox 3375 2513 3583 2556; x_wconf 89' lang='lat' dir='ltr'>secun-</span> 
     </span>
     <span class='ocr_line' id='line_1_62' title="bbox 2040 2583 3585 2664; baseline 0.006 -23"><span class='ocrx_word' id='word_1_438' title='bbox 2040 2583 2121 2642; x_wconf 92' lang='lat' dir='ltr'>da</span> <span class='ocrx_word' id='word_1_439' title='bbox 2163 2584 2346 2659; x_wconf 91' lang='lat' dir='ltr'>plena</span> <span class='ocrx_word' id='word_1_440' title='bbox 2394 2589 2480 2644; x_wconf 90' lang='lat' dir='ltr'>est</span> <span class='ocrx_word' id='word_1_441' title='bbox 2523 2587 2716 2660; x_wconf 88' lang='lat' dir='ltr'>gloria</span> <span class='ocrx_word' id='word_1_442' title='bbox 2726 2607 2746 2661; x_wconf 82' lang='lat'>3</span> <span class='ocrx_word' id='word_1_443' title='bbox 2795 2587 2902 2647; x_wconf 91' lang='lat' dir='ltr'>sed</span> <span class='ocrx_word' id='word_1_444' title='bbox 2944 2589 3114 2649; x_wconf 88' lang='lat' dir='ltr'>tertia</span> <span class='ocrx_word' id='word_1_445' title='bbox 3131 2590 3311 2664; x_wconf 90' lang='lat' dir='ltr'>plena</span> <span class='ocrx_word' id='word_1_446' title='bbox 3348 2596 3438 2650; x_wconf 89' lang='lat' dir='ltr'>est</span> <span class='ocrx_word' id='word_1_447' title='bbox 3475 2593 3585 2652; x_wconf 90' lang='lat' dir='ltr'>mi-</span> 
     </span>
     <span class='ocr_line' id='line_1_63' title="bbox 2041 2677 3588 2760; baseline 0.007 -25"><span class='ocrx_word' id='word_1_448' title='bbox 2041 2677 2214 2736; x_wconf 87' lang='lat' dir='ltr'>seria.</span> <span class='ocrx_word' id='word_1_449' title='bbox 2273 2682 2353 2737; x_wconf 93' lang='lat' dir='ltr'>De</span> <span class='ocrx_word' id='word_1_450' title='bbox 2401 2679 2597 2754; x_wconf 91' lang='lat' dir='ltr'>prima</span> <span class='ocrx_word' id='word_1_451' title='bbox 2633 2683 2655 2718; x_wconf 83' lang='lat'>&#39;¹</span> <span class='ocrx_word' id='word_1_452' title='bbox 2700 2700 2715 2738; x_wconf 74' lang='grc' dir='ltr'>ε</span> <span class='ocrx_word' id='word_1_453' title='bbox 2769 2701 2799 2737; x_wconf 69' lang='grc' dir='ltr'><strong>α</strong></span> <span class='ocrx_word' id='word_1_454' title='bbox 2844 2682 3058 2741; x_wconf 89' lang='lat' dir='ltr'>Laudis</span> <span class='ocrx_word' id='word_1_455' title='bbox 3112 2685 3238 2758; x_wconf 89' lang='lat' dir='ltr'>ejus</span> <span class='ocrx_word' id='word_1_456' title='bbox 3279 2686 3460 2760; x_wconf 91' lang='lat' dir='ltr'>plena</span> <span class='ocrx_word' id='word_1_457' title='bbox 3500 2689 3588 2746; x_wconf 90' lang='lat' dir='ltr'>est</span> 
     </span>
     <span class='ocr_line' id='line_1_64' title="bbox 2042 2774 3587 2854; baseline 0.006 -25"><span class='ocrx_word' id='word_1_458' title='bbox 2042 2776 2198 2830; x_wconf 89' lang='lat' dir='ltr'>terra</span> <span class='ocrx_word' id='word_1_459' title='bbox 2217 2814 2236 2844; x_wconf 93' lang='lat'>,</span> <span class='ocrx_word' id='word_1_460' title='bbox 2289 2793 2320 2826; x_wconf 68' lang='lat' dir='ltr'>s</span> <span class='ocrx_word' id='word_1_461' title='bbox 2380 2789 2565 2847; x_wconf 87' lang='lat' dir='ltr'>quam</span> <span class='ocrx_word' id='word_1_462' title='bbox 2619 2774 2862 2833; x_wconf 87' lang='lat' dir='ltr'>terimus</span> <span class='ocrx_word' id='word_1_463' title='bbox 2919 2795 2933 2834; x_wconf 73' lang='grc' dir='ltr'><em>τ</em></span> <span class='ocrx_word' id='word_1_464' title='bbox 2998 2783 3121 2835; x_wconf 89' lang='lat' dir='ltr'>tam</span> <span class='ocrx_word' id='word_1_465' title='bbox 3184 2778 3587 2854; x_wconf 83' lang='lat' dir='ltr'>multipliciter</span> 
     </span>
     <span class='ocr_line' id='line_1_65' title="bbox 2044 2866 3588 2944; baseline 0.007 -21"><span class='ocrx_word' id='word_1_466' title='bbox 2044 2881 2184 2923; x_wconf 91' lang='lat' dir='ltr'>eum</span> <span class='ocrx_word' id='word_1_467' title='bbox 2228 2866 2466 2940; x_wconf 88' lang='lat' dir='ltr'>laudat,</span> <span class='ocrx_word' id='word_1_468' title='bbox 2521 2883 2705 2942; x_wconf 88' lang='lat' dir='ltr'>quam</span> <span class='ocrx_word' id='word_1_469' title='bbox 2765 2870 3165 2944; x_wconf 89' lang='lat' dir='ltr'>multipliciter</span> <span class='ocrx_word' id='word_1_470' title='bbox 3217 2872 3588 2934; x_wconf 84' lang='lat' dir='ltr'>laudabilem</span> 
     </span>
     <span class='ocr_line' id='line_1_66' title="bbox 2045 2959 3590 3044; baseline 0.008 -27"><span class='ocrx_word' id='word_1_471' title='bbox 2045 2959 2371 3034; x_wconf 89' lang='lat' dir='ltr'>significat,</span> <span class='ocrx_word' id='word_1_472' title='bbox 2416 2961 2492 3020; x_wconf 92' lang='lat' dir='ltr'>de</span> <span class='ocrx_word' id='word_1_473' title='bbox 2537 2978 2661 3036; x_wconf 92' lang='lat' dir='ltr'>quo</span> <span class='ocrx_word' id='word_1_474' title='bbox 2707 2964 2907 3023; x_wconf 86' lang='lat' dir='ltr'>nullus</span> <span class='ocrx_word' id='word_1_475' title='bbox 2951 2966 3238 3041; x_wconf 87' lang='lat' dir='ltr'>ambigit,</span> <span class='ocrx_word' id='word_1_476' title='bbox 3267 2969 3371 3044; x_wconf 88' lang='lat' dir='ltr'>qui</span> <span class='ocrx_word' id='word_1_477' title='bbox 3418 2969 3590 3044; x_wconf 87' lang='lat' dir='ltr'>signa</span> 
     </span>
     <span class='ocr_line' id='line_1_67' title="bbox 2047 3055 3591 3129; baseline 0.008 -17"><span class='ocrx_word' id='word_1_478' title='bbox 2047 3056 2174 3129; x_wconf 81' lang='lat' dir='ltr'>ejus</span> <span class='ocrx_word' id='word_1_479' title='bbox 2227 3055 2518 3129; x_wconf 88' lang='lat' dir='ltr'>intelligit.</span> <span class='ocrx_word' id='word_1_480' title='bbox 2577 3060 2655 3116; x_wconf 88' lang='lat' dir='ltr'>De</span> <span class='ocrx_word' id='word_1_481' title='bbox 2711 3060 2973 3119; x_wconf 88' lang='lat' dir='ltr'>secunda</span> <span class='ocrx_word' id='word_1_482' title='bbox 3022 3062 3045 3098; x_wconf 82' lang='lat'>⁸</span> <span class='ocrx_word' id='word_1_483' title='bbox 3109 3081 3125 3120; x_wconf 75' lang='grc' dir='ltr'><strong><em>ε</em></strong></span> <span class='ocrx_word' id='word_1_484' title='bbox 3187 3080 3218 3117; x_wconf 75' lang='grc' dir='ltr'><strong>α</strong></span> <span class='ocrx_word' id='word_1_485' title='bbox 3271 3064 3451 3125; x_wconf 89' lang='lat' dir='ltr'>Plena</span> <span class='ocrx_word' id='word_1_486' title='bbox 3503 3070 3591 3125; x_wconf 89' lang='lat' dir='ltr'>est</span> 
     </span>
     <span class='ocr_line' id='line_1_68' title="bbox 2047 3151 3590 3234; baseline 0.009 -27"><span class='ocrx_word' id='word_1_487' title='bbox 2047 3151 2242 3208; x_wconf 91' lang='lat' dir='ltr'>omnis</span> <span class='ocrx_word' id='word_1_488' title='bbox 2276 3154 2434 3211; x_wconf 87' lang='lat' dir='ltr'>terra</span> <span class='ocrx_word' id='word_1_489' title='bbox 2459 3151 2651 3225; x_wconf 88' lang='lat' dir='ltr'>gloria</span> <span class='ocrx_word' id='word_1_490' title='bbox 2693 3154 2821 3227; x_wconf 67' lang='lat' dir='ltr'>eius</span> <span class='ocrx_word' id='word_1_491' title='bbox 2854 3174 2869 3212; x_wconf 91' lang='lat'><strong>:</strong></span> <span class='ocrx_word' id='word_1_492' title='bbox 2901 3176 2932 3211; x_wconf 66' lang='lat' dir='ltr'><strong>n</strong></span> <span class='ocrx_word' id='word_1_493' title='bbox 2960 3173 3081 3215; x_wconf 87' lang='lat' dir='ltr'>vox</span> <span class='ocrx_word' id='word_1_494' title='bbox 3119 3162 3206 3217; x_wconf 85' lang='lat' dir='ltr'>est</span> <span class='ocrx_word' id='word_1_495' title='bbox 3237 3161 3590 3234; x_wconf 89' lang='lat' dir='ltr'>angelorum</span> 
     </span>
     <span class='ocr_line' id='line_1_69' title="bbox 2045 3244 3589 3320; baseline 0.01 -19"><span class='ocrx_word' id='word_1_496' title='bbox 2045 3244 2423 3320; x_wconf 90' lang='lat' dir='ltr'>loquentium</span> <span class='ocrx_word' id='word_1_497' title='bbox 2466 3246 2543 3303; x_wconf 91' lang='lat' dir='ltr'>de</span> <span class='ocrx_word' id='word_1_498' title='bbox 2585 3250 2740 3307; x_wconf 90' lang='lat' dir='ltr'>terra</span> <span class='ocrx_word' id='word_1_499' title='bbox 2782 3248 3127 3309; x_wconf 88' lang='lat' dir='ltr'>viventium.</span> <span class='ocrx_word' id='word_1_500' title='bbox 3175 3254 3250 3312; x_wconf 90' lang='lat' dir='ltr'>De</span> <span class='ocrx_word' id='word_1_501' title='bbox 3293 3256 3462 3314; x_wconf 87' lang='lat' dir='ltr'>tertia</span> <span class='ocrx_word' id='word_1_502' title='bbox 3507 3259 3530 3294; x_wconf 77' lang='lat'><strong>⁹</strong></span> <span class='ocrx_word' id='word_1_503' title='bbox 3573 3275 3589 3316; x_wconf 74' lang='lat' dir='ltr'><em>z</em></span> 
     </span>
     <span class='ocr_line' id='line_1_70' title="bbox 2055 3339 3593 3422; baseline 0.01 -28"><span class='ocrx_word' id='word_1_504' title='bbox 2055 3356 2084 3392; x_wconf 73' lang='grc' dir='ltr'><strong>α</strong></span> <span class='ocrx_word' id='word_1_505' title='bbox 2111 3342 2223 3397; x_wconf 84' lang='lat' dir='ltr'>Fac</span> <span class='ocrx_word' id='word_1_506' title='bbox 2266 3339 2749 3413; x_wconf 87' lang='lat' dir='ltr'>conclusionem,</span> <span class='ocrx_word' id='word_1_507' title='bbox 2777 3344 3065 3418; x_wconf 90' lang='lat' dir='ltr'>quoniam</span> <span class='ocrx_word' id='word_1_508' title='bbox 3104 3350 3258 3406; x_wconf 89' lang='lat' dir='ltr'>terra</span> <span class='ocrx_word' id='word_1_509' title='bbox 3291 3348 3474 3422; x_wconf 89' lang='lat' dir='ltr'>plena</span> <span class='ocrx_word' id='word_1_510' title='bbox 3507 3355 3593 3409; x_wconf 86' lang='lat' dir='ltr'>est</span> 
     </span>
     <span class='ocr_line' id='line_1_71' title="bbox 2042 3432 3592 3509; baseline 0.008 -18"><span class='ocrx_word' id='word_1_511' title='bbox 2042 3432 2270 3505; x_wconf 85' lang='lat' dir='ltr'>judicio</span> <span class='ocrx_word' id='word_1_512' title='bbox 2307 3434 2700 3509; x_wconf 88' lang='lat' dir='ltr'>sanguinum,</span> <span class='ocrx_word' id='word_1_513' title='bbox 2728 3456 2758 3492; x_wconf 70' lang='lat' dir='ltr'>n</span> <span class='ocrx_word' id='word_1_514' title='bbox 2804 3436 2871 3496; x_wconf 91' lang='lat' dir='ltr'>id</span> <span class='ocrx_word' id='word_1_515' title='bbox 2911 3444 2997 3498; x_wconf 88' lang='lat' dir='ltr'>est</span> <span class='ocrx_word' id='word_1_516' title='bbox 3022 3440 3357 3500; x_wconf 87' lang='lat' dir='ltr'>testimonio</span> <span class='ocrx_word' id='word_1_517' title='bbox 3398 3444 3592 3504; x_wconf 90' lang='lat' dir='ltr'>crimi-</span> 
     </span>
     <span class='ocr_line' id='line_1_72' title="bbox 2049 3527 3415 3596; baseline 0.01 -13"><span class='ocrx_word' id='word_1_518' title='bbox 2049 3542 2196 3586; x_wconf 92' lang='lat' dir='ltr'>num</span> <span class='ocrx_word' id='word_1_519' title='bbox 2227 3545 2242 3584; x_wconf 91' lang='lat'><strong>:</strong></span> <span class='ocrx_word' id='word_1_520' title='bbox 2272 3527 2397 3586; x_wconf 79' lang='lat' dir='ltr'>hoec</span> <span class='ocrx_word' id='word_1_521' title='bbox 2422 3530 2507 3586; x_wconf 90' lang='lat' dir='ltr'>est</span> <span class='ocrx_word' id='word_1_522' title='bbox 2527 3532 2683 3588; x_wconf 91' lang='lat' dir='ltr'>terra</span> <span class='ocrx_word' id='word_1_523' title='bbox 2708 3532 3063 3593; x_wconf 89' lang='lat' dir='ltr'>miserorum</span> <span class='ocrx_word' id='word_1_524' title='bbox 3082 3534 3415 3596; x_wconf 88' lang='lat' dir='ltr'>hominum.</span> 
     </span>
    </p>
   </div>
   <div class='ocr_carea' id='block_1_12' title="bbox 2551 3693 3089 3752">
    <p class='ocr_par' dir='ltr' id='par_1_14' title="bbox 2551 3693 3089 3752">
     <span class='ocr_line' id='line_1_73' title="bbox 2551 3693 3089 3752; baseline 0.006 -4"><span class='ocrx_word' id='word_1_525' title='bbox 2551 3693 2838 3750; x_wconf 78' lang='lat' dir='ltr'>Articulus</span> <span class='ocrx_word' id='word_1_526' title='bbox 2873 3697 3089 3752; x_wconf 83' lang='lat' dir='ltr'>tertius.</span> 
     </span>
    </p>
   </div>
   <div class='ocr_carea' id='block_1_13' title="bbox 2048 3815 3602 5364">
    <p class='ocr_par' dir='ltr' id='par_1_15' title="bbox 2048 3815 3602 5364">
     <span class='ocr_line' id='line_1_74' title="bbox 2120 3815 3592 3899; baseline 0.007 -26"><span class='ocrx_word' id='word_1_527' title='bbox 2120 3815 2535 3890; x_wconf 77' lang='lat' dir='ltr'>perspicaciter</span> <span class='ocrx_word' id='word_1_528' title='bbox 2604 3832 2893 3891; x_wconf 90' lang='lat' dir='ltr'>perorans</span> <span class='ocrx_word' id='word_1_529' title='bbox 2951 3820 3319 3892; x_wconf 80' lang='lat' dir='ltr'>justificantis</span> <span class='ocrx_word' id='word_1_530' title='bbox 3398 3824 3592 3899; x_wconf 89' lang='lat' dir='ltr'>digni-</span> 
     </span>
     <span class='ocr_line' id='line_1_75' title="bbox 2049 3910 3593 3993; baseline 0.007 -25"><span class='ocrx_word' id='word_1_531' title='bbox 2049 3912 2228 3968; x_wconf 87' lang='lat' dir='ltr'>tatem</span> <span class='ocrx_word' id='word_1_532' title='bbox 2280 3910 2753 3982; x_wconf 88' lang='lat' dir='ltr'>commendavit,</span> <span class='ocrx_word' id='word_1_533' title='bbox 2801 3928 2940 3970; x_wconf 91' lang='lat' dir='ltr'>cum</span> <span class='ocrx_word' id='word_1_534' title='bbox 2992 3913 3261 3976; x_wconf 86' lang='lat' dir='ltr'>subdidit</span> <span class='ocrx_word' id='word_1_535' title='bbox 3307 3934 3324 3974; x_wconf 77' lang='grc' dir='ltr'><strong><em>ε</em></strong></span> <span class='ocrx_word' id='word_1_536' title='bbox 3379 3920 3593 3993; x_wconf 75' lang='lat' dir='ltr'>Iustiti-</span> 
     </span>
     <span class='ocr_line' id='line_1_76' title="bbox 2050 4005 3595 4085; baseline 0.008 -22"><span class='ocrx_word' id='word_1_537' title='bbox 2050 4010 2284 4064; x_wconf 77' lang='lat' dir='ltr'>cationes</span> <span class='ocrx_word' id='word_1_538' title='bbox 2333 4012 2478 4078; x_wconf 78' lang='lat' dir='ltr'>tuas,</span> <span class='ocrx_word' id='word_1_539' title='bbox 2523 4005 2589 4063; x_wconf 92' lang='lat' dir='ltr'>id</span> <span class='ocrx_word' id='word_1_540' title='bbox 2627 4009 2734 4078; x_wconf 89' lang='lat' dir='ltr'>est,</span> <span class='ocrx_word' id='word_1_541' title='bbox 2779 4007 2888 4065; x_wconf 89' lang='lat' dir='ltr'>tibi</span> <span class='ocrx_word' id='word_1_542' title='bbox 2943 4023 3256 4085; x_wconf 88' lang='lat' dir='ltr'>congruas.</span> <span class='ocrx_word' id='word_1_543' title='bbox 3302 4015 3432 4073; x_wconf 91' lang='lat' dir='ltr'>Non</span> <span class='ocrx_word' id='word_1_544' title='bbox 3483 4015 3595 4075; x_wconf 81' lang='lat' dir='ltr'>fuit</span> 
     </span>
     <span class='ocr_line' id='line_1_77' title="bbox 2048 4098 3593 4182; baseline 0.008 -25"><span class='ocrx_word' id='word_1_545' title='bbox 2048 4114 2250 4174; x_wconf 79' lang='lat' dir='ltr'>parvoe</span> <span class='ocrx_word' id='word_1_546' title='bbox 2297 4098 2755 4175; x_wconf 87' lang='lat' dir='ltr'>perspicacitatis</span> <span class='ocrx_word' id='word_1_547' title='bbox 2793 4101 3126 4177; x_wconf 87' lang='lat' dir='ltr'>perspicere</span> <span class='ocrx_word' id='word_1_548' title='bbox 3177 4109 3593 4182; x_wconf 88' lang='lat' dir='ltr'>congruentias</span> 
     </span>
     <span class='ocr_line' id='line_1_78' title="bbox 2049 4192 3588 4270; baseline 0.008 -20"><span class='ocrx_word' id='word_1_549' title='bbox 2049 4192 2201 4252; x_wconf 87' lang='lat' dir='ltr'>inter</span> <span class='ocrx_word' id='word_1_550' title='bbox 2254 4193 2735 4266; x_wconf 79' lang='lat' dir='ltr'>justificationem</span> <span class='ocrx_word' id='word_1_551' title='bbox 2749 4238 2770 4269; x_wconf 92' lang='lat'>,</span> <span class='ocrx_word' id='word_1_552' title='bbox 2832 4200 2893 4253; x_wconf 91' lang='lat' dir='ltr'>et</span> <span class='ocrx_word' id='word_1_553' title='bbox 2935 4197 3380 4270; x_wconf 85' lang='lat' dir='ltr'>justificationes</span> <span class='ocrx_word' id='word_1_554' title='bbox 3430 4219 3588 4263; x_wconf 89' lang='lat' dir='ltr'>suas.</span> 
     </span>
     <span class='ocr_line' id='line_1_79' title="bbox 2048 4285 3588 4372; baseline 0.008 -28"><span class='ocrx_word' id='word_1_555' title='bbox 2048 4285 2387 4345; x_wconf 86' lang='lat' dir='ltr'>Notandum</span> <span class='ocrx_word' id='word_1_556' title='bbox 2413 4288 2609 4363; x_wconf 87' lang='lat' dir='ltr'>itaque</span> <span class='ocrx_word' id='word_1_557' title='bbox 2636 4288 2805 4364; x_wconf 91' lang='lat' dir='ltr'>quod</span> <span class='ocrx_word' id='word_1_558' title='bbox 2830 4289 2954 4347; x_wconf 85' lang='lat' dir='ltr'>ait:</span> <span class='ocrx_word' id='word_1_559' title='bbox 2982 4293 3402 4365; x_wconf 76' lang='lat' dir='ltr'>Justificationes</span> <span class='ocrx_word' id='word_1_560' title='bbox 3429 4303 3588 4372; x_wconf 77' lang='lat' dir='ltr'>tuas,</span> 
     </span>
     <span class='ocr_line' id='line_1_80' title="bbox 2052 4380 3594 4465; baseline 0.009 -28"><span class='ocrx_word' id='word_1_561' title='bbox 2052 4380 2222 4455; x_wconf 86' lang='lat' dir='ltr'>quasi</span> <span class='ocrx_word' id='word_1_562' title='bbox 2247 4380 2424 4455; x_wconf 90' lang='lat' dir='ltr'>dicat,</span> <span class='ocrx_word' id='word_1_563' title='bbox 2451 4386 2564 4440; x_wconf 74' lang='lat' dir='ltr'>tuae</span> <span class='ocrx_word' id='word_1_564' title='bbox 2591 4383 2888 4458; x_wconf 75' lang='lat' dir='ltr'>potentiae,</span> <span class='ocrx_word' id='word_1_565' title='bbox 2915 4386 3239 4461; x_wconf 73' lang='lat' dir='ltr'>sapienties,</span> <span class='ocrx_word' id='word_1_566' title='bbox 3266 4406 3335 4450; x_wconf 92' lang='lat' dir='ltr'>ac</span> <span class='ocrx_word' id='word_1_567' title='bbox 3357 4390 3594 4465; x_wconf 68' lang='lat' dir='ltr'>justitiae</span> 
     </span>
     <span class='ocr_line' id='line_1_81' title="bbox 2052 4477 3594 4560; baseline 0.008 -27"><span class='ocrx_word' id='word_1_568' title='bbox 2052 4489 2379 4550; x_wconf 88' lang='lat' dir='ltr'>congruas,</span> <span class='ocrx_word' id='word_1_569' title='bbox 2418 4480 2706 4552; x_wconf 89' lang='lat' dir='ltr'>tanquam</span> <span class='ocrx_word' id='word_1_570' title='bbox 2730 4477 2857 4537; x_wconf 89' lang='lat' dir='ltr'>vias</span> <span class='ocrx_word' id='word_1_571' title='bbox 2889 4480 3088 4554; x_wconf 86' lang='lat' dir='ltr'>tritas,</span> <span class='ocrx_word' id='word_1_572' title='bbox 3118 4485 3406 4558; x_wconf 83' lang='lat' dir='ltr'>tanquam</span> <span class='ocrx_word' id='word_1_573' title='bbox 3429 4485 3594 4560; x_wconf 89' lang='lat' dir='ltr'>leges</span> 
     </span>
     <span class='ocr_line' id='line_1_82' title="bbox 2049 4570 3592 4655; baseline 0.008 -26"><span class='ocrx_word' id='word_1_574' title='bbox 2049 4570 2292 4645; x_wconf 87' lang='lat' dir='ltr'>positas,</span> <span class='ocrx_word' id='word_1_575' title='bbox 2314 4576 2596 4645; x_wconf 86' lang='lat' dir='ltr'>tanquam</span> <span class='ocrx_word' id='word_1_576' title='bbox 2623 4573 2936 4632; x_wconf 90' lang='lat' dir='ltr'>sententias</span> <span class='ocrx_word' id='word_1_577' title='bbox 2963 4575 3262 4636; x_wconf 84' lang='lat' dir='ltr'>diffinitas.</span> <span class='ocrx_word' id='word_1_578' title='bbox 3291 4582 3369 4637; x_wconf 92' lang='lat' dir='ltr'>De</span> <span class='ocrx_word' id='word_1_579' title='bbox 3395 4581 3592 4655; x_wconf 91' lang='lat' dir='ltr'>primo</span> 
     </span>
     <span class='ocr_line' id='line_1_83' title="bbox 2051 4665 3594 4743; baseline 0.008 -20"><span class='ocrx_word' id='word_1_580' title='bbox 2051 4665 2343 4740; x_wconf 88' lang='lat' dir='ltr'>Propheta</span> <span class='ocrx_word' id='word_1_581' title='bbox 2369 4665 2568 4739; x_wconf 87' lang='lat' dir='ltr'>psallit</span> <span class='ocrx_word' id='word_1_582' title='bbox 2593 4667 2638 4703; x_wconf 81' lang='lat'>¹⁰</span> <span class='ocrx_word' id='word_1_583' title='bbox 2669 4686 2684 4725; x_wconf 90' lang='lat'><strong>:</strong></span> <span class='ocrx_word' id='word_1_584' title='bbox 2713 4686 2743 4722; x_wconf 73' lang='grc' dir='ltr'>ι</span> <span class='ocrx_word' id='word_1_585' title='bbox 2767 4667 2936 4726; x_wconf 82' lang='lat' dir='ltr'>Viam</span> <span class='ocrx_word' id='word_1_586' title='bbox 2948 4669 3438 4743; x_wconf 84' lang='lat' dir='ltr'>justificationum</span> <span class='ocrx_word' id='word_1_587' title='bbox 3463 4678 3594 4734; x_wconf 87' lang='lat' dir='ltr'>tua·</span> 
     </span>
     <span class='ocr_line' id='line_1_84' title="bbox 2050 4759 3595 4841; baseline 0.008 -25"><span class='ocrx_word' id='word_1_588' title='bbox 2050 4774 2186 4818; x_wconf 92' lang='lat' dir='ltr'>rum</span> <span class='ocrx_word' id='word_1_589' title='bbox 2230 4759 2452 4818; x_wconf 87' lang='lat' dir='ltr'>instrue</span> <span class='ocrx_word' id='word_1_590' title='bbox 2499 4774 2597 4819; x_wconf 91' lang='lat' dir='ltr'>me</span> <span class='ocrx_word' id='word_1_591' title='bbox 2627 4777 2642 4818; x_wconf 73' lang='grc' dir='ltr'><strong><em>ε</em></strong></span> <span class='ocrx_word' id='word_1_592' title='bbox 2690 4780 2723 4818; x_wconf 68' lang='grc' dir='ltr'><strong>ι</strong></span> <span class='ocrx_word' id='word_1_593' title='bbox 2773 4776 2896 4821; x_wconf 87' lang='lat' dir='ltr'>vox</span> <span class='ocrx_word' id='word_1_594' title='bbox 2945 4768 3032 4822; x_wconf 91' lang='lat' dir='ltr'>est</span> <span class='ocrx_word' id='word_1_595' title='bbox 3076 4768 3389 4841; x_wconf 77' lang='lat' dir='ltr'>quaerentie</span> <span class='ocrx_word' id='word_1_596' title='bbox 3437 4769 3595 4829; x_wconf 81' lang='lat' dir='ltr'>viam</span> 
     </span>
     <span class='ocr_line' id='line_1_85' title="bbox 2051 4852 3592 4927; baseline 0.008 -17"><span class='ocrx_word' id='word_1_597' title='bbox 2051 4852 2278 4927; x_wconf 86' lang='lat' dir='ltr'>regiam</span> <span class='ocrx_word' id='word_1_598' title='bbox 2297 4893 2319 4926; x_wconf 93' lang='lat'>,</span> <span class='ocrx_word' id='word_1_599' title='bbox 2346 4852 2510 4912; x_wconf 88' lang='lat' dir='ltr'>viam</span> <span class='ocrx_word' id='word_1_600' title='bbox 2528 4855 2746 4913; x_wconf 90' lang='lat' dir='ltr'>tritam.</span> <span class='ocrx_word' id='word_1_601' title='bbox 2772 4857 2852 4914; x_wconf 90' lang='lat' dir='ltr'>De</span> <span class='ocrx_word' id='word_1_602' title='bbox 2877 4858 3140 4918; x_wconf 86' lang='lat' dir='ltr'>secundo</span> <span class='ocrx_word' id='word_1_603' title='bbox 3168 4864 3367 4920; x_wconf 90' lang='lat' dir='ltr'>autem</span> <span class='ocrx_word' id='word_1_604' title='bbox 3394 4863 3476 4922; x_wconf 89' lang='lat' dir='ltr'>ait</span> <span class='ocrx_word' id='word_1_605' title='bbox 3502 4864 3546 4901; x_wconf 88' lang='lat'>¹¹</span> <span class='ocrx_word' id='word_1_606' title='bbox 3576 4882 3592 4923; x_wconf 73' lang='grc' dir='ltr'><strong><em>ε</em></strong></span> 
     </span>
     <span class='ocr_line' id='line_1_86' title="bbox 2061 4948 3598 5028; baseline 0.008 -24"><span class='ocrx_word' id='word_1_607' title='bbox 2061 4968 2089 5001; x_wconf 77' lang='grc' dir='ltr'><strong>α</strong></span> <span class='ocrx_word' id='word_1_608' title='bbox 2116 4950 2327 5021; x_wconf 89' lang='lat' dir='ltr'>Legem</span> <span class='ocrx_word' id='word_1_609' title='bbox 2353 4964 2512 5023; x_wconf 89' lang='lat' dir='ltr'>pone</span> <span class='ocrx_word' id='word_1_610' title='bbox 2537 4948 2716 5022; x_wconf 59' lang='lat' dir='ltr'>mihil,</span> <span class='ocrx_word' id='word_1_611' title='bbox 2744 4950 3011 5026; x_wconf 91' lang='lat' dir='ltr'>Domine,</span> <span class='ocrx_word' id='word_1_612' title='bbox 3038 4952 3201 5012; x_wconf 91' lang='lat' dir='ltr'>viam</span> <span class='ocrx_word' id='word_1_613' title='bbox 3230 4955 3598 5028; x_wconf 73' lang='lat' dir='ltr'>iustificatio-</span> 
     </span>
     <span class='ocr_line' id='line_1_87' title="bbox 2052 5043 3599 5127; baseline 0.008 -27"><span class='ocrx_word' id='word_1_614' title='bbox 2052 5059 2201 5101; x_wconf 92' lang='lat' dir='ltr'>num</span> <span class='ocrx_word' id='word_1_615' title='bbox 2226 5047 2460 5101; x_wconf 90' lang='lat' dir='ltr'>tuarum</span> <span class='ocrx_word' id='word_1_616' title='bbox 2483 5060 2505 5100; x_wconf 66' lang='lat' dir='ltr'>r</span> <span class='ocrx_word' id='word_1_617' title='bbox 2541 5064 2569 5099; x_wconf 72' lang='grc' dir='ltr'>ι»</span> <span class='ocrx_word' id='word_1_618' title='bbox 2604 5043 2893 5118; x_wconf 87' lang='lat' dir='ltr'>sapienter</span> <span class='ocrx_word' id='word_1_619' title='bbox 2931 5046 3127 5121; x_wconf 88' lang='lat' dir='ltr'>legem</span> <span class='ocrx_word' id='word_1_620' title='bbox 3166 5050 3315 5124; x_wconf 90' lang='lat' dir='ltr'>petit</span> <span class='ocrx_word' id='word_1_621' title='bbox 3346 5052 3599 5127; x_wconf 81' lang='lat' dir='ltr'>Legiela-</span> 
     </span>
     <span class='ocr_line' id='line_1_88' title="bbox 2053 5135 3600 5221; baseline 0.003 -29"><span class='ocrx_word' id='word_1_622' title='bbox 2053 5136 2198 5196; x_wconf 90' lang='lat' dir='ltr'>toris</span> <span class='ocrx_word' id='word_1_623' title='bbox 2241 5135 2427 5210; x_wconf 85' lang='lat' dir='ltr'>illius,</span> <span class='ocrx_word' id='word_1_624' title='bbox 2466 5138 2561 5196; x_wconf 90' lang='lat' dir='ltr'>cui</span> <span class='ocrx_word' id='word_1_625' title='bbox 2592 5156 2623 5192; x_wconf 74' lang='grc' dir='ltr'><strong>α</strong></span> <span class='ocrx_word' id='word_1_626' title='bbox 2662 5137 2864 5198; x_wconf 93' lang='lat' dir='ltr'>nullus</span> <span class='ocrx_word' id='word_1_627' title='bbox 2899 5140 3107 5202; x_wconf 91' lang='lat' dir='ltr'>similis</span> <span class='ocrx_word' id='word_1_628' title='bbox 3140 5142 3206 5204; x_wconf 89' lang='lat' dir='ltr'>in</span> <span class='ocrx_word' id='word_1_629' title='bbox 3251 5144 3600 5221; x_wconf 87' lang='lat' dir='ltr'>legislatori-</span> 
     </span>
     <span class='ocr_line' id='line_1_89' title="bbox 2058 5287 3602 5364; baseline 0.01 -28"><span class='ocrx_word' id='word_1_630' title='bbox 2058 5288 2135 5337; x_wconf 79' lang='lat'>17.</span> <span class='ocrx_word' id='word_1_631' title='bbox 2166 5313 2227 5323; x_wconf 93' lang='lat'><strong>—</strong></span> <span class='ocrx_word' id='word_1_632' title='bbox 2257 5287 2281 5322; x_wconf 59' lang='grc' dir='ltr'><strong>ὅ</strong></span> <span class='ocrx_word' id='word_1_633' title='bbox 2304 5287 2445 5352; x_wconf 68' lang='lat' dir='ltr'>Sap„</span> <span class='ocrx_word' id='word_1_634' title='bbox 2475 5299 2593 5352; x_wconf 77' lang='lat' dir='ltr'>xvt,</span> <span class='ocrx_word' id='word_1_635' title='bbox 2624 5292 2701 5341; x_wconf 82' lang='lat' dir='ltr'>to.</span> <span class='ocrx_word' id='word_1_636' title='bbox 2732 5316 2797 5328; x_wconf 94' lang='lat'>-—</span> <span class='ocrx_word' id='word_1_637' title='bbox 2827 5292 2850 5327; x_wconf 80' lang='lat'>⁸</span> <span class='ocrx_word' id='word_1_638' title='bbox 2875 5291 3019 5358; x_wconf 67' lang='lat' dir='ltr'>Sap„</span> <span class='ocrx_word' id='word_1_639' title='bbox 3049 5306 3132 5360; x_wconf 78' lang='lat'>11,</span> <span class='ocrx_word' id='word_1_640' title='bbox 3163 5299 3241 5348; x_wconf 80' lang='lat' dir='ltr'>to.</span> <span class='ocrx_word' id='word_1_641' title='bbox 3271 5323 3333 5362; x_wconf 86' lang='lat'>-.·</span> <span class='ocrx_word' id='word_1_642' title='bbox 3373 5300 3392 5330; x_wconf 86' lang='lat'><em>⁰</em></span> <span class='ocrx_word' id='word_1_643' title='bbox 3418 5300 3602 5364; x_wconf 65' lang='lat' dir='ltr'>Eccli„</span> 
     </span>
    </p>
   </div>
   <div class='ocr_carea' id='block_1_14' title="bbox 2054 5358 3599 5507">
    <p class='ocr_par' dir='ltr' id='par_1_16' title="bbox 2054 5358 3599 5507">
     <span class='ocr_line' id='line_1_90' title="bbox 2054 5358 3599 5435; baseline 0.01 -27"><span class='ocrx_word' id='word_1_644' title='bbox 2054 5370 2213 5423; x_wconf 84' lang='lat' dir='ltr'>xvm,</span> <span class='ocrx_word' id='word_1_645' title='bbox 2249 5361 2334 5422; x_wconf 70' lang='lat'>12,</span> <span class='ocrx_word' id='word_1_646' title='bbox 2368 5360 2444 5410; x_wconf 73' lang='lat'>¹3.</span> <span class='ocrx_word' id='word_1_647' title='bbox 2474 5367 2533 5397; x_wconf 77' lang='lat'>-&#39;-</span> <span class='ocrx_word' id='word_1_648' title='bbox 2567 5361 2590 5396; x_wconf 82' lang='lat'>‘¹</span> <span class='ocrx_word' id='word_1_649' title='bbox 2624 5358 2832 5427; x_wconf 62' lang='lat' dir='ltr'>Habea,</span> <span class='ocrx_word' id='word_1_650' title='bbox 2862 5375 2952 5428; x_wconf 89' lang='lat'>111,</span> <span class='ocrx_word' id='word_1_651' title='bbox 2983 5367 3119 5415; x_wconf 82' lang='grc'>3.-</span> <span class='ocrx_word' id='word_1_652' title='bbox 3155 5369 3174 5398; x_wconf 83' lang='lat'>⁸</span> <span class='ocrx_word' id='word_1_653' title='bbox 3199 5368 3321 5435; x_wconf 66' lang='lat' dir='ltr'>lea„</span> <span class='ocrx_word' id='word_1_654' title='bbox 3348 5383 3428 5435; x_wconf 75' lang='lat' dir='ltr'>vn,</span> <span class='ocrx_word' id='word_1_655' title='bbox 3460 5374 3508 5423; x_wconf 89' lang='grc'>3.</span> <span class='ocrx_word' id='word_1_656' title='bbox 3544 5402 3599 5412; x_wconf 89' lang='grc'>-</span> 
     </span>
     <span class='ocr_line' id='line_1_91' title="bbox 2057 5432 3537 5507; baseline 0.011 -26"><span class='ocrx_word' id='word_1_657' title='bbox 2057 5433 2075 5461; x_wconf 78' lang='lat'><strong>⁹</strong></span> <span class='ocrx_word' id='word_1_658' title='bbox 2105 5432 2307 5495; x_wconf 68' lang='lat' dir='ltr'>Ezech„</span> <span class='ocrx_word' id='word_1_659' title='bbox 2336 5443 2428 5495; x_wconf 84' lang='lat' dir='ltr'>vu,</span> <span class='ocrx_word' id='word_1_660' title='bbox 2457 5435 2537 5484; x_wconf 77' lang='lat'>23.</span> <span class='ocrx_word' id='word_1_661' title='bbox 2570 5458 2633 5471; x_wconf 89' lang='lat'>—</span> <span class='ocrx_word' id='word_1_662' title='bbox 2660 5434 2696 5464; x_wconf 75' lang='lat'>¹⁹</span> <span class='ocrx_word' id='word_1_663' title='bbox 2723 5434 2858 5485; x_wconf 71' lang='lat' dir='ltr'>Psal·</span> <span class='ocrx_word' id='word_1_664' title='bbox 2887 5436 3009 5500; x_wconf 84' lang='lat' dir='ltr'>hoc,</span> <span class='ocrx_word' id='word_1_665' title='bbox 3037 5440 3116 5491; x_wconf 76' lang='lat'>2²1.</span> <span class='ocrx_word' id='word_1_666' title='bbox 3142 5467 3194 5477; x_wconf 91' lang='lat'>-</span> <span class='ocrx_word' id='word_1_667' title='bbox 3230 5443 3435 5507; x_wconf 82' lang='lat' dir='ltr'>¹¹1bid.‚</span> <span class='ocrx_word' id='word_1_668' title='bbox 3458 5448 3537 5497; x_wconf 79' lang='lat'>33.</span> 
     </span>
    </p>
   </div>
   <div class='ocr_carea' id='block_1_15' title="bbox 3286 5536 3367 5598">
    <p class='ocr_par' dir='ltr' id='par_1_17' title="bbox 3286 5536 3367 5598">
     <span class='ocr_line' id='line_1_92' title="bbox 3286 5536 3367 5598; baseline 0 0"><span class='ocrx_word' id='word_1_669' title='bbox 3286 5536 3367 5598; x_wconf 75' lang='lat'>26</span> 
     </span>
    </p>
   </div>
  </div>
 </body>
</html>
