4196 6294
795 477 915 539 454

791 606 1007 683 legitur
1042 606 1119 664 de
1158 604 1298 664 filiis
1332 603 1510 666 lsrael
1533 606 1551 640 ¹
1579 621 1596 661 :
1634 622 1663 658 α
1688 604 2026 662 Stamerunt
2052 599 2340 659 dimicare

791 707 848 763 et
874 699 1192 774 confligere
1230 699 1456 774 fortiter
1488 717 1503 756 :
1532 717 1560 752 ιο
1587 697 1694 756 illa
1722 695 2022 755 dimicatio
2051 708 2339 768 corpora-

789 797 863 855 lis
883 796 1080 869 figura
1104 793 1214 852 fuit
1240 791 1635 852 dimicationis
1660 789 1941 861 moralis,
1978 804 2114 864 quae
2164 786 2341 845 dimi-

792 894 958 949 catur
982 905 1093 964 per
1134 886 1484 962 sapientiam
1529 887 1736 943 contra
1780 886 2139 943 tentatorum
2184 881 2341 940 mili-

791 984 963 1054 tiam,
994 998 1101 1040 seu
1127 981 1519 1040 tentationum
1543 979 1852 1037 malitiam.
1886 980 1964 1035 De
1990 977 2164 1035 tertio
2187 1019 2206 1047 ,
2234 976 2341 1034 ubi

791 1080 1105 1156 Apostolus
1151 1077 1352 1135 scribit
1388 1077 1514 1135 Tito
1534 1077 1557 1111 ¹
1589 1094 1604 1133 :
1657 1095 1685 1128 ι
1723 1074 1953 1134 Festina
1996 1072 2076 1130 ad
2118 1088 2213 1129 me
2243 1087 2341 1129 ve-

790 1175 917 1232 nire
960 1168 1272 1247 Nicopolin
1323 1190 1338 1229 :
1387 1171 1472 1228 ibi
1514 1169 1676 1228 enim
1719 1168 1894 1227 statui
1948 1167 2251 1241 hyemare.
2305 1185 2333 1219 >1

790 1270 1012 1338 Quare,
1043 1281 1242 1341 quzeso
1263 1308 1282 1335 ,
1312 1265 1597 1340 hyemare
1625 1262 1855 1335 statuit,
1883 1261 1996 1319 nisi
2042 1259 2187 1334 quia
2227 1263 2338 1318 sta-

789 1364 899 1422 tuit
939 1379 1045 1438 per
1086 1363 1395 1437 hyemem,
1438 1359 1625 1417 fldem
1667 1354 2083 1432 proedicando,
2115 1357 2171 1412 et
2214 1353 2340 1429 ple-

791 1458 933 1517 bem
958 1454 1343 1527 oedificando,
1377 1451 1773 1512 fructificare?

1297 1590 1584 1648 Articulus
1613 1590 1828 1645 tertius,

856 1719 1110 1779 Tertium
1136 1721 1333 1778 actum
1357 1715 1771 1792 pronuntians,
1808 1714 2073 1789 scripsit:
2111 1715 2338 1772 Judicia

777 1818 1017 1888 justitia:
1054 1817 1199 1871 tuae:
1246 1811 1372 1869 haec
1417 1812 1555 1868 sunt
1598 1808 1826 1883 judicia
1874 1808 2164 1883 aequitatis
2203 1823 2340 1865 exe·

786 1908 1061 1985 quendae.
1090 1910 1157 1965 Et
1180 1911 1344 1975 nota,
1361 1907 1531 1981 quod
1555 1903 1801 1980 aequitas
1821 1903 1946 1960 sive
1959 1901 2183 1976 iustitia
2207 1917 2339 1959 exe-

785 2001 1029 2078 quenda
1059 1999 1424 2073 dignoscitur
1456 1999 1754 2074 praecipue
1789 2000 2032 2071 propter
2073 1995 2215 2066 tria3
2247 1994 2337 2051 vi-

788 2096 999 2155 delicet
1036 2097 1279 2169 propter
1322 2093 1554 2151 bonum
1592 2089 1844 2166 morale,
1885 2088 2236 2163 temporale,
2266 2104 2337 2146 ac

784 2190 1080 2263 aeternale3
1106 2189 1223 2248 hoc
1242 2190 1347 2262 est,
1372 2188 1605 2247 bonum
1627 2185 1878 2256 virtutis,
1897 2184 2081 2259 pacis,
2109 2182 2333 2241 salutis,

786 2287 863 2342 De
890 2285 1085 2358 primo
1109 2286 1176 2340 ⁸:
1218 2302 1248 2338 α
1281 2282 1508 2355 Diligite
1556 2279 1872 2355 justitiam,
1910 2277 2015 2351 qui
2058 2275 2337 2349 judicatis

783 2381 1001 2437 terram
1027 2395 1043 2435 :
1088 2397 1118 2433 n
1160 2392 1294 2435 ecce
1348 2376 1578 2435 bonum
1605 2372 1850 2432 virtutis.
1877 2374 1957 2429 De
1982 2370 2246 2429 secundo
2275 2368 2331 2426 ⁴:

790 2494 819 2528 ιι
846 2473 963 2532 Erit
998 2487 1151 2546 opus
1190 2470 1426 2543 iustitiae
1460 2485 1618 2544 pax:
1652 2488 1681 2520 »ι
1714 2482 1850 2525 ecce
1885 2466 2117 2524 bonum
2147 2464 2331 2539 pacis.

787 2569 865 2624 De
908 2566 1077 2624 tertio
1104 2567 1171 2622 ⁸:
1212 2584 1243 2620 ι
1278 2563 1468 2622 Facite
1500 2561 1816 2637 justitiam,
1859 2560 2003 2636 quia
2041 2559 2213 2632 Juxta
2253 2563 2338 2616 est

784 2661 945 2720 salus
969 2674 1141 2719 mea:
1172 2680 1203 2716 x·
1235 2674 1371 2718 ecce
1398 2657 1631 2715 bonum
1659 2655 1882 2714 salutis.
2185 2639 2188 2642 ¹

1275 2816 1555 2873 Articulus
1592 2818 1840 2888 quartus.

854 2947 1138 3017 Quartum
1164 2946 1362 3001 actum
1402 2940 1776 3011 denuntians,
1800 2938 1982 2997 dixit:
2022 2939 2332 3010 custodire,

784 3041 890 3101 Cui
935 3036 1274 3097 custodire?
1321 3036 1499 3094 Plane
1543 3033 1836 3109 iniquitati
1872 3032 2331 3107 persequendas:

784 3134 928 3210 quia
965 3147 1177 3192 revera
1223 3146 1332 3206 per
1370 3128 1662 3205 oequitalis
1692 3127 1921 3202 judicia
1946 3125 2331 3201 exequenda,

785 3231 922 3288 sunt
938 3225 1262 3301 iniquitatis
1274 3223 1618 3299 praejudicia
1631 3221 2062 3297 persequenda.
2086 3224 2151 3280 Et
2168 3224 2334 3293 nota,

756 3316 761 3321 ’
787 3322 953 3398 quod
972 3322 1099 3380 haec
1126 3317 1395 3379 custodia
1428 3320 1516 3376 est
1550 3316 1879 3376 necessaria
1911 3319 2156 3390 propter
2182 3314 2331 3372 tria:

785 3419 1029 3493 propter
1060 3414 1389 3483 custodiam
1418 3412 1605 3486 regis,
1636 3410 1969 3469 custodiam
1993 3409 2174 3482 legis,
2205 3425 2335 3467 cus-

787 3513 1017 3571 todiam
1053 3509 1267 3585 gregiS.
1310 3508 1509 3566 Prima
1543 3504 1811 3564 custodia
1845 3504 2169 3577 iniquitatis
2196 3519 2335 3578 per·

787 3608 1121 3664 secutorem
1173 3601 1410 3661 ordinat
1463 3599 1542 3658 ad
1596 3598 1885 3673 seipsum3
1937 3596 2200 3655 secunda
2254 3597 2335 3654 ad

792 3703 1013 3769 Deum:
1044 3697 1215 3756 tertia
1240 3695 1320 3754 ad
1346 3694 1709 3770 proximum.
1732 3695 1809 3751 De
1832 3691 2089 3765 prima⁶:
2130 3690 2334 3748 «Mise-

787 3792 1045 3852 ricordia
1077 3794 1136 3850 et
1168 3789 1380 3849 veritas
1414 3786 1754 3847 custodiunt
1791 3801 2027 3858 regem,
2055 3804 2084 3838 n
2117 3784 2336 3844 scilicet

787 3884 1193 3946 misericordia
1217 3887 1486 3959 respectu
1510 3882 1789 3955 injuriam
1815 3879 2119 3954 patientis,
2151 3881 2208 3936 et
2236 3896 2334 3935 ve-

787 3982 927 4040 ritas
957 3982 1230 4054 respectu
1259 3975 1540 4051 iniuriam
1572 3974 1870 4033 facientis:
1905 3986 2041 4031 ecce
2066 3972 2335 4031 custodia

787 4073 961 4147 regis.
1007 4075 1084 4130 De
1134 4070 1431 4142 secunda,
1470 4068 1578 4128 ubi
1622 4067 1766 4125 dicit
1810 4066 1996 4125 David
2032 4065 2335 4125 Salomoni

788 4168 915 4227 filio
951 4181 1060 4225 suo
1086 4168 1147 4222 ⁷:
1182 4182 1214 4220 α
1243 4168 1346 4223 Det
1391 4163 1499 4222 tibi
1539 4161 1825 4221 Dominus
1863 4159 2243 4235 prudentiam
2278 4165 2338 4219 et

787 4278 1046 4333 sensum,
1072 4265 1138 4319 ut
1165 4274 1368 4333 regere
1394 4257 1586 4333 possis
1612 4256 1808 4326 lsrael,
1841 4258 1898 4314 et
1925 4255 2220 4313 custodire
2246 4254 2334 4312 le-

788 4373 925 4433 gem
948 4354 1180 4414 Domini
1207 4353 1309 4412 Dei
1336 4353 1456 4411 tui:
1490 4355 1630 4410 tunc
1661 4350 1820 4408 enim
1847 4348 2137 4424 proficere
2165 4352 2334 4422 pote·

786 4452 871 4511 ris
879 4493 901 4524 ,
942 4450 993 4508 si
1028 4447 1371 4507 custodieris
1407 4444 1691 4503 mandata
1733 4446 1790 4500 et
1828 4441 2083 4516 judicia,
2120 4463 2150 4497 »
2179 4445 2290 4500 etc.
2317 4460 2331 4498 :

791 4561 925 4605 ecce
942 4544 1093 4618 legis
1112 4540 1382 4601 custodia
1406 4538 1728 4612 legislatori
1753 4536 2149 4606 obsecutoria,
2168 4552 2334 4594 man·

788 4640 1067 4699 datorum
1100 4634 1532 4712 prosecutoria,
1570 4630 1935 4705 iudiciorum
1976 4629 2331 4702 executoris,

785 4725 1273 4805 praejudiciorum
1305 4720 1724 4798 persecutoria.
1752 4722 1831 4777 De
1872 4718 2041 4776 tertia
2067 4721 2089 4755 ⁸
2119 4736 2133 4775 ε
2169 4738 2196 4773 «
2223 4720 2333 4790 Qui

787 4820 1060 4897 dispersit
1097 4818 1303 4891 lsrael,
1332 4814 1720 4889 congregabit
1754 4828 1925 4882 eum,
1962 4814 2020 4869 et
2046 4813 2335 4871 custodiet

785 4935 944 4991 eum,
974 4917 1125 4974 sicut
1148 4916 1351 4989 pastor
1381 4926 1625 4985 gregem
1656 4924 1870 4980 suum:
1899 4906 2150 4965 redemit
2173 4908 2333 4966 enim

786 5011 1068 5072 Dominus
1107 5007 1323 5079 Jacob,
1357 5009 1415 5063 et
1449 5003 1725 5062 liberavit
1751 5017 1891 5060 eum
1917 5000 1995 5058 de
2018 5017 2202 5059 manu
2229 5019 2333 5074 po-

785 5104 1078 5166 tentioris:
1110 5123 1141 5161 »
1160 5117 1300 5162 ecce
1326 5097 1597 5158 custodia
1621 5096 1840 5171 gregiS,
1866 5094 2179 5155 liberativa
2205 5095 2330 5155 vio-

852 5280 866 5309 ¹
894 5278 938 5329 ll
962 5276 1147 5339 Maeli„
1173 5286 1263 5338 xv,
1292 5275 1368 5325 17.
1398 5298 1459 5311 -
1486 5271 1504 5302 ²
1535 5270 1651 5333 Tit„
1682 5280 1767 5332 111,
1797 5272 1875 5319 12.
1907 5293 1960 5304 -
1991 5266 2014 5301 ⁸
2038 5267 2181 5331 Sap„
2215 5279 2251 5331 1,
2284 5272 2328 5317 1.

785 5376 847 5391 -
874 5351 891 5381 ⁴
922 5351 1043 5411 Im„
1078 5358 1250 5406 xxxn,
1280 5346 1353 5396 17.
1390 5339 1505 5403 -,·
1532 5343 1650 5404 Ira„
1691 5351 1796 5402 rm,
1827 5342 1874 5388 1.
1903 5363 1963 5376 -
1991 5338 2011 5368 ⁸
2037 5339 2207 5399 Pron„
2240 5352 2328 5402 xx,

783 5427 864 5476 28.
889 5448 950 5459 —
980 5423 996 5451 ⁷
1020 5423 1035 5471 Ι
1062 5418 1311 5480 Ραναὶίρ.,
1339 5427 1469 5477 xxii,
1504 5417 1578 5476 12,
1612 5414 1684 5463 13.
1710 5437 1773 5448 -
1799 5410 1821 5445 ⁸
1840 5412 2043 5471 der-m„
2072 5422 2217 5473 xxxi,
2248 5415 2324 5472 10,

1834 463 2253 533 Exposl'rto
2296 462 2377 528 IN
2423 459 2950 528 PSALTERIUM.

2446 597 2694 657 lentiam
2722 596 3072 671 sufferentis,
3094 601 3151 658 et
3169 601 3531 674 persecutiva
3547 603 3879 663 violentiam
3892 604 3964 663 in·

2447 693 2708 753 ferentis.

3093 766 3356 834 Epilogus.

2522 885 2586 940 Et
2610 881 2724 940 hoc
2753 886 2868 955 est,
2897 882 3065 956 quod
3086 882 3167 941 ait
3201 884 3527 959 Propheta:
3568 890 3780 958 saravi,
3807 904 3966 963 quan-

2447 977 2574 1032 tum
2616 975 2696 1034 ad
2721 976 3119 1049 severitatem,
3155 979 3325 1052 qu'us
3361 995 3494 1037 sum
3540 980 3871 1054 obsecutor3
3904 985 3963 1040 Bt

2444 1071 2657 1135 statui,
2689 1074 2979 1144 quantum
3022 1070 3102 1128 ad
3137 1072 3444 1145 pietatem,
3488 1075 3658 1146 cujus
3694 1092 3820 1133 sum
3851 1092 3964 1150 pro-

2447 1165 2709 1232 secutor,-
2739 1164 2961 1221 ‚iudicia
2991 1169 3096 1223 tuoe
3112 1166 3372 1239 justitiae,
3397 1173 3689 1242 quantum
3710 1170 3786 1226 ad
3808 1170 3965 1245 aequi-

2448 1262 2656 1329 tatem,
2697 1257 2866 1330 cujus
2917 1275 3052 1317 sum
3102 1265 3383 1320 executor
3401 1281 3419 1335 ;
3477 1247 3789 1336 dustodire,
3832 1265 3966 1322 scili-

2446 1356 2536 1411 cet
2565 1352 2889 1426 injustitiae,
2933 1357 3224 1427 quantum
3264 1354 3344 1414 ad
3384 1355 3785 1431 iniquitatem,
3820 1358 3965 1431 cujus

2445 1462 2578 1503 sum
2602 1450 2959 1520 persecutor.

2993 1673 3326 1718 VBRSOEULUS
3363 1675 3443 1718 11.

2522 1827 2640 1883 107.
2671 1829 3012 1885 Humiliatus
3029 1844 3145 1885 εωπ
3171 1844 3571 1903 usquequaque,
3611 1834 3850 1900 Domine,
3872 1832 3965 1888 etc.

2446 1923 2759 1993 Postquam
2803 1921 3035 1995 paravit
3090 1921 3340 1980 charitas
3387 1923 3546 1981 viam
3594 1924 3755 1982 bona
3794 1938 3968 1998 prose·

2445 2013 2795 2086 quentibuS,
2826 2019 2883 2072 et
2923 2015 3076 2073 mala
3114 2017 3609 2091 persequentibus
3645 2032 3965 2090 congruam,

2443 2105 2538 2163 hic
2590 2107 2788 2180 dirigit
2830 2108 2990 2167 viam
3035 2109 3197 2167 mala
3239 2110 3673 2183 perferentibus
3711 2113 3968 2185 opportu-

2442 2216 2604 2258 nam.
2636 2204 2741 2259 Per
2769 2202 2924 2260 hano
2966 2203 3125 2262 viam
3151 2204 3318 2263 toties
3353 2220 3392 2262 a
3414 2205 3669 2263 Domino
3698 2204 3965 2273 ducimur,

2444 2294 2677 2368 quoties
2704 2296 2782 2354 ab
2819 2312 2891 2354 eo
2922 2298 3293 2371 percutimur
3317 2301 3375 2356 et
3401 2314 3704 2356 sanamur.
3734 2300 3966 2367 Quorum

2443 2393 2761 2464 utrumque
2800 2390 3071 2464 promisit
3104 2393 3127 2427 ⁹
3161 2409 3175 2449 :
3212 2411 3241 2446 α
3279 2393 3637 2464 Percutiam,
3669 2390 3881 2467 inquit,
3921 2392 3969 2445 et

2444 2498 2557 2555 ego
2588 2484 2837 2542 sanabo.
2867 2504 2897 2540 u
2921 2488 3102 2544 Porro
3136 2486 3419 2544 Dominus
3444 2487 3719 2561 percutit,
3750 2483 3966 2561 quando

2442 2581 2701 2635 mentem
2757 2581 3082 2637 tumentem
3131 2580 3213 2637 sic
3271 2580 3645 2653 ¹flagellando
3701 2578 3965 2650 concutit,

2444 2672 2611 2746 quod
2656 2676 2952 2730 tumorem
2989 2675 3224 2745 excutit,
3267 2667 3546 2732 timorem
3600 2675 3801 2733 incutit
3811 2693 3829 2746 ;
3879 2671 3966 2730 sed

2441 2770 2582 2823 tunc
2609 2769 2807 2838 sanat,
2841 2783 2977 2824 cum
3019 2767 3233 2824 mentis
3271 2766 3609 2841 languentis
3648 2771 3966 2843 languorem

2441 2860 2753 2931 terminat,
2799 2865 2857 2918 et
2898 2860 3169 2933 vigorem
3202 2862 3473 2920 redonat.
3503 2865 3672 2922 Unde
3706 2862 3968 2938 Propheta

2440 2953 2700 3027 psallens
2738 2956 3026 3028 tanquam
3064 2970 3320 3028 persona
3360 2972 3421 3013 se
3451 2957 3734 3016 divinitus
3758 2970 3967 3033 percus-

2442 3061 2571 3103 sam
2626 3046 2910 3119 sentiens,
2965 3049 3161 3107 sanari
3207 3050 3485 3123 cupienS,
3538 3050 3966 3126 promissionem

2441 3138 2840 3214 percussionis
2869 3158 3220 3216 agnoscenS,
3244 3143 3708 3218 promissionem
3740 3143 3966 3203 sanatio·

2440 3235 2532 3292 nis
2578 3251 2902 3310 exposcens
2911 3279 2931 3308 ,
2962 3237 3347 3296 intentionem
3374 3256 3549 3298 suam
3582 3240 3874 3315 exprimit,
3898 3238 3966 3295 ita

2441 3328 2647 3387 dicens
2678 3348 2693 3386 :
2744 3333 3084 3389 Humiliatus
3122 3348 3238 3389 sum
3254 3374 3274 3403 ,
3316 3336 3423 3391 etc.
3439 3352 3457 3406 3
3505 3335 3680 3409 quasi
3727 3334 3965 3409 patenter

2440 3423 2747 3498 inquiens:
2791 3427 2875 3482 En
2911 3425 3080 3483 emisi
3108 3428 3436 3498 tumorem,
3479 3429 3769 3501 quoniam
3791 3425 3964 3485 immi·

2441 3515 2564 3574 sisti
2603 3515 2919 3576 timorem:
2950 3517 3074 3589 fac,
3103 3519 3271 3592 quod
3305 3520 3573 3579 amittam
3608 3523 3961 3595 languorem,

2443 3609 2724 3684 quoniam
2749 3611 3070 3685 promisisti
3098 3612 3385 3685 vigorem.
3411 3615 3680 3683 Quatuor
3705 3631 3840 3688 ergo
3863 3627 3961 3670 no-

2441 3705 2635 3760 tantur
2675 3704 2737 3760 in
2777 3706 3121 3778 proposito:
3167 3707 3412 3764 tumoris
3458 3710 3726 3781 emissio,
3761 3705 3963 3766 timoris

2442 3796 2751 3868 immissio,
2782 3795 3087 3870 languoris
3113 3798 3378 3871 amissio,
3396 3800 3626 3873 vigoris
3652 3799 3959 3877 promissio.

2443 3890 2532 3947 Ad
2551 3889 2925 3947 humiliatum
2952 3894 3174 3964 spectat
3200 3892 3436 3951 emissio
3468 3897 3717 3954 tumoris
3727 3915 3743 3967 ;
3772 3895 3847 3952 ad
3872 3896 3962 3949 Do·

2442 3984 2701 4053 minum,
2743 3984 3029 4042 immissio
3075 3985 3337 4058 timoris:
3379 3986 3459 4045 ad
3494 3987 3957 4055 vivificationem,

2444 4076 2681 4135 amissio
2726 4076 3065 4150 languoris:
3106 4078 3185 4136 ad
3229 4080 3514 4150 verbum,
3551 4082 3853 4157 promissio
3887 4079 3960 4137 vi-

2444 4187 2622 4243 gons,

2938 4244 3224 4301 Articulus
3256 4247 3487 4317 primus.

2515 4359 2739 4416 Primus
2761 4361 3139 4434 proenotatur,
3158 4377 3295 4418 cum
3321 4362 3625 4435 psallitur:
3649 4367 3960 4423 Humanas

2441 4468 2562 4509 sum
2597 4468 2993 4526 usquequaque.
3024 4455 3180 4523 Quid
3217 4456 3378 4513 enim
3424 4462 3510 4516 est
3550 4472 3960 4535 usquequaque

2440 4545 2781 4617 humiliari,
2825 4546 2938 4604 nisi
2984 4552 3216 4606 tumore
3260 4550 3526 4625 undique
3571 4554 3840 4629 expiari?
3876 4550 3961 4607 iiic

2439 4642 2634 4713 potest
2648 4639 2841 4696 notari
2862 4640 3074 4714 triplex
3093 4642 3327 4715 signum
3351 4645 3667 4719 humiliati,
3693 4650 3960 4722 quantum

2441 4733 2520 4791 ad
2560 4736 2822 4804 motum,
2865 4735 2946 4812 ad
2988 4734 3217 4809 locum,
3262 4738 3343 4796 ad
3377 4739 3663 4800 affatum:
3702 4742 3750 4799 si
3784 4744 3960 4798 motus

2440 4828 2677 4886 curvior
2686 4847 2704 4901 3
2749 4828 2798 4884 si
2826 4827 2995 4887 locus
3020 4830 3289 4906 inferior3
3317 4833 3368 4890 si
3395 4833 3606 4893 affatus
3631 4834 3863 4893 tardior.
3892 4833 3958 4887 De

2438 4921 2633 4996 primo
2666 4921 2744 4976 ¹⁰:
2783 4939 2811 4975 α
2837 4922 2892 4979 Si
2916 4922 3259 4982 humiliatus
3288 4927 3476 4985 'vadat
3502 4920 3749 4987 curvus:
3779 4946 3807 4981 ι
3838 4938 3957 4983 ecce

2438 5018 2636 5072 motus
2679 5015 2936 5073 curvior.
2983 5019 3062 5076 De
3117 5020 3381 5079 secundo
3429 5022 3570 5080 dicit
3611 5022 3958 5092 Psalmogm·

2438 5109 2592 5184 phus
2622 5112 2698 5165 ¹¹:
2735 5126 2765 5162 ε
2801 5110 3109 5169 Humiliata
3133 5112 3308 5171 estin
3332 5115 3580 5189 pulvere
3606 5116 3801 5176 anima
3831 5125 3957 5169 nos-

2436 5209 2562 5262 tra:
2592 5223 2622 5257 ιι
2648 5219 2786 5261 ecce
2813 5203 2981 5262 locus
3008 5205 3271 5266 inferior.
3305 5212 3384 5267 De
3410 5211 3580 5271 tertio
3615 5208 3808 5285 psallit
3823 5209 3954 5264 Pro-

2441 5337 2515 5384 11.
2549 5355 2611 5370 -
2646 5331 2669 5365 ⁹
2706 5331 2875 5394 Dent„
2909 5343 3087 5398 xxxii,
3125 5337 3204 5384 39.
3240 5361 3301 5374 -
3346 5339 3388 5374 ¹⁶
3427 5339 3606 5403 Ecclz'„
3642 5349 3747 5400 ιιι,
3793 5340 3865 5387 11.
3898 5356 3954 5370 -

2441 5408 2470 5437 ⁸¹
2506 5402 2643 5456 Psal.
2671 5415 2823 5466 xnus,
2858 5407 2938 5457 25.
