4196 6294
730 475 848 536 406
1780 429 2192 505 EXPOSITIO
2237 426 2316 493 IN
2360 413 2885 490 PSALTERIUM.

729 606 940 683 quium
964 595 1243 658 veritatis.
1275 595 1354 649 De
1386 586 1557 647 tertio
1592 571 2089 649 psalmographus
2134 565 2276 624 scri·
2385 554 2725 634 gradientis,
2771 566 2910 610 cum
2961 550 3124 609 bono
3174 542 3511 620 gradientia,
3558 538 3635 599 ad
3682 537 3884 595 bonum

730 700 847 760 bit²
873 717 905 754 οι
932 692 1202 767 :Suscipe
1222 701 1318 746 me
1337 678 1669 742 secundum
1683 668 1993 746 eloquium
2003 669 2176 722 tuum
2199 678 2215 717 ε
2235 679 2266 714 υ
2385 648 2789 727 regredientis.

735 812 870 856 ecce
897 788 1206 867 eloquium
1228 777 1477 859 pietatis.
2898 788 3179 845 Articuzus
3205 785 3433 858 primus.

1235 936 1517 999 Articuli&
1545 932 1793 1005 quarm·
2465 934 2634 1008 Quod
2661 931 2820 990 enim
2847 928 2930 986 ait
2957 945 2974 982 ε
3003 929 3180 985 Bonus
3224 939 3276 981 es
3326 926 3407 992 tu,
3448 934 3570 979 vox
3595 920 3679 976 est
3714 915 3895 973 mentis

814 1077 1110 1150 Quantum
1164 1067 1244 1126 ad
1316 1063 1614 1139 quartum,
1671 1049 1874 1111 subdit
1920 1067 1935 1105 z
1985 1041 2289 1109 custodivi,
2395 1036 2682 1105 tanquam
2724 1026 2955 1084 bonum
2994 1016 3408 1093 aggredientis.
3454 1016 3523 1072 Et
3569 1013 3722 1077 nota,
3751 1007 3892 1083 quod

745 1172 916 1252 quasi
943 1164 1249 1241 eloquium
1265 1150 1765 1235 propitiatorium,
1785 1140 2134 1219 promittens
2151 1150 2288 1211 pro-
2397 1126 2594 1184 bonus
2622 1124 2706 1179 est
2727 1117 3008 1177 Dominus
3034 1110 3324 1171 universis
3362 1110 3561 1183 ipsum
3586 1102 3896 1178 aggredien-

744 1267 1018 1347 pitiatum
1050 1252 1351 1318 confitenti
1383 1250 1736 1325 peccatum:
1773 1236 2088 1304 custodivi,
2135 1244 2292 1304 quo-
2399 1220 2579 1290 tibus,
2604 1217 2727 1274 sive
2773 1212 2887 1270 sint
2940 1208 3312 1284 poenitenteS,
3365 1202 3490 1261 sive
3542 1197 3900 1276 proficientes,

750 1360 978 1423 modo?
1016 1353 1327 1415 Peccatum
1362 1338 1726 1408 confitendO,
1756 1329 2143 1408 propitiatum
2187 1337 2295 1396 pe·
2403 1314 2527 1371 sive
2552 1307 2959 1387 pervenientes
2989 1320 3005 1359 z
3034 1301 3179 1376 quia
3209 1297 3599 1366 condonator,
3629 1290 3762 1367 quia
3784 1303 3904 1346 con-

752 1456 954 1518 tendo.
984 1453 1051 1511 Et
1074 1451 1237 1518 nota,
1294 1438 1462 1517 quod
1491 1436 1555 1493 in
1592 1434 1707 1490 hac
1756 1422 2026 1485 custodia
2080 1416 2303 1475 debent
2405 1407 2649 1477 solator,
2679 1402 2821 1478 quia
2847 1399 3186 1457 coronator.
3245 1396 3325 1450 De
3376 1387 3614 1465 primo⁸
3641 1404 3658 1443 ε
3690 1402 3720 1438 α
3741 1387 3907 1441 Bonus

756 1570 880 1614 esse
907 1550 1041 1620 tria,
1070 1543 1288 1603 scilicet
1323 1531 1567 1612 justitia,
1622 1519 1961 1602 prudentia,
1988 1510 2250 1591 potentia
2280 1526 2296 1566 ε
2408 1500 2692 1558 Dominus
2718 1482 3133 1572 propitiabitur
3153 1485 3398 1557 cunctis,
3418 1483 3605 1559 quiin
3622 1483 3736 1538 toto
3754 1473 3908 1534 corde

1520 1625 1533 1638 ·
1778 1617 1790 1630 ·
1822 1615 1834 1627 ·
2201 1602 2304 1673 da,
2407 1597 2718 1674 requirunt
2744 1588 3093 1649 Dominum:
3123 1606 3151 1640 n
3178 1597 3313 1640 ecce
3327 1581 3524 1638 bonus
3542 1570 3938 1651 poenitentinm,

1420 1717 1714 1780 nfessione
1738 1732 1752 1746 ·
1792 1706 1982 1777 tertia,
2011 1705 2079 1760 ut
2123 1703 2309 1757 Deum
2412 1689 2801 1753 condonator.
2831 1686 2910 1741 De
2958 1677 3222 1738 secundo
3241 1678 3264 1712 ⁶
3299 1694 3313 1732 ε
3349 1694 3378 1728 α
3406 1677 3606 1732 Bonus
3646 1665 3911 1731 Dominus,

772 2031 894 2085 tam
918 2021 1096 2090 facto,
1128 2028 1312 2089 quam
1332 2009 1475 2066 voto
1523 2022 1541 2061 ε
1590 2002 1756 2059 ιιιιιηΔ
1785 1996 2032 2066 uterque
2079 2001 2180 2044 rea

776 2131 952 2177 suum
974 2111 1202 2188 judicat
1230 2102 1376 2163 :sed
1413 2099 1517 2159 ille
1562 2094 1870 2160 leviorem,
1919 2085 2027 2142 iste
2073 2076 2313 2153 gravio-

775 2230 906 2275 rem
915 2231 934 2285 3
949 2208 1051 2268 ille
1068 2202 1390 2268 venialem,
1407 2197 1513 2254 iste
1532 2186 1864 2250 mortalem.
1884 2184 1962 2238 De
1980 2172 2244 2235 secundo
2265 2173 2316 2227 ³:
3026 2217 3037 2228 ·

787 2332 815 2364 ι
842 2301 1156 2368 Prudentia
1204 2292 1458 2355 custodit
1509 2288 1807 2347 rectorum
1849 2275 2100 2335 salutem
2130 2286 2145 2327 t
2179 2288 2208 2323 »
2240 2267 2322 2324 ita
2902 2213 3189 2273 Amfflhoe
3213 2206 3493 2268 ”cundw-

783 2401 1030 2481 quidem
1054 2412 1163 2472 per
1187 2386 1622 2452 confessionem
1660 2376 1999 2440 salutarem,
2046 2362 2325 2440 quando-

785 2495 1032 2573 quidem
1056 2491 1278 2548 rectam
1323 2480 1546 2541 indicat
1578 2472 1906 2532 veritatem.
1955 2467 2033 2522 De
2062 2458 2233 2517 tertio
2262 2457 2321 2512 ὃε

794 2615 823 2647 (ι
846 2584 1144 2650 custodiet
1170 2596 1267 2639 me
1311 2577 1374 2635 in
1418 2588 1527 2631 sua
1574 2562 1857 2644 potentia,
1908 2560 1964 2615 et
2004 2555 2177 2614 erunt
2228 2566 2327 2608 ac-

792 2686 961 2758 cepta
1015 2692 1199 2753 opera
1242 2687 1379 2730 mea
1417 2686 1482 2725 ι»
1516 2665 1598 2723 ita
1620 2660 1799 2735 plane
1837 2650 2090 2713 custodit
2128 2644 2332 2704 diviua

794 2773 1082 2852 sapientia
1107 2770 1171 2828 in
1195 2760 1610 2829 satisfactione,
1640 2740 2178 2812 commensurando
2197 2738 2330 2795 vin-

797 2873 1019 2932 dictam
1041 2861 1271 2938 inJuriae
1284 2880 1301 2933 ;
1320 2862 1376 2917 et
1400 2854 1559 2923 facit,
1573 2848 1742 2926 quod
1756 2857 1939 2920 opera
1954 2830 2340 2897 satisfactoria

800 2967 916 3025 sint
942 2963 1124 3035 digna
1150 2952 1489 3026 acceptione
1523 2945 1617 3021 (a).

2422 2069 2617 2129 bonus
2635 2058 3105 2139 pervenientium
3130 2053 3466 2111 coronator.

2499 2346 2672 2419 Quod
2697 2348 2893 2403 autem
2919 2338 3111 2415 inquit
3138 2355 3154 2394 ε
3183 2338 3250 2393 In
3288 2334 3529 2391 bonitate
3570 2334 3687 2398 tua,
3730 2340 3837 2383 vox
3860 2322 3926 2378 est

2433 2442 2644 2502 mentis
2669 2440 2732 2497 in
2757 2439 2918 2495 bono
2945 2427 3374 2510 progredientis
3415 2444 3430 2483 ε
3464 2424 3550 2483 sic
3574 2417 3925 2499 progreditur,

2435 2538 2542 2614 qui
2568 2533 2854 2602 bonitate,
2869 2544 2993 2587 non
3019 2528 3303 2595 humana,
3333 2520 3442 2578 sed
3470 2518 3673 2577 divina
3706 2510 3927 2572 fulcitur.

2440 2636 2507 2693 Et
2516 2633 2679 2701 nota,
2695 2625 2863 2702 quod
2878 2621 3127 2683 bonitati
3143 2617 3360 2676 divinas
3379 2611 3659 2673 convenit
3669 2607 3931 2670 sustinere,

2442 2722 2900 2801 supereminere,
2952 2715 3229 2791 implere,
3303 2711 3626 2780 continere,
3696 2708 3934 2776 tanquam

2442 2818 2727 2886 inferiori,
2774 2810 3088 2887 superiori,
3140 2804 3427 2876 interiori,
3473 2806 3530 2862 et
3571 2795 3845 2859 exteriori.
3877 2794 3936 2849 De

2448 2913 2643 2989 primo
2670 2911 2692 2946 ⁸
2723 2926 2738 2965 ε
2774 2926 2804 2962 α
2831 2910 2919 2964 An
2944 2901 3177 2961 divitias
3196 2896 3479 2957 bonitatis
3505 2898 3651 2970 ejus,
3677 2895 3732 2950 et
3752 2885 3940 2964 patien-

1528 3109 1538 3120 ·
2452 3007 2568 3077 tiae,
2596 3007 2653 3062 et
2671 2996 3137 3075 longanimitatis
3165 2991 3515 3063 contemnis,
3532 3010 3562 3045 ιο
3597 2984 3760 3064 quasi
3782 2986 3832 3040 te
3848 2992 3946 3038 sus·

1450 3109 1709 3175 139110802·
2458 3097 2692 3159 tinentis
2708 3098 2737 3154 ‘t
2764 3098 2909 3154 Ecce
2928 3091 3164 3151 bonitas
3187 3086 3501 3144 sustinens.
3533 3087 3614 3141 De
3648 3074 3881 3138 secundo
3896 3071 3944 3125 ⁸:

2462 3215 2492 3251 ι
2516 3196 2585 3252 Ut
2634 3189 2966 3251 ostenderet
3028 3185 3092 3243 in
3141 3181 3368 3240 saeculis
3437 3168 3944 3253 supervenientibus

2463 3288 2829 3349 abundantes
2863 3280 3095 3340 divitias
3123 3274 3322 3351 gratim
3362 3288 3486 3330 suae
3515 3272 3579 3330 in
3613 3266 3856 3329 bonitate
3877 3275 3952 3315 su-

2465 3400 2573 3460 per
2598 3397 2741 3452 neS,
2770 3399 2800 3434 ι)
2843 3374 3013 3450 quasi
3054 3368 3527 3447 supereminente
3559 3384 3574 3422 2
3604 3377 3732 3423 ecce
3765 3354 3955 3417 bonitas

2468 3473 2928 3553 supereminens,
2973 3471 3053 3526 De
3098 3463 3268 3523 tertio
3312 3458 3591 3519 scribitur
3638 3459 3678 3494 ¹⁰
3726 3473 3741 3513 ε
3787 3472 3813 3505 σι
3840 3456 3955 3523 Δρε-

2469 3575 2653 3634 riente
2671 3573 2726 3628 te
2750 3580 2997 3626 manum
3023 3566 3209 3632 tuam,
3250 3570 3453 3616 omma
3475 3551 3865 3629 implebuntur
3878 3543 3960 3601 bo-

2472 3671 2652 3729 nitate
2685 3686 2698 3723 :
2727 3684 2756 3721 ι)
2780 3678 2915 3721 ecce
2959 3658 3199 3717 bonitas
3226 3653 3500 3728 implens.
3539 3655 3616 3709 De
3636 3648 3830 3724 quarto
3863 3652 3960 3697 rur·

880 3250 1085 3324 Liquet
1109 3243 1309 3316 itaque
1334 3251 1457 3294 vox
1481 3228 1784 3304 Prophetae
1824 3219 2191 3281 curationem
2216 3228 2346 3271 ma-

812 3346 1092 3407 nifestans
1135 3329 1458 3395 memoriae.
1510 3326 1834 3393 Priusquam
1860 3315 2201 3380 humiliarer,
2245 3321 2354 3382 per

814 3442 1091 3500 timorem
1114 3428 1273 3488 male
1285 3418 1718 3487 humiliantem,
1740 3413 2025 3487 quantum
2047 3404 2127 3461 ad
2154 3414 2356 3476 pecca-

818 3538 942 3593 tum
969 3523 1385 3587 commissum:
1418 3529 1551 3573 ecce
1579 3505 1868 3568 memoria
1893 3492 2358 3564 commissionis3

821 3631 933 3699 qu
954 3622 1184 3694 deliqui,
1211 3628 1318 3691 per
1363 3620 1630 3669 amorem
1670 3599 1825 3660 male
1871 3591 2358 3656 inflammantem,

824 3722 1112 3797 quantum
1167 3710 1248 3770 ad
1304 3704 1653 3767 mandatum
1695 3694 1980 3756 omissum
2018 3706 2033 3745 ε
2067 3698 2202 3743 ecce
2246 3695 2367 3737 me-

826 3812 1019 3875 moria
1073 3800 1406 3868 omissionis
1415 3819 1432 3871 3
1503 3797 1789 3868 Propterea
1861 3783 2127 3855 eloquium
2191 3781 2366 3843 tuum,
2477 3780 2577 3822 sus
2609 3762 2646 3798 ¹¹
2683 3779 2698 3817 ε
2736 3778 2766 3814 α
2791 3756 2880 3817 Ad
2905 3752 3235 3813 videndum
3284 3748 3346 3805 in
3386 3745 3654 3805 bonitate
3694 3740 3962 3799 electorum

830 3908 1120 3986 quantum
1176 3898 1256 3958 ad
1315 3890 1699 3970 propitiatum
1753 3876 2113 3956 promissum
2160 3887 2175 3925 ε
2234 3880 2369 3923 ecce
2479 3861 2741 3926 tuorum,
2767 3872 2796 3907 ιι
2830 3848 3001 3926 quasi
3029 3841 3518 3920 comprehensiva
3542 3839 3797 3914 ipsorum
3823 3848 3836 3887 :
3862 3836 3964 3884 ecoe

832 3999 1123 4063 memoria
1147 3984 1583 4070 promissionis3
1632 3975 1935 4044 Custodivi,
1973 3969 2265 4044 quantum
2289 3960 2368 4020 ad
2483 3951 2712 4011 bonitas
2748 3944 3075 4006 continens.

835 4096 1122 4174 gemitum
1132 4076 1603 4161 compunctionis
1615 4070 1944 4133 immissum
1962 4083 1976 4122 ε
1998 4077 2133 4122 ecce
2151 4070 2376 4117 memo-

838 4193 929 4253 ria
957 4179 1359 4248 immissionis.
2997 4097 3272 4155 ‘'mm“
3309 4095 3528 4151 ‘mm-

2561 4228 2734 4302 Quod
2759 4239 2904 4285 vero
2951 4221 3093 4280 dicit
3123 4239 3137 4277 ε
3169 4222 3302 4276 Doce
3345 4232 3428 4274 me
3443 4258 3463 4288 ,
3510 4230 3632 4273 vox
3681 4213 3761 4270 est
3809 4198 3973 4265 mentis

2493 4341 2629 4384 cum
2647 4325 2810 4382 bono
2840 4314 3182 4393 gradientis,
3211 4315 3270 4370 et
3288 4310 3366 4369 ab
3398 4311 3531 4384 ipso
3559 4303 3753 4366 doceri
3777 4296 3972 4374 cupien-

2494 4420 2586 4478 tis.
2618 4416 2731 4477 Sed
2756 4418 2919 4485 nota,
2948 4409 3115 4486 quod
3169 4407 3384 4465 docere
3438 4403 3648 4462 dicitur
3680 4404 3820 4459 Deus
3849 4401 3976 4450 men·

2496 4517 2638 4585 tem,
2659 4507 2962 4568 influendo
2991 4503 3187 4562 eidem
3204 4499 3529 4570 veritatem,
3549 4493 3866 4554 charitatem
3879 4527 3894 4556 ‚
3910 4480 3977 4538 fa·

2499 4610 2793 4676 cultatem,
2816 4603 3104 4677 quantum
3123 4597 3203 4655 ad
3228 4594 3662 4665 intellectivam,
3683 4584 3977 4649 affectivam,

2502 4701 2850 4762 effectivam.
2864 4695 2950 4753 Ad
2959 4694 3213 4769 primum
3225 4689 3476 4766 pertinet
3485 4686 3634 4746 illud
3645 4678 3922 4744 psalmista
3933 4667 3978 4722 ¹¹³

2507 4817 2537 4851 «
2566 4792 2876 4854 scientiam
2917 4788 3064 4846 doce
3101 4802 3197 4844 me
3214 4804 3232 4858 ;
3265 4806 3296 4840 υ
3322 4782 3429 4842 ubi
3463 4781 3681 4857 petitur
3729 4761 3981 4832 influentia

2505 4887 2783 4957 veritatis,
2813 4879 3170 4942 conveniens
3196 4875 3583 4937 intellectivae.
3603 4871 3691 4931 Ad
3708 4859 3981 4927 secundum

2506 4985 2733 5060 spectat
2758 4976 2909 5037 illud
2953 4973 3254 5048 Prophetae
3279 4972 3322 5008 ¹³
3350 4988 3366 5029 ε
3399 4988 3429 5024 α
3452 4972 3604 5027 Doce
3641 4979 3757 5035 me,
3785 4956 3906 5032 quia
3937 4950 3983 5003 tu

2507 5095 2569 5140 es
2595 5081 2746 5134 Deus
2771 5072 3028 5130 salvator
3054 5083 3262 5140 meus;
3291 5083 3320 5123 a
3346 5064 3453 5122 ubi
3486 5061 3698 5139 petitur
3735 5041 3986 5114 influentia

2509 5169 2803 5234 charitatis
2849 5165 3142 5236 salvificae,
3214 5174 3546 5234 congruens
3602 5148 3876 5214 affectivae-
3918 5130 3985 5195 Ad

2514 5315 2569 5363 ιι,
2599 5302 2650 5349 ’7.
2675 5322 2739 5335 -
2767 5295 2810 5331 ¹⁰
2833 5292 2972 5344 Psal.
3002 5303 3116 5352 cm,
3147 5291 3224 5339 28.
3257 5314 3320 5325 —
3349 5288 3385 5322 ¹¹
3412 5282 3545 5335 Ptol.
3571 5293 3650 5345 εν,
3674 5283 3720 5328 5.
3744 5299 3801 5314 -·
3828 5270 3860 5303 ¹³
3879 5257 3985 5316 Psal-

2511 5375 2627 5436 hoc,
2659 5372 2736 5421 66.
2766 5391 2827 5406 --
2861 5365 2898 5401 ¹⁸
2924 5362 3066 5414 Psal.
3098 5372 3240 5424 xxm,
3271 5361 3318 5409 5.
3341 5383 3405 5396 —-
3433 5357 3497 5422 (a)
3536 5355 3645 5417 Leq,
3670 5337 3983 5408 acceptatione·

1390 4387 1722 4441 nnmcuhus
1754 4385 1833 4428 Π.

918 4573 1006 4630 68.
1029 4570 1205 4624 Bonus
1225 4576 1277 4618 es
1302 4562 1385 4626 tu,
1403 4556 1511 4612 etc.
1532 4540 1922 4607 Proenuntiata
1947 4531 2249 4594 curatione
2277 4543 2386 4601 ap-

848 4659 1234 4744 prehensivae,
1253 4645 1602 4728 appetitivae,
1624 4641 1799 4713 atque
1822 4626 2255 4694 memorativae3
2279 4637 2389 4678 no-

850 4757 1087 4819 vissime
1112 4747 1414 4810 nuntiatur
1445 4735 1667 4798 curatio
1696 4729 1932 4790 motivae
1948 4723 2070 4781 sive
2096 4716 2391 4793 gressivae‚

855 4866 1037 4930 quam
1063 4842 1294 4905 nuntiat
1329 4838 1437 4896 iste
1469 4844 1696 4897 versus,
1733 4818 2039 4881 innuendo
2063 4812 2392 4872 bonitatem

856 4956 1186 5022 aggressuS,
1206 4942 1576 5014 progressus»,
1595 4931 1967 4994 congressuS,
1987 4915 2045 4970 et
2067 4918 2389 4981 regressus,

858 5037 1143 5118 quoniam
1168 5033 1233 5090 in
1261 5027 1354 5086 his
1378 5020 1575 5082 verbis
1626 5015 1864 5082 notatur
1909 5009 2108 5066 motus
2159 4997 2392 5070 mentis,

855 5140 1141 5208 tanquam
1186 5126 1418 5183 bonum
1459 5105 1874 5190 aggredientis,
1929 5103 1994 5160 in
2037 5098 2203 5157 bono
2255 5106 2397 5167 pro·

925 5282 941 5317 ¹
968 5277 1111 5332 Psal.
1138 5276 1257 5337 hoc,
1289 5273 1395 5324 116.
1416 5294 1475 5306 —
1505 5265 1719 5325 ’Pr0v.‚
1747 5266 1864 5320 1111,
1889 5255 1939 5303 6.
1962 5275 2023 5288 -
2046 5249 2070 5283 ⁸
2092 5248 2234 5307 Pru„
2257 5256 2320 5307 11,
2348 5242 2396 5290 Ἰ.

858 5379 921 5394 -
946 5353 967 5388 ⁸
988 5353 1128 5415 Sept,
1159 5360 1233 5407 11,
1264 5347 1344 5395 11.
1370 5366 1425 5378 —-
1449 5339 1471 5376 ⁸
1500 5338 1539 5386 11
1573 5329 1820 5392 paralip„
1850 5336 1978 5385 xxx,
2009 5321 2085 5372 18.
2115 5344 2177 5358 -
2198 5318 2218 5347 ⁸
2244 5314 2396 5374 Nah„

861 5441 901 5492 1,
931 5428 980 5476 7.
1006 5449 1067 5462 —
1093 5423 1109 5454 ⁷
1138 5418 1335 5477 Thr-en„
1362 5422 1442 5474 ιιι,
1469 5412 1548 5459 25.
1574 5430 1638 5443 —
1662 5403 1685 5438 ⁸
1714 5401 1868 5461 Rom„
1901 5407 1958 5458 11,
1988 5395 2035 5442 4.
2058 5415 2115 5426 —-
2146 5389 2169 5424 ⁹
2196 5387 2401 5452 Ephes„
