<?xml version="1.0" encoding="UTF-8"?>
<!DOCTYPE html PUBLIC "-//W3C//DTD XHTML 1.0 Transitional//EN"
    "http://www.w3.org/TR/xhtml1/DTD/xhtml1-transitional.dtd">
<html xmlns="http://www.w3.org/1999/xhtml" xml:lang="en" lang="en">
 <head>
  <title>
</title>
<meta http-equiv="Content-Type" content="text/html;charset=utf-8" />
  <meta name='ocr-system' content='tesseract 3.04.00' />
  <meta name='ocr-capabilities' content='ocr_page ocr_carea ocr_par ocr_line ocrx_word'/>
</head>
<body>
  <div class='ocr_page' id='page_1' title='image "./srecardinalissb00cargoog_0472.png"; bbox 0 0 4196 6294; ppageno 0'>
   <div class='ocr_carea' id='block_1_1' title="bbox 628 582 2178 1414">
    <p class='ocr_par' dir='ltr' id='par_1_1' title="bbox 628 582 2178 1414">
     <span class='ocr_line' id='line_1_1' title="bbox 629 582 2172 663; baseline -0.005 -15"><span class='ocrx_word' id='word_1_1' title='bbox 629 588 991 663; x_wconf 78' lang='lat' dir='ltr'><strong>sagacitatis,</strong></span> <span class='ocrx_word' id='word_1_2' title='bbox 1033 591 1090 647; x_wconf 88' lang='lat' dir='ltr'><strong>et</strong></span> <span class='ocrx_word' id='word_1_3' title='bbox 1127 584 1332 660; x_wconf 80' lang='lat' dir='ltr'><strong>ligatio</strong></span> <span class='ocrx_word' id='word_1_4' title='bbox 1364 583 1642 642; x_wconf 79' lang='lat' dir='ltr'><strong>maximae</strong></span> <span class='ocrx_word' id='word_1_5' title='bbox 1683 582 1992 655; x_wconf 85' lang='lat' dir='ltr'><strong>libertatis,</strong></span> <span class='ocrx_word' id='word_1_6' title='bbox 2022 584 2172 642; x_wconf 87' lang='lat' dir='ltr'><strong>sicut</strong></span> 
     </span>
     <span class='ocr_line' id='line_1_2' title="bbox 628 676 2171 758; baseline -0.006 -15"><span class='ocrx_word' id='word_1_7' title='bbox 628 684 852 758; x_wconf 88' lang='lat' dir='ltr'><strong>patebit</strong></span> <span class='ocrx_word' id='word_1_8' title='bbox 893 685 958 741; x_wconf 91' lang='lat' dir='ltr'><strong>in</strong></span> <span class='ocrx_word' id='word_1_9' title='bbox 996 685 1250 758; x_wconf 84' lang='lat' dir='ltr'><strong>quatuor</strong></span> <span class='ocrx_word' id='word_1_10' title='bbox 1286 677 1553 738; x_wconf 87' lang='lat' dir='ltr'><strong>versibus</strong></span> <span class='ocrx_word' id='word_1_11' title='bbox 1598 676 1946 735; x_wconf 77' lang='lat' dir='ltr'><strong>subnotatis.</strong></span> <span class='ocrx_word' id='word_1_12' title='bbox 1998 677 2171 746; x_wconf 87' lang='lat' dir='ltr'><strong>Quod</strong></span> 
     </span>
     <span class='ocr_line' id='line_1_3' title="bbox 632 770 2171 853; baseline -0.005 -17"><span class='ocrx_word' id='word_1_13' title='bbox 632 794 743 853; x_wconf 91' lang='lat' dir='ltr'><strong>per</strong></span> <span class='ocrx_word' id='word_1_14' title='bbox 789 778 981 853; x_wconf 91' lang='lat' dir='ltr'><strong>ipsam</strong></span> <span class='ocrx_word' id='word_1_15' title='bbox 1049 776 1311 834; x_wconf 85' lang='lat' dir='ltr'><strong>maxima</strong></span> <span class='ocrx_word' id='word_1_16' title='bbox 1366 771 1612 829; x_wconf 84' lang='lat' dir='ltr'><strong>firmitas</strong></span> <span class='ocrx_word' id='word_1_17' title='bbox 1664 770 2052 845; x_wconf 83' lang='lat' dir='ltr'><strong>inquietetur,</strong></span> <span class='ocrx_word' id='word_1_18' title='bbox 2109 770 2171 828; x_wconf 92' lang='lat' dir='ltr'><strong>in</strong></span> 
     </span>
     <span class='ocr_line' id='line_1_4' title="bbox 628 862 2171 944; baseline -0.004 -15"><span class='ocrx_word' id='word_1_19' title='bbox 628 870 901 944; x_wconf 69' lang='lat' dir='ltr'><strong>praesenti</strong></span> <span class='ocrx_word' id='word_1_20' title='bbox 923 885 1101 928; x_wconf 90' lang='lat' dir='ltr'><strong>versu</strong></span> <span class='ocrx_word' id='word_1_21' title='bbox 1122 869 1384 926; x_wconf 84' lang='lat' dir='ltr'><strong>docetur.</strong></span> <span class='ocrx_word' id='word_1_22' title='bbox 1425 862 1581 934; x_wconf 83' lang='lat' dir='ltr'><strong>Quid</strong></span> <span class='ocrx_word' id='word_1_23' title='bbox 1609 863 1768 921; x_wconf 91' lang='lat' dir='ltr'><strong>enim</strong></span> <span class='ocrx_word' id='word_1_24' title='bbox 1798 863 2171 923; x_wconf 88' lang='lat' dir='ltr'><strong>firmamento</strong></span> 
     </span>
     <span class='ocr_line' id='line_1_5' title="bbox 628 957 2175 1034; baseline -0.004 -12"><span class='ocrx_word' id='word_1_25' title='bbox 628 963 895 1022; x_wconf 76' lang='lat' dir='ltr'><strong>firmius?</strong></span> <span class='ocrx_word' id='word_1_26' title='bbox 922 962 1076 1034; x_wconf 88' lang='lat' dir='ltr'><strong>Quid</strong></span> <span class='ocrx_word' id='word_1_27' title='bbox 1120 965 1289 1020; x_wconf 89' lang='lat' dir='ltr'><strong>motu</strong></span> <span class='ocrx_word' id='word_1_28' title='bbox 1322 957 1673 1034; x_wconf 74' lang='lat' dir='ltr'><strong>inquietius?</strong></span> <span class='ocrx_word' id='word_1_29' title='bbox 1722 960 1902 1015; x_wconf 80' lang='lat' dir='ltr'><strong>Istum</strong></span> <span class='ocrx_word' id='word_1_30' title='bbox 1944 963 2175 1016; x_wconf 82' lang='lat' dir='ltr'><strong>motum</strong></span> 
     </span>
     <span class='ocr_line' id='line_1_6' title="bbox 630 1050 2174 1133; baseline -0.006 -16"><span class='ocrx_word' id='word_1_31' title='bbox 630 1057 960 1133; x_wconf 88' lang='lat' dir='ltr'><strong>inquietum</strong></span> <span class='ocrx_word' id='word_1_32' title='bbox 986 1055 1260 1131; x_wconf 79' lang='lat' dir='ltr'><strong>exprimit</strong></span> <span class='ocrx_word' id='word_1_33' title='bbox 1295 1054 1402 1111; x_wconf 89' lang='lat' dir='ltr'><strong>iste</strong></span> <span class='ocrx_word' id='word_1_34' title='bbox 1430 1068 1636 1110; x_wconf 88' lang='lat' dir='ltr'><strong>versus</strong></span> <span class='ocrx_word' id='word_1_35' title='bbox 1673 1050 1954 1110; x_wconf 88' lang='lat' dir='ltr'><strong>divinitus</strong></span> <span class='ocrx_word' id='word_1_36' title='bbox 1988 1050 2174 1125; x_wconf 87' lang='lat' dir='ltr'><strong>impe-</strong></span> 
     </span>
     <span class='ocr_line' id='line_1_7' title="bbox 630 1144 2173 1224; baseline -0.005 -15"><span class='ocrx_word' id='word_1_37' title='bbox 630 1156 845 1224; x_wconf 86' lang='lat' dir='ltr'><strong>ratum,</strong></span> <span class='ocrx_word' id='word_1_38' title='bbox 897 1156 956 1210; x_wconf 94' lang='lat' dir='ltr'><strong>et</strong></span> <span class='ocrx_word' id='word_1_39' title='bbox 1008 1150 1235 1210; x_wconf 85' lang='lat' dir='ltr'><strong>coelitus</strong></span> <span class='ocrx_word' id='word_1_40' title='bbox 1268 1147 1704 1217; x_wconf 82' lang='lat' dir='ltr'><strong>observatum,</strong></span> <span class='ocrx_word' id='word_1_41' title='bbox 1755 1144 2173 1218; x_wconf 80' lang='lat' dir='ltr'><strong>distinguendo</strong></span> 
     </span>
     <span class='ocr_line' id='line_1_8' title="bbox 629 1238 2178 1319; baseline -0.006 -15"><span class='ocrx_word' id='word_1_42' title='bbox 629 1260 739 1318; x_wconf 86' lang='lat' dir='ltr'><strong>per</strong></span> <span class='ocrx_word' id='word_1_43' title='bbox 780 1244 1157 1319; x_wconf 82' lang='lat' dir='ltr'><strong>quadruplex</strong></span> <span class='ocrx_word' id='word_1_44' title='bbox 1194 1242 1321 1313; x_wconf 72' lang='lat' dir='ltr'><strong>eJus</strong></span> <span class='ocrx_word' id='word_1_45' title='bbox 1362 1238 1724 1309; x_wconf 87' lang='lat' dir='ltr'><strong>membrum,</strong></span> <span class='ocrx_word' id='word_1_46' title='bbox 1766 1238 2084 1313; x_wconf 88' lang='lat' dir='ltr'><strong>imperans,</strong></span> <span class='ocrx_word' id='word_1_47' title='bbox 2117 1242 2178 1296; x_wconf 91' lang='lat' dir='ltr'><strong>et</strong></span> 
     </span>
     <span class='ocr_line' id='line_1_9' title="bbox 632 1332 1899 1414; baseline -0.005 -20"><span class='ocrx_word' id='word_1_48' title='bbox 632 1336 1004 1414; x_wconf 88' lang='lat' dir='ltr'><strong>imperatum,</strong></span> <span class='ocrx_word' id='word_1_49' title='bbox 1032 1337 1380 1405; x_wconf 84' lang='lat' dir='ltr'><strong>observans,</strong></span> <span class='ocrx_word' id='word_1_50' title='bbox 1411 1336 1470 1390; x_wconf 92' lang='lat' dir='ltr'><strong>et</strong></span> <span class='ocrx_word' id='word_1_51' title='bbox 1497 1332 1899 1390; x_wconf 85' lang='lat' dir='ltr'><strong>observatum.</strong></span> 
     </span>
    </p>
   </div>
   <div class='ocr_carea' id='block_1_2' title="bbox 1115 1493 1682 1564">
    <p class='ocr_par' dir='ltr' id='par_1_2' title="bbox 1115 1493 1682 1564">
     <span class='ocr_line' id='line_1_10' title="bbox 1115 1493 1682 1564; baseline -0.016 -14"><span class='ocrx_word' id='word_1_52' title='bbox 1115 1493 1399 1550; x_wconf 75' lang='lat' dir='ltr'><strong>Articulus</strong></span> <span class='ocrx_word' id='word_1_53' title='bbox 1447 1493 1682 1564; x_wconf 75' lang='lat' dir='ltr'><strong>primus.</strong></span> 
     </span>
    </p>
   </div>
   <div class='ocr_carea' id='block_1_3' title="bbox 628 1614 2181 4318">
    <p class='ocr_par' dir='ltr' id='par_1_3' title="bbox 628 1614 2181 4318">
     <span class='ocr_line' id='line_1_11' title="bbox 699 1614 2171 1697; baseline -0.005 -17"><span class='ocrx_word' id='word_1_54' title='bbox 699 1621 1000 1697; x_wconf 85' lang='lat' dir='ltr'><strong>Imperans</strong></span> <span class='ocrx_word' id='word_1_55' title='bbox 1034 1618 1327 1676; x_wconf 90' lang='lat' dir='ltr'><strong>indicatur</strong></span> <span class='ocrx_word' id='word_1_56' title='bbox 1346 1646 1364 1683; x_wconf 90' lang='lat'><strong>·,</strong></span> <span class='ocrx_word' id='word_1_57' title='bbox 1420 1632 1563 1674; x_wconf 91' lang='lat' dir='ltr'><strong>cum</strong></span> <span class='ocrx_word' id='word_1_58' title='bbox 1607 1614 1865 1673; x_wconf 84' lang='lat' dir='ltr'><strong>dicitur:</strong></span> <span class='ocrx_word' id='word_1_59' title='bbox 1917 1618 2171 1686; x_wconf 77' lang='lat' dir='ltr'><strong>Domine3</strong></span> 
     </span>
     <span class='ocr_line' id='line_1_12' title="bbox 630 1708 2174 1789; baseline -0.006 -15"><span class='ocrx_word' id='word_1_60' title='bbox 630 1715 773 1789; x_wconf 84' lang='lat' dir='ltr'><strong>quia</strong></span> <span class='ocrx_word' id='word_1_61' title='bbox 802 1713 1035 1773; x_wconf 89' lang='lat' dir='ltr'><strong>Domini</strong></span> <span class='ocrx_word' id='word_1_62' title='bbox 1063 1715 1149 1769; x_wconf 90' lang='lat' dir='ltr'><strong>est</strong></span> <span class='ocrx_word' id='word_1_63' title='bbox 1186 1711 1509 1786; x_wconf 88' lang='lat' dir='ltr'><strong>imperare,</strong></span> <span class='ocrx_word' id='word_1_64' title='bbox 1548 1708 1705 1767; x_wconf 88' lang='lat' dir='ltr'><strong>servi</strong></span> <span class='ocrx_word' id='word_1_65' title='bbox 1741 1708 2174 1783; x_wconf 83' lang='lat' dir='ltr'><strong>obtemperare.</strong></span> 
     </span>
     <span class='ocr_line' id='line_1_13' title="bbox 628 1801 2175 1880; baseline -0.004 -14"><span class='ocrx_word' id='word_1_66' title='bbox 628 1811 695 1866; x_wconf 85' lang='lat' dir='ltr'><strong>Et</strong></span> <span class='ocrx_word' id='word_1_67' title='bbox 728 1812 891 1878; x_wconf 89' lang='lat' dir='ltr'><strong>nota,</strong></span> <span class='ocrx_word' id='word_1_68' title='bbox 936 1805 1103 1880; x_wconf 91' lang='lat' dir='ltr'><strong>quod</strong></span> <span class='ocrx_word' id='word_1_69' title='bbox 1144 1804 1424 1863; x_wconf 84' lang='lat' dir='ltr'><strong>Dominus</strong></span> <span class='ocrx_word' id='word_1_70' title='bbox 1475 1806 1562 1861; x_wconf 86' lang='lat' dir='ltr'><strong>est</strong></span> <span class='ocrx_word' id='word_1_71' title='bbox 1589 1801 1771 1861; x_wconf 88' lang='lat' dir='ltr'><strong>coelos</strong></span> <span class='ocrx_word' id='word_1_72' title='bbox 1806 1803 2175 1877; x_wconf 77' lang='lat' dir='ltr'><strong>ponderanS,</strong></span> 
     </span>
     <span class='ocr_line' id='line_1_14' title="bbox 628 1896 2177 1974; baseline -0.005 -14"><span class='ocrx_word' id='word_1_73' title='bbox 628 1901 792 1960; x_wconf 87' lang='lat' dir='ltr'><strong>coelis</strong></span> <span class='ocrx_word' id='word_1_74' title='bbox 837 1900 1169 1974; x_wconf 85' lang='lat' dir='ltr'><strong>imperans,</strong></span> <span class='ocrx_word' id='word_1_75' title='bbox 1210 1901 1268 1955; x_wconf 88' lang='lat' dir='ltr'><strong>et</strong></span> <span class='ocrx_word' id='word_1_76' title='bbox 1306 1912 1415 1970; x_wconf 89' lang='lat' dir='ltr'><strong>per</strong></span> <span class='ocrx_word' id='word_1_77' title='bbox 1461 1896 1641 1955; x_wconf 86' lang='lat' dir='ltr'><strong>coelos</strong></span> <span class='ocrx_word' id='word_1_78' title='bbox 1688 1911 1986 1970; x_wconf 87' lang='lat' dir='ltr'><strong>operans:</strong></span> <span class='ocrx_word' id='word_1_79' title='bbox 2021 1911 2177 1970; x_wconf 88' lang='lat' dir='ltr'><strong>pon-</strong></span> 
     </span>
     <span class='ocr_line' id='line_1_15' title="bbox 630 1990 2179 2065; baseline -0.005 -11"><span class='ocrx_word' id='word_1_80' title='bbox 630 1995 797 2054; x_wconf 80' lang='lat' dir='ltr'><strong>derat</strong></span> <span class='ocrx_word' id='word_1_81' title='bbox 850 1994 1008 2051; x_wconf 90' lang='lat' dir='ltr'><strong>enim</strong></span> <span class='ocrx_word' id='word_1_82' title='bbox 1062 1992 1355 2064; x_wconf 87' lang='lat' dir='ltr'><strong>virtutem,</strong></span> <span class='ocrx_word' id='word_1_83' title='bbox 1410 1991 1660 2065; x_wconf 89' lang='lat' dir='ltr'><strong>imperat</strong></span> <span class='ocrx_word' id='word_1_84' title='bbox 1704 1990 2060 2061; x_wconf 86' lang='lat' dir='ltr'><strong>servitutem,</strong></span> <span class='ocrx_word' id='word_1_85' title='bbox 2120 1993 2179 2047; x_wconf 90' lang='lat' dir='ltr'><strong>et</strong></span> 
     </span>
     <span class='ocr_line' id='line_1_16' title="bbox 628 2083 2178 2160; baseline -0.004 -13"><span class='ocrx_word' id='word_1_86' title='bbox 628 2088 955 2147; x_wconf 88' lang='lat' dir='ltr'><strong>humanam</strong></span> <span class='ocrx_word' id='word_1_87' title='bbox 981 2090 1260 2160; x_wconf 82' lang='lat' dir='ltr'><strong>operatur</strong></span> <span class='ocrx_word' id='word_1_88' title='bbox 1287 2084 1559 2142; x_wconf 89' lang='lat' dir='ltr'><strong>salutem.</strong></span> <span class='ocrx_word' id='word_1_89' title='bbox 1590 2088 1669 2141; x_wconf 94' lang='lat' dir='ltr'><strong>De</strong></span> <span class='ocrx_word' id='word_1_90' title='bbox 1695 2083 1891 2157; x_wconf 90' lang='lat' dir='ltr'><strong>primo</strong></span> <span class='ocrx_word' id='word_1_91' title='bbox 1914 2086 1973 2141; x_wconf 85' lang='lat'><strong>¹:</strong></span> <span class='ocrx_word' id='word_1_92' title='bbox 2010 2104 2040 2137; x_wconf 73' lang='grc' dir='ltr'><strong>α</strong></span> <span class='ocrx_word' id='word_1_93' title='bbox 2069 2086 2178 2141; x_wconf 84' lang='lat' dir='ltr'><strong>Do·</strong></span> 
     </span>
     <span class='ocr_line' id='line_1_17' title="bbox 630 2178 2178 2252; baseline -0.004 -12"><span class='ocrx_word' id='word_1_94' title='bbox 630 2183 827 2240; x_wconf 89' lang='lat' dir='ltr'><strong>minus</strong></span> <span class='ocrx_word' id='word_1_95' title='bbox 845 2184 993 2239; x_wconf 90' lang='lat' dir='ltr'><strong>Deus</strong></span> <span class='ocrx_word' id='word_1_96' title='bbox 1010 2178 1428 2238; x_wconf 81' lang='lat' dir='ltr'><strong>infortitudine</strong></span> <span class='ocrx_word' id='word_1_97' title='bbox 1442 2178 1669 2249; x_wconf 82' lang='lat' dir='ltr'><strong>veniet3</strong></span> <span class='ocrx_word' id='word_1_98' title='bbox 1692 2198 1721 2233; x_wconf 64' lang='grc' dir='ltr'><strong>ι</strong></span> <span class='ocrx_word' id='word_1_99' title='bbox 1754 2182 1812 2236; x_wconf 89' lang='lat' dir='ltr'><strong>et</strong></span> <span class='ocrx_word' id='word_1_100' title='bbox 1828 2181 1965 2252; x_wconf 89' lang='lat' dir='ltr'><strong>post</strong></span> <span class='ocrx_word' id='word_1_101' title='bbox 1981 2193 2178 2252; x_wconf 87' lang='lat' dir='ltr'><strong>pauca</strong></span> 
     </span>
     <span class='ocr_line' id='line_1_18' title="bbox 629 2270 2181 2348; baseline -0.005 -15"><span class='ocrx_word' id='word_1_102' title='bbox 629 2275 937 2348; x_wconf 82' lang='lat' dir='ltr'><strong>subjungit</strong></span> <span class='ocrx_word' id='word_1_103' title='bbox 961 2294 1017 2333; x_wconf 67' lang='grc' dir='ltr'><strong>ια</strong></span> <span class='ocrx_word' id='word_1_104' title='bbox 1032 2273 1222 2333; x_wconf 90' lang='lat' dir='ltr'><strong>Coelos</strong></span> <span class='ocrx_word' id='word_1_105' title='bbox 1238 2273 1444 2347; x_wconf 86' lang='lat' dir='ltr'><strong>palmo</strong></span> <span class='ocrx_word' id='word_1_106' title='bbox 1457 2272 1831 2347; x_wconf 83' lang='lat' dir='ltr'><strong>ponderavit.</strong></span> <span class='ocrx_word' id='word_1_107' title='bbox 1854 2290 1884 2326; x_wconf 75' lang='grc' dir='ltr'><strong>ι)</strong></span> <span class='ocrx_word' id='word_1_108' title='bbox 1908 2270 2062 2342; x_wconf 89' lang='lat' dir='ltr'><strong>Quid</strong></span> <span class='ocrx_word' id='word_1_109' title='bbox 2088 2275 2181 2327; x_wconf 90' lang='lat' dir='ltr'><strong>est</strong></span> 
     </span>
     <span class='ocr_line' id='line_1_19' title="bbox 630 2364 2180 2446; baseline -0.004 -18"><span class='ocrx_word' id='word_1_110' title='bbox 630 2371 835 2446; x_wconf 89' lang='lat' dir='ltr'><strong>palmo</strong></span> <span class='ocrx_word' id='word_1_111' title='bbox 880 2368 1251 2444; x_wconf 89' lang='lat' dir='ltr'><strong>ponderare,</strong></span> <span class='ocrx_word' id='word_1_112' title='bbox 1288 2366 1402 2424; x_wconf 92' lang='lat' dir='ltr'><strong>nisi</strong></span> <span class='ocrx_word' id='word_1_113' title='bbox 1446 2366 1702 2439; x_wconf 81' lang='lat' dir='ltr'><strong>figuram</strong></span> <span class='ocrx_word' id='word_1_114' title='bbox 1745 2364 2092 2423; x_wconf 82' lang='lat' dir='ltr'><strong>exteriorem</strong></span> <span class='ocrx_word' id='word_1_115' title='bbox 2123 2371 2180 2423; x_wconf 89' lang='lat' dir='ltr'><strong>et</strong></span> 
     </span>
     <span class='ocr_line' id='line_1_20' title="bbox 629 2458 2178 2522; baseline -0.004 -1"><span class='ocrx_word' id='word_1_116' title='bbox 629 2467 905 2522; x_wconf 86' lang='lat' dir='ltr'><strong>naturam</strong></span> <span class='ocrx_word' id='word_1_117' title='bbox 930 2462 1269 2520; x_wconf 90' lang='lat' dir='ltr'><strong>interiorem</strong></span> <span class='ocrx_word' id='word_1_118' title='bbox 1298 2460 1713 2519; x_wconf 72' lang='lat' dir='ltr'><strong>considerare?</strong></span> <span class='ocrx_word' id='word_1_119' title='bbox 1748 2458 1981 2517; x_wconf 86' lang='lat' dir='ltr'><strong>Palmus</strong></span> <span class='ocrx_word' id='word_1_120' title='bbox 2018 2458 2178 2516; x_wconf 88' lang='lat' dir='ltr'><strong>enim</strong></span> 
     </span>
     <span class='ocr_line' id='line_1_21' title="bbox 630 2552 2176 2633; baseline -0.006 -16"><span class='ocrx_word' id='word_1_121' title='bbox 630 2558 881 2633; x_wconf 81' lang='lat' dir='ltr'><strong>pertinet</strong></span> <span class='ocrx_word' id='word_1_122' title='bbox 902 2556 985 2615; x_wconf 90' lang='lat' dir='ltr'><strong>ad</strong></span> <span class='ocrx_word' id='word_1_123' title='bbox 1006 2555 1283 2629; x_wconf 84' lang='lat' dir='ltr'><strong>figuram,</strong></span> <span class='ocrx_word' id='word_1_124' title='bbox 1308 2559 1366 2612; x_wconf 89' lang='lat' dir='ltr'><strong>et</strong></span> <span class='ocrx_word' id='word_1_125' title='bbox 1380 2552 1738 2628; x_wconf 86' lang='lat' dir='ltr'><strong>ponderatio</strong></span> <span class='ocrx_word' id='word_1_126' title='bbox 1757 2552 1838 2611; x_wconf 91' lang='lat' dir='ltr'><strong>ad</strong></span> <span class='ocrx_word' id='word_1_127' title='bbox 1862 2556 2134 2610; x_wconf 87' lang='lat' dir='ltr'><strong>naturam</strong></span> <span class='ocrx_word' id='word_1_128' title='bbox 2161 2571 2176 2608; x_wconf 94' lang='lat'><strong>:</strong></span> 
     </span>
     <span class='ocr_line' id='line_1_22' title="bbox 631 2645 2176 2725; baseline -0.004 -15"><span class='ocrx_word' id='word_1_129' title='bbox 631 2650 776 2725; x_wconf 86' lang='lat' dir='ltr'><strong>quia</strong></span> <span class='ocrx_word' id='word_1_130' title='bbox 801 2650 1040 2725; x_wconf 90' lang='lat' dir='ltr'><strong>palmo,</strong></span> <span class='ocrx_word' id='word_1_131' title='bbox 1073 2649 1244 2724; x_wconf 85' lang='lat' dir='ltr'><strong>quasi</strong></span> <span class='ocrx_word' id='word_1_132' title='bbox 1284 2648 1538 2719; x_wconf 82' lang='lat' dir='ltr'><strong>circino,</strong></span> <span class='ocrx_word' id='word_1_133' title='bbox 1570 2646 1792 2705; x_wconf 91' lang='lat' dir='ltr'><strong>utimur</strong></span> <span class='ocrx_word' id='word_1_134' title='bbox 1828 2645 2176 2718; x_wconf 74' lang='lat' dir='ltr'><strong>figurando:</strong></span> 
     </span>
     <span class='ocr_line' id='line_1_23' title="bbox 632 2739 2178 2805; baseline -0.005 -2"><span class='ocrx_word' id='word_1_135' title='bbox 632 2749 689 2804; x_wconf 90' lang='lat' dir='ltr'><strong>et</strong></span> <span class='ocrx_word' id='word_1_136' title='bbox 719 2744 996 2805; x_wconf 84' lang='lat' dir='ltr'><strong>virtutem</strong></span> <span class='ocrx_word' id='word_1_137' title='bbox 1045 2744 1310 2802; x_wconf 87' lang='lat' dir='ltr'><strong>nativam</strong></span> <span class='ocrx_word' id='word_1_138' title='bbox 1362 2746 1421 2800; x_wconf 86' lang='lat' dir='ltr'><strong>et</strong></span> <span class='ocrx_word' id='word_1_139' title='bbox 1466 2741 1750 2800; x_wconf 89' lang='lat' dir='ltr'><strong>motivam</strong></span> <span class='ocrx_word' id='word_1_140' title='bbox 1788 2739 2178 2798; x_wconf 83' lang='lat' dir='ltr'><strong>discernimus</strong></span> 
     </span>
     <span class='ocr_line' id='line_1_24' title="bbox 630 2834 2176 2914; baseline -0.006 -16"><span class='ocrx_word' id='word_1_141' title='bbox 630 2839 1025 2914; x_wconf 89' lang='lat' dir='ltr'><strong>ponderando</strong></span> <span class='ocrx_word' id='word_1_142' title='bbox 1058 2856 1073 2895; x_wconf 92' lang='lat'><strong>:</strong></span> <span class='ocrx_word' id='word_1_143' title='bbox 1103 2853 1242 2896; x_wconf 89' lang='lat' dir='ltr'><strong>ecce</strong></span> <span class='ocrx_word' id='word_1_144' title='bbox 1282 2837 1566 2894; x_wconf 88' lang='lat' dir='ltr'><strong>Dominus</strong></span> <span class='ocrx_word' id='word_1_145' title='bbox 1603 2836 1786 2894; x_wconf 89' lang='lat' dir='ltr'><strong>coelos</strong></span> <span class='ocrx_word' id='word_1_146' title='bbox 1810 2834 2176 2909; x_wconf 83' lang='lat' dir='ltr'><strong>ponderans.</strong></span> 
     </span>
     <span class='ocr_line' id='line_1_25' title="bbox 629 2929 2179 3004; baseline -0.004 -13"><span class='ocrx_word' id='word_1_147' title='bbox 629 2936 709 2991; x_wconf 94' lang='lat' dir='ltr'><strong>De</strong></span> <span class='ocrx_word' id='word_1_148' title='bbox 740 2932 1025 3004; x_wconf 90' lang='lat' dir='ltr'><strong>secund0,</strong></span> <span class='ocrx_word' id='word_1_149' title='bbox 1056 2931 1161 2990; x_wconf 88' lang='lat' dir='ltr'><strong>ubi</strong></span> <span class='ocrx_word' id='word_1_150' title='bbox 1191 2931 1338 2989; x_wconf 84' lang='lat' dir='ltr'><strong>dixit</strong></span> <span class='ocrx_word' id='word_1_151' title='bbox 1372 2947 1577 2989; x_wconf 82' lang='lat' dir='ltr'><strong>servus</strong></span> <span class='ocrx_word' id='word_1_152' title='bbox 1614 2929 1861 2987; x_wconf 91' lang='lat' dir='ltr'><strong>domino</strong></span> <span class='ocrx_word' id='word_1_153' title='bbox 1888 2931 1911 2963; x_wconf 86' lang='lat'><strong>¹</strong></span> <span class='ocrx_word' id='word_1_154' title='bbox 1941 2946 1958 2984; x_wconf 74' lang='grc' dir='ltr'><strong><em>ε</em></strong></span> <span class='ocrx_word' id='word_1_155' title='bbox 1992 2948 2022 2981; x_wconf 74' lang='grc' dir='ltr'><strong>α</strong></span> <span class='ocrx_word' id='word_1_156' title='bbox 2069 2930 2179 2985; x_wconf 91' lang='lat' dir='ltr'><strong>Do-</strong></span> 
     </span>
     <span class='ocr_line' id='line_1_26' title="bbox 629 3021 2178 3099; baseline -0.005 -13"><span class='ocrx_word' id='word_1_157' title='bbox 629 3027 820 3099; x_wconf 87' lang='lat' dir='ltr'><strong>mine,</strong></span> <span class='ocrx_word' id='word_1_158' title='bbox 846 3026 1067 3083; x_wconf 82' lang='lat' dir='ltr'><strong>factum</strong></span> <span class='ocrx_word' id='word_1_159' title='bbox 1094 3029 1211 3095; x_wconf 84' lang='lat' dir='ltr'><strong>est,</strong></span> <span class='ocrx_word' id='word_1_160' title='bbox 1247 3028 1313 3083; x_wconf 89' lang='lat' dir='ltr'><strong>ut</strong></span> <span class='ocrx_word' id='word_1_161' title='bbox 1338 3029 1403 3082; x_wconf 90' lang='lat' dir='ltr'><strong>tu</strong></span> <span class='ocrx_word' id='word_1_162' title='bbox 1429 3022 1752 3099; x_wconf 81' lang='lat' dir='ltr'><strong>imperasti.</strong></span> <span class='ocrx_word' id='word_1_163' title='bbox 1774 3042 1801 3077; x_wconf 76' lang='grc' dir='ltr'><strong>ι)</strong></span> <span class='ocrx_word' id='word_1_164' title='bbox 1836 3021 1993 3079; x_wconf 88' lang='lat' dir='ltr'><strong>Sicut</strong></span> <span class='ocrx_word' id='word_1_165' title='bbox 2019 3021 2178 3078; x_wconf 91' lang='lat' dir='ltr'><strong>enim</strong></span> 
     </span>
     <span class='ocr_line' id='line_1_27' title="bbox 630 3115 2179 3197; baseline -0.003 -17"><span class='ocrx_word' id='word_1_166' title='bbox 630 3121 947 3197; x_wconf 86' lang='lat' dir='ltr'><strong>imperanti</strong></span> <span class='ocrx_word' id='word_1_167' title='bbox 1004 3120 1251 3179; x_wconf 92' lang='lat' dir='ltr'><strong>domino</strong></span> <span class='ocrx_word' id='word_1_168' title='bbox 1316 3117 1707 3194; x_wconf 89' lang='lat' dir='ltr'><strong>respondetur</strong></span> <span class='ocrx_word' id='word_1_169' title='bbox 1761 3116 1839 3176; x_wconf 91' lang='lat' dir='ltr'><strong>ab</strong></span> <span class='ocrx_word' id='word_1_170' title='bbox 1899 3115 2037 3190; x_wconf 91' lang='lat' dir='ltr'><strong>illo,</strong></span> <span class='ocrx_word' id='word_1_171' title='bbox 2093 3116 2179 3175; x_wconf 87' lang='lat' dir='ltr'><strong>sic</strong></span> 
     </span>
     <span class='ocr_line' id='line_1_28' title="bbox 631 3210 2178 3291; baseline -0.005 -17"><span class='ocrx_word' id='word_1_172' title='bbox 631 3215 944 3291; x_wconf 84' lang='lat' dir='ltr'><strong>imperanti</strong></span> <span class='ocrx_word' id='word_1_173' title='bbox 990 3213 1242 3272; x_wconf 91' lang='lat' dir='ltr'><strong>Domino</strong></span> <span class='ocrx_word' id='word_1_174' title='bbox 1290 3212 1680 3288; x_wconf 88' lang='lat' dir='ltr'><strong>respondetur</strong></span> <span class='ocrx_word' id='word_1_175' title='bbox 1728 3227 1765 3269; x_wconf 92' lang='lat' dir='ltr'><strong>a</strong></span> <span class='ocrx_word' id='word_1_176' title='bbox 1820 3210 2015 3268; x_wconf 88' lang='lat' dir='ltr'><strong>coelo:</strong></span> <span class='ocrx_word' id='word_1_177' title='bbox 2065 3211 2178 3268; x_wconf 90' lang='lat' dir='ltr'><strong>nisi</strong></span> 
     </span>
     <span class='ocr_line' id='line_1_29' title="bbox 633 3305 2180 3384; baseline -0.004 -17"><span class='ocrx_word' id='word_1_178' title='bbox 633 3309 796 3384; x_wconf 87' lang='lat' dir='ltr'><strong>quod</strong></span> <span class='ocrx_word' id='word_1_179' title='bbox 824 3307 1218 3382; x_wconf 86' lang='lat' dir='ltr'><strong>respondetur</strong></span> <span class='ocrx_word' id='word_1_180' title='bbox 1258 3307 1336 3366; x_wconf 91' lang='lat' dir='ltr'><strong>ab</strong></span> <span class='ocrx_word' id='word_1_181' title='bbox 1378 3306 1486 3365; x_wconf 90' lang='lat' dir='ltr'><strong>illo</strong></span> <span class='ocrx_word' id='word_1_182' title='bbox 1521 3311 1807 3381; x_wconf 86' lang='lat' dir='ltr'><strong>tanquam</strong></span> <span class='ocrx_word' id='word_1_183' title='bbox 1834 3321 2005 3363; x_wconf 87' lang='lat' dir='ltr'><strong>servo</strong></span> <span class='ocrx_word' id='word_1_184' title='bbox 2051 3305 2180 3362; x_wconf 89' lang='lat' dir='ltr'><strong>ani·</strong></span> 
     </span>
     <span class='ocr_line' id='line_1_30' title="bbox 633 3398 2177 3474; baseline -0.004 -13"><span class='ocrx_word' id='word_1_185' title='bbox 633 3407 824 3474; x_wconf 76' lang='lat' dir='ltr'><strong>mato:</strong></span> <span class='ocrx_word' id='word_1_186' title='bbox 853 3402 935 3461; x_wconf 89' lang='lat' dir='ltr'><strong>ab</strong></span> <span class='ocrx_word' id='word_1_187' title='bbox 961 3402 1073 3461; x_wconf 89' lang='lat' dir='ltr'><strong>isto</strong></span> <span class='ocrx_word' id='word_1_188' title='bbox 1103 3417 1247 3459; x_wconf 92' lang='lat' dir='ltr'><strong>vero</strong></span> <span class='ocrx_word' id='word_1_189' title='bbox 1261 3443 1281 3473; x_wconf 99' lang='lat'><strong>,</strong></span> <span class='ocrx_word' id='word_1_190' title='bbox 1310 3405 1594 3474; x_wconf 84' lang='lat' dir='ltr'><strong>tanquam</strong></span> <span class='ocrx_word' id='word_1_191' title='bbox 1631 3415 1803 3458; x_wconf 86' lang='lat' dir='ltr'><strong>servo</strong></span> <span class='ocrx_word' id='word_1_192' title='bbox 1830 3398 2177 3457; x_wconf 88' lang='lat' dir='ltr'><strong>inanimato.</strong></span> 
     </span>
     <span class='ocr_line' id='line_1_31' title="bbox 632 3491 2179 3569; baseline -0.006 -13"><span class='ocrx_word' id='word_1_193' title='bbox 632 3494 847 3556; x_wconf 77' lang='lat' dir='ltr'><strong>Abillo</strong></span> <span class='ocrx_word' id='word_1_194' title='bbox 874 3494 1267 3569; x_wconf 88' lang='lat' dir='ltr'><strong>respondetur</strong></span> <span class='ocrx_word' id='word_1_195' title='bbox 1306 3493 1462 3551; x_wconf 88' lang='lat' dir='ltr'><strong>dicto</strong></span> <span class='ocrx_word' id='word_1_196' title='bbox 1486 3511 1504 3564; x_wconf 82' lang='lat'>3</span> <span class='ocrx_word' id='word_1_197' title='bbox 1536 3492 1614 3550; x_wconf 90' lang='lat' dir='ltr'><strong>ab</strong></span> <span class='ocrx_word' id='word_1_198' title='bbox 1640 3491 1753 3549; x_wconf 90' lang='lat' dir='ltr'><strong>isto</strong></span> <span class='ocrx_word' id='word_1_199' title='bbox 1787 3491 2179 3566; x_wconf 89' lang='lat' dir='ltr'><strong>respondetur</strong></span> 
     </span>
     <span class='ocr_line' id='line_1_32' title="bbox 631 3584 2180 3660; baseline -0.003 -14"><span class='ocrx_word' id='word_1_200' title='bbox 631 3589 786 3649; x_wconf 84' lang='lat' dir='ltr'><strong>facto</strong></span> <span class='ocrx_word' id='word_1_201' title='bbox 831 3609 846 3647; x_wconf 93' lang='lat'><strong>:</strong></span> <span class='ocrx_word' id='word_1_202' title='bbox 896 3605 1031 3648; x_wconf 89' lang='lat' dir='ltr'><strong>ecce</strong></span> <span class='ocrx_word' id='word_1_203' title='bbox 1071 3587 1352 3647; x_wconf 87' lang='lat' dir='ltr'><strong>Dominus</strong></span> <span class='ocrx_word' id='word_1_204' title='bbox 1389 3585 1551 3643; x_wconf 86' lang='lat' dir='ltr'><strong>coelis</strong></span> <span class='ocrx_word' id='word_1_205' title='bbox 1594 3584 1910 3660; x_wconf 77' lang='lat' dir='ltr'><strong>imperanS.</strong></span> <span class='ocrx_word' id='word_1_206' title='bbox 1953 3587 2030 3642; x_wconf 91' lang='lat' dir='ltr'><strong>De</strong></span> <span class='ocrx_word' id='word_1_207' title='bbox 2071 3589 2180 3641; x_wconf 89' lang='lat' dir='ltr'><strong>ter-</strong></span> 
     </span>
     <span class='ocr_line' id='line_1_33' title="bbox 632 3677 2178 3753; baseline -0.004 -12"><span class='ocrx_word' id='word_1_208' title='bbox 632 3684 716 3743; x_wconf 78' lang='lat' dir='ltr'><strong>tio</strong></span> <span class='ocrx_word' id='word_1_209' title='bbox 739 3686 762 3721; x_wconf 83' lang='lat'>⁸</span> <span class='ocrx_word' id='word_1_210' title='bbox 796 3702 812 3742; x_wconf 91' lang='lat'><strong>:</strong></span> <span class='ocrx_word' id='word_1_211' title='bbox 861 3704 891 3738; x_wconf 75' lang='grc' dir='ltr'><strong>α</strong></span> <span class='ocrx_word' id='word_1_212' title='bbox 928 3681 1202 3753; x_wconf 89' lang='lat' dir='ltr'><strong>Domine,</strong></span> <span class='ocrx_word' id='word_1_213' title='bbox 1244 3679 1419 3738; x_wconf 88' lang='lat' dir='ltr'><strong>dabis</strong></span> <span class='ocrx_word' id='word_1_214' title='bbox 1454 3694 1665 3753; x_wconf 89' lang='lat' dir='ltr'><strong>pacem</strong></span> <span class='ocrx_word' id='word_1_215' title='bbox 1702 3677 1881 3737; x_wconf 89' lang='lat' dir='ltr'><strong>nobis</strong></span> <span class='ocrx_word' id='word_1_216' title='bbox 1928 3695 1943 3733; x_wconf 91' lang='lat'><strong>:</strong></span> <span class='ocrx_word' id='word_1_217' title='bbox 1975 3677 2178 3736; x_wconf 90' lang='lat' dir='ltr'><strong>omnia</strong></span> 
     </span>
     <span class='ocr_line' id='line_1_34' title="bbox 635 3771 2178 3852; baseline -0.004 -17"><span class='ocrx_word' id='word_1_218' title='bbox 635 3778 795 3835; x_wconf 90' lang='lat' dir='ltr'><strong>enim</strong></span> <span class='ocrx_word' id='word_1_219' title='bbox 822 3791 1008 3852; x_wconf 87' lang='lat' dir='ltr'><strong>opera</strong></span> <span class='ocrx_word' id='word_1_220' title='bbox 1038 3778 1241 3833; x_wconf 90' lang='lat' dir='ltr'><strong>nostra</strong></span> <span class='ocrx_word' id='word_1_221' title='bbox 1281 3777 1558 3847; x_wconf 86' lang='lat' dir='ltr'><strong>operatus</strong></span> <span class='ocrx_word' id='word_1_222' title='bbox 1585 3789 1648 3830; x_wconf 91' lang='lat' dir='ltr'><strong>es</strong></span> <span class='ocrx_word' id='word_1_223' title='bbox 1689 3771 1866 3829; x_wconf 87' lang='lat' dir='ltr'><strong>nobis</strong></span> <span class='ocrx_word' id='word_1_224' title='bbox 1883 3791 1902 3843; x_wconf 89' lang='lat'>;</span> <span class='ocrx_word' id='word_1_225' title='bbox 1939 3792 1969 3826; x_wconf 69' lang='grc' dir='ltr'><strong>υ</strong></span> <span class='ocrx_word' id='word_1_226' title='bbox 2008 3772 2178 3845; x_wconf 84' lang='lat' dir='ltr'><strong>quasi</strong></span> 
     </span>
     <span class='ocr_line' id='line_1_35' title="bbox 634 3864 2179 3940; baseline -0.005 -11"><span class='ocrx_word' id='word_1_227' title='bbox 634 3871 855 3929; x_wconf 87' lang='lat' dir='ltr'><strong>diceret</strong></span> <span class='ocrx_word' id='word_1_228' title='bbox 885 3889 899 3927; x_wconf 94' lang='lat'><strong>:</strong></span> <span class='ocrx_word' id='word_1_229' title='bbox 928 3873 1173 3940; x_wconf 79' lang='lat' dir='ltr'><strong>Domine,</strong></span> <span class='ocrx_word' id='word_1_230' title='bbox 1203 3869 1359 3925; x_wconf 79' lang='lat' dir='ltr'><strong>dabis</strong></span> <span class='ocrx_word' id='word_1_231' title='bbox 1391 3883 1577 3940; x_wconf 82' lang='lat' dir='ltr'><strong>pacem</strong></span> <span class='ocrx_word' id='word_1_232' title='bbox 1612 3866 1786 3936; x_wconf 77' lang='lat' dir='ltr'><strong>nobis,</strong></span> <span class='ocrx_word' id='word_1_233' title='bbox 1814 3864 2089 3923; x_wconf 88' lang='lat' dir='ltr'><strong>videlicet</strong></span> <span class='ocrx_word' id='word_1_234' title='bbox 2114 3865 2179 3923; x_wconf 88' lang='lat' dir='ltr'><strong>in</strong></span> 
     </span>
     <span class='ocr_line' id='line_1_36' title="bbox 635 3958 2177 4034; baseline -0.004 -12"><span class='ocrx_word' id='word_1_235' title='bbox 635 3964 797 4022; x_wconf 84' lang='lat' dir='ltr'><strong>coelis</strong></span> <span class='ocrx_word' id='word_1_236' title='bbox 817 3984 833 4021; x_wconf 93' lang='lat'><strong>:</strong></span> <span class='ocrx_word' id='word_1_237' title='bbox 851 3965 1034 4020; x_wconf 78' lang='lat' dir='ltr'><strong>omnia</strong></span> <span class='ocrx_word' id='word_1_238' title='bbox 1049 3965 1193 4019; x_wconf 81' lang='lat' dir='ltr'><strong>enim</strong></span> <span class='ocrx_word' id='word_1_239' title='bbox 1218 3976 1381 4034; x_wconf 79' lang='lat' dir='ltr'><strong>opera</strong></span> <span class='ocrx_word' id='word_1_240' title='bbox 1397 3967 1605 4031; x_wconf 82' lang='lat' dir='ltr'><strong>nostra,</strong></span> <span class='ocrx_word' id='word_1_241' title='bbox 1623 3958 1827 4018; x_wconf 86' lang='lat' dir='ltr'><strong>salutis</strong></span> <span class='ocrx_word' id='word_1_242' title='bbox 1854 3958 2177 4032; x_wconf 83' lang='lat' dir='ltr'><strong>meritoria,</strong></span> 
     </span>
     <span class='ocr_line' id='line_1_37' title="bbox 636 4053 2175 4132; baseline -0.004 -15"><span class='ocrx_word' id='word_1_243' title='bbox 636 4065 886 4132; x_wconf 76' lang='lat' dir='ltr'><strong>operatus</strong></span> <span class='ocrx_word' id='word_1_244' title='bbox 944 4074 997 4115; x_wconf 85' lang='lat' dir='ltr'><strong>es</strong></span> <span class='ocrx_word' id='word_1_245' title='bbox 1051 4058 1222 4128; x_wconf 80' lang='lat' dir='ltr'><strong>nobis,</strong></span> <span class='ocrx_word' id='word_1_246' title='bbox 1268 4055 1487 4113; x_wconf 88' lang='lat' dir='ltr'><strong>scilicet</strong></span> <span class='ocrx_word' id='word_1_247' title='bbox 1538 4053 1935 4113; x_wconf 86' lang='lat' dir='ltr'><strong>mediantibus</strong></span> <span class='ocrx_word' id='word_1_248' title='bbox 1990 4054 2175 4126; x_wconf 75' lang='lat' dir='ltr'><strong>coeIiS,</strong></span> 
     </span>
     <span class='ocr_line' id='line_1_38' title="bbox 636 4148 2176 4227; baseline -0.003 -16"><span class='ocrx_word' id='word_1_249' title='bbox 636 4155 921 4227; x_wconf 86' lang='lat' dir='ltr'><strong>tanquam</strong></span> <span class='ocrx_word' id='word_1_250' title='bbox 964 4150 1211 4209; x_wconf 87' lang='lat' dir='ltr'><strong>vivificis</strong></span> <span class='ocrx_word' id='word_1_251' title='bbox 1258 4150 1600 4208; x_wconf 85' lang='lat' dir='ltr'><strong>mortalium</strong></span> <span class='ocrx_word' id='word_1_252' title='bbox 1642 4164 1955 4223; x_wconf 90' lang='lat' dir='ltr'><strong>corporum</strong></span> <span class='ocrx_word' id='word_1_253' title='bbox 2004 4148 2176 4220; x_wconf 83' lang='lat' dir='ltr'><strong>adiu-</strong></span> 
     </span>
     <span class='ocr_line' id='line_1_39' title="bbox 638 4242 2007 4318; baseline -0.004 -14"><span class='ocrx_word' id='word_1_254' title='bbox 638 4244 850 4304; x_wconf 89' lang='lat' dir='ltr'><strong>mentis</strong></span> <span class='ocrx_word' id='word_1_255' title='bbox 877 4263 892 4302; x_wconf 91' lang='lat'><strong>:</strong></span> <span class='ocrx_word' id='word_1_256' title='bbox 930 4260 1063 4303; x_wconf 91' lang='lat' dir='ltr'><strong>ecce</strong></span> <span class='ocrx_word' id='word_1_257' title='bbox 1091 4243 1372 4303; x_wconf 91' lang='lat' dir='ltr'><strong>Dominus</strong></span> <span class='ocrx_word' id='word_1_258' title='bbox 1392 4259 1499 4318; x_wconf 89' lang='lat' dir='ltr'><strong>per</strong></span> <span class='ocrx_word' id='word_1_259' title='bbox 1527 4242 1706 4301; x_wconf 87' lang='lat' dir='ltr'><strong>coelos</strong></span> <span class='ocrx_word' id='word_1_260' title='bbox 1734 4257 2007 4317; x_wconf 80' lang='lat' dir='ltr'><strong>operans,</strong></span> 
     </span>
    </p>
   </div>
   <div class='ocr_carea' id='block_1_4' title="bbox 1114 4403 1699 4482">
    <p class='ocr_par' dir='ltr' id='par_1_4' title="bbox 1114 4403 1699 4482">
     <span class='ocr_line' id='line_1_40' title="bbox 1114 4403 1699 4482; baseline -0.005 -20"><span class='ocrx_word' id='word_1_261' title='bbox 1114 4407 1391 4463; x_wconf 76' lang='lat' dir='ltr'><strong>Articulus</strong></span> <span class='ocrx_word' id='word_1_262' title='bbox 1419 4403 1699 4482; x_wconf 66' lang='lat' dir='ltr'><strong>secundus.</strong></span> 
     </span>
    </p>
   </div>
   <div class='ocr_carea' id='block_1_5' title="bbox 638 4525 2181 5262">
    <p class='ocr_par' dir='ltr' id='par_1_5' title="bbox 638 4525 2181 5262">
     <span class='ocr_line' id='line_1_41' title="bbox 712 4525 2180 4606; baseline -0.005 -16"><span class='ocrx_word' id='word_1_263' title='bbox 712 4533 1069 4606; x_wconf 81' lang='lat' dir='ltr'><strong>imperatum</strong></span> <span class='ocrx_word' id='word_1_264' title='bbox 1094 4529 1416 4600; x_wconf 90' lang='lat' dir='ltr'><strong>intimatur,</strong></span> <span class='ocrx_word' id='word_1_265' title='bbox 1444 4543 1580 4586; x_wconf 91' lang='lat' dir='ltr'><strong>cum</strong></span> <span class='ocrx_word' id='word_1_266' title='bbox 1607 4525 1915 4584; x_wconf 81' lang='lat' dir='ltr'><strong>subditur:</strong></span> <span class='ocrx_word' id='word_1_267' title='bbox 1949 4528 2180 4584; x_wconf 75' lang='lat' dir='ltr'><strong>Verbum</strong></span> 
     </span>
     <span class='ocr_line' id='line_1_42' title="bbox 641 4620 2178 4699; baseline -0.004 -16"><span class='ocrx_word' id='word_1_268' title='bbox 641 4631 816 4695; x_wconf 76' lang='lat' dir='ltr'><strong>tuum,</strong></span> <span class='ocrx_word' id='word_1_269' title='bbox 852 4640 959 4699; x_wconf 89' lang='lat' dir='ltr'><strong>per</strong></span> <span class='ocrx_word' id='word_1_270' title='bbox 982 4624 1098 4681; x_wconf 90' lang='lat' dir='ltr'><strong>hoc</strong></span> <span class='ocrx_word' id='word_1_271' title='bbox 1130 4622 1460 4680; x_wconf 86' lang='lat' dir='ltr'><strong>intimando</strong></span> <span class='ocrx_word' id='word_1_272' title='bbox 1498 4624 1727 4678; x_wconf 90' lang='lat' dir='ltr'><strong>motum</strong></span> <span class='ocrx_word' id='word_1_273' title='bbox 1770 4620 1958 4678; x_wconf 87' lang='lat' dir='ltr'><strong>verbo</strong></span> <span class='ocrx_word' id='word_1_274' title='bbox 1991 4620 2178 4694; x_wconf 89' lang='lat' dir='ltr'><strong>impe-</strong></span> 
     </span>
     <span class='ocr_line' id='line_1_43' title="bbox 639 4714 2179 4789; baseline -0.005 -11"><span class='ocrx_word' id='word_1_275' title='bbox 639 4724 856 4778; x_wconf 89' lang='lat' dir='ltr'><strong>ratum.</strong></span> <span class='ocrx_word' id='word_1_276' title='bbox 880 4716 1213 4776; x_wconf 87' lang='lat' dir='ltr'><strong>Notandum</strong></span> <span class='ocrx_word' id='word_1_277' title='bbox 1241 4731 1383 4789; x_wconf 80' lang='lat' dir='ltr'><strong>ergo</strong></span> <span class='ocrx_word' id='word_1_278' title='bbox 1411 4730 1590 4789; x_wconf 89' lang='lat' dir='ltr'><strong>super</strong></span> <span class='ocrx_word' id='word_1_279' title='bbox 1614 4714 1730 4772; x_wconf 87' lang='lat' dir='ltr'><strong>boc</strong></span> <span class='ocrx_word' id='word_1_280' title='bbox 1759 4714 1977 4785; x_wconf 90' lang='lat' dir='ltr'><strong>verbo,</strong></span> <span class='ocrx_word' id='word_1_281' title='bbox 2010 4714 2179 4788; x_wconf 90' lang='lat' dir='ltr'><strong>quod</strong></span> 
     </span>
     <span class='ocr_line' id='line_1_44' title="bbox 638 4801 2180 4886; baseline -0.005 -15"><span class='ocrx_word' id='word_1_282' title='bbox 638 4828 747 4886; x_wconf 90' lang='lat' dir='ltr'><strong>per</strong></span> <span class='ocrx_word' id='word_1_283' title='bbox 771 4812 1028 4871; x_wconf 80' lang='lat' dir='ltr'><strong>Verbum</strong></span> <span class='ocrx_word' id='word_1_284' title='bbox 1054 4809 1188 4868; x_wconf 87' lang='lat' dir='ltr'><strong>coeli</strong></span> <span class='ocrx_word' id='word_1_285' title='bbox 1216 4813 1353 4867; x_wconf 86' lang='lat' dir='ltr'><strong>sunt</strong></span> <span class='ocrx_word' id='word_1_286' title='bbox 1377 4808 1508 4867; x_wconf 89' lang='lat' dir='ltr'><strong>facti</strong></span> <span class='ocrx_word' id='word_1_287' title='bbox 1529 4850 1548 4880; x_wconf 90' lang='lat'><strong>,</strong></span> <span class='ocrx_word' id='word_1_288' title='bbox 1577 4801 1813 4880; x_wconf 79' lang='lat' dir='ltr'><strong>firmati,</strong></span> <span class='ocrx_word' id='word_1_289' title='bbox 1836 4812 2012 4882; x_wconf 89' lang='lat' dir='ltr'><strong>atque</strong></span> <span class='ocrx_word' id='word_1_290' title='bbox 2037 4821 2180 4881; x_wconf 88' lang='lat' dir='ltr'><strong>por-</strong></span> 
     </span>
     <span class='ocr_line' id='line_1_45' title="bbox 639 4901 2178 4977; baseline -0.004 -12"><span class='ocrx_word' id='word_1_291' title='bbox 639 4907 762 4977; x_wconf 77' lang='lat' dir='ltr'><strong>tati,</strong></span> <span class='ocrx_word' id='word_1_292' title='bbox 789 4911 855 4964; x_wconf 87' lang='lat' dir='ltr'><strong>ut</strong></span> <span class='ocrx_word' id='word_1_293' title='bbox 878 4904 1054 4964; x_wconf 82' lang='lat' dir='ltr'><strong>factio</strong></span> <span class='ocrx_word' id='word_1_294' title='bbox 1080 4902 1360 4961; x_wconf 79' lang='lat' dir='ltr'><strong>referatur</strong></span> <span class='ocrx_word' id='word_1_295' title='bbox 1389 4902 1469 4961; x_wconf 87' lang='lat' dir='ltr'><strong>ad</strong></span> <span class='ocrx_word' id='word_1_296' title='bbox 1490 4902 1870 4960; x_wconf 87' lang='lat' dir='ltr'><strong>subtilitatem</strong></span> <span class='ocrx_word' id='word_1_297' title='bbox 1901 4901 2178 4960; x_wconf 86' lang='lat' dir='ltr'><strong>materia-</strong></span> 
     </span>
     <span class='ocr_line' id='line_1_46' title="bbox 638 4995 2178 5071; baseline -0.003 -15"><span class='ocrx_word' id='word_1_298' title='bbox 638 4998 781 5071; x_wconf 91' lang='lat' dir='ltr'><strong>lem,</strong></span> <span class='ocrx_word' id='word_1_299' title='bbox 824 4997 1081 5056; x_wconf 86' lang='lat' dir='ltr'><strong>firmatio</strong></span> <span class='ocrx_word' id='word_1_300' title='bbox 1119 4998 1198 5054; x_wconf 90' lang='lat' dir='ltr'><strong>ad</strong></span> <span class='ocrx_word' id='word_1_301' title='bbox 1254 4995 1631 5054; x_wconf 88' lang='lat' dir='ltr'><strong>stabilitatem</strong></span> <span class='ocrx_word' id='word_1_302' title='bbox 1667 4995 1998 5067; x_wconf 78' lang='lat' dir='ltr'><strong>formalem,</strong></span> <span class='ocrx_word' id='word_1_303' title='bbox 2040 5009 2178 5069; x_wconf 90' lang='lat' dir='ltr'><strong>por-</strong></span> 
     </span>
     <span class='ocr_line' id='line_1_47' title="bbox 640 5088 2178 5165; baseline -0.003 -14"><span class='ocrx_word' id='word_1_304' title='bbox 640 5093 785 5151; x_wconf 90' lang='lat' dir='ltr'><strong>tatio</strong></span> <span class='ocrx_word' id='word_1_305' title='bbox 808 5093 889 5151; x_wconf 89' lang='lat' dir='ltr'><strong>ad</strong></span> <span class='ocrx_word' id='word_1_306' title='bbox 915 5092 1222 5150; x_wconf 86' lang='lat' dir='ltr'><strong>utilitatem</strong></span> <span class='ocrx_word' id='word_1_307' title='bbox 1246 5090 1508 5149; x_wconf 85' lang='lat' dir='ltr'><strong>finalem.</strong></span> <span class='ocrx_word' id='word_1_308' title='bbox 1542 5093 1619 5148; x_wconf 92' lang='lat' dir='ltr'><strong>De</strong></span> <span class='ocrx_word' id='word_1_309' title='bbox 1652 5090 1847 5165; x_wconf 90' lang='lat' dir='ltr'><strong>primo</strong></span> <span class='ocrx_word' id='word_1_310' title='bbox 1874 5088 1897 5121; x_wconf 71' lang='lat'>⁸</span> <span class='ocrx_word' id='word_1_311' title='bbox 1929 5108 1945 5147; x_wconf 91' lang='lat'><strong>:</strong></span> <span class='ocrx_word' id='word_1_312' title='bbox 1983 5110 2013 5144; x_wconf 72' lang='grc' dir='ltr'>κ</span> <span class='ocrx_word' id='word_1_313' title='bbox 2040 5089 2178 5147; x_wconf 89' lang='lat' dir='ltr'><strong>Om-</strong></span> 
     </span>
     <span class='ocr_line' id='line_1_48' title="bbox 639 5182 2181 5262; baseline -0.005 -16"><span class='ocrx_word' id='word_1_314' title='bbox 639 5187 741 5246; x_wconf 90' lang='lat' dir='ltr'><strong>nia</strong></span> <span class='ocrx_word' id='word_1_315' title='bbox 782 5202 893 5262; x_wconf 88' lang='lat' dir='ltr'><strong>per</strong></span> <span class='ocrx_word' id='word_1_316' title='bbox 929 5186 1125 5261; x_wconf 84' lang='lat' dir='ltr'><strong>ipsum</strong></span> <span class='ocrx_word' id='word_1_317' title='bbox 1163 5184 1314 5242; x_wconf 84' lang='lat' dir='ltr'><strong>facta</strong></span> <span class='ocrx_word' id='word_1_318' title='bbox 1358 5187 1533 5242; x_wconf 87' lang='lat' dir='ltr'><strong>sunt:</strong></span> <span class='ocrx_word' id='word_1_319' title='bbox 1589 5204 1617 5239; x_wconf 75' lang='lat' dir='ltr'>n</span> <span class='ocrx_word' id='word_1_320' title='bbox 1665 5199 1809 5256; x_wconf 81' lang='lat' dir='ltr'><strong>ergo</strong></span> <span class='ocrx_word' id='word_1_321' title='bbox 1863 5182 1997 5242; x_wconf 88' lang='lat' dir='ltr'><strong>coeli</strong></span> <span class='ocrx_word' id='word_1_322' title='bbox 2043 5183 2181 5240; x_wconf 91' lang='lat' dir='ltr'><strong>sunt</strong></span> 
     </span>
    </p>
   </div>
   <div class='ocr_carea' id='block_1_6' title="bbox 641 5311 2178 5447">
    <p class='ocr_par' dir='ltr' id='par_1_6' title="bbox 641 5311 2178 5447">
     <span class='ocr_line' id='line_1_49' title="bbox 708 5311 2178 5377; baseline -0.003 -14"><span class='ocrx_word' id='word_1_323' title='bbox 708 5316 720 5345; x_wconf 82' lang='lat'><strong>¹</strong></span> <span class='ocrx_word' id='word_1_324' title='bbox 752 5314 871 5377; x_wconf 66' lang='lat' dir='ltr'><strong>Ira„</strong></span> <span class='ocrx_word' id='word_1_325' title='bbox 899 5325 984 5377; x_wconf 69' lang='lat' dir='ltr'><strong>xa,</strong></span> <span class='ocrx_word' id='word_1_326' title='bbox 1016 5314 1092 5376; x_wconf 83' lang='lat'><strong>10,</strong></span> <span class='ocrx_word' id='word_1_327' title='bbox 1124 5315 1202 5362; x_wconf 76' lang='lat'><strong>12.</strong></span> <span class='ocrx_word' id='word_1_328' title='bbox 1222 5337 1281 5351; x_wconf 90' lang='lat'>—</span> <span class='ocrx_word' id='word_1_329' title='bbox 1310 5311 1330 5342; x_wconf 85' lang='lat'>²</span> <span class='ocrx_word' id='word_1_330' title='bbox 1355 5311 1493 5374; x_wconf 65' lang='lat' dir='ltr'><strong>Luc„</strong></span> <span class='ocrx_word' id='word_1_331' title='bbox 1521 5323 1631 5374; x_wconf 77' lang='lat' dir='ltr'><strong>xiv,</strong></span> <span class='ocrx_word' id='word_1_332' title='bbox 1656 5313 1735 5361; x_wconf 74' lang='lat'><strong>22.</strong></span> <span class='ocrx_word' id='word_1_333' title='bbox 1758 5336 1821 5349; x_wconf 91' lang='lat'>—</span> <span class='ocrx_word' id='word_1_334' title='bbox 1846 5311 1869 5348; x_wconf 80' lang='lat'>⁸</span> <span class='ocrx_word' id='word_1_335' title='bbox 1890 5313 2008 5374; x_wconf 61' lang='lat' dir='ltr'><strong>Ira„</strong></span> <span class='ocrx_word' id='word_1_336' title='bbox 2034 5320 2178 5373; x_wconf 78' lang='lat' dir='ltr'><strong>xxvi,</strong></span> 
     </span>
     <span class='ocr_line' id='line_1_50' title="bbox 641 5380 2176 5447; baseline -0.007 -7"><span class='ocrx_word' id='word_1_337' title='bbox 641 5388 721 5440; x_wconf 74' lang='lat'><strong>22.</strong></span> <span class='ocrx_word' id='word_1_338' title='bbox 749 5409 808 5424; x_wconf 86' lang='lat'><strong>--</strong></span> <span class='ocrx_word' id='word_1_339' title='bbox 835 5386 854 5416; x_wconf 80' lang='lat'><strong>⁴</strong></span> <span class='ocrx_word' id='word_1_340' title='bbox 880 5385 1023 5447; x_wconf 72' lang='lat' dir='ltr'><strong>leun,</strong></span> <span class='ocrx_word' id='word_1_341' title='bbox 1051 5394 1099 5446; x_wconf 89' lang='lat'><strong>1,</strong></span> <span class='ocrx_word' id='word_1_342' title='bbox 1126 5386 1176 5433; x_wconf 91' lang='grc'><strong>3.</strong></span> <span class='ocrx_word' id='word_1_343' title='bbox 1203 5408 1266 5421; x_wconf 90' lang='grc'><strong>-</strong></span> <span class='ocrx_word' id='word_1_344' title='bbox 1303 5384 1321 5414; x_wconf 76' lang='lat'><strong>⁶</strong></span> <span class='ocrx_word' id='word_1_345' title='bbox 1349 5383 1488 5435; x_wconf 73' lang='lat' dir='ltr'><strong>Peal.</strong></span> <span class='ocrx_word' id='word_1_346' title='bbox 1517 5395 1695 5445; x_wconf 79' lang='lat' dir='ltr'><strong>xxxii,</strong></span> <span class='ocrx_word' id='word_1_347' title='bbox 1726 5386 1774 5434; x_wconf 81' lang='grc'><strong>6.</strong></span> <span class='ocrx_word' id='word_1_348' title='bbox 1803 5408 1866 5421; x_wconf 91' lang='grc'>-</span> <span class='ocrx_word' id='word_1_349' title='bbox 1891 5383 1915 5418; x_wconf 75' lang='lat'>⁸</span> <span class='ocrx_word' id='word_1_350' title='bbox 1941 5380 2112 5443; x_wconf 64' lang='lat' dir='ltr'><strong>Helm,</strong></span> <span class='ocrx_word' id='word_1_351' title='bbox 2140 5393 2176 5444; x_wconf 86' lang='lat'><strong>1,</strong></span> 
     </span>
    </p>
   </div>
   <div class='ocr_carea' id='block_1_7' title="bbox 1675 446 2780 515">
    <p class='ocr_par' dir='ltr' id='par_1_7' title="bbox 1675 446 2780 515">
     <span class='ocr_line' id='line_1_51' title="bbox 1675 446 2780 515; baseline 0.003 -4"><span class='ocrx_word' id='word_1_352' title='bbox 1675 446 2086 514; x_wconf 84' lang='lat' dir='ltr'><strong>EXPOSITIO</strong></span> <span class='ocrx_word' id='word_1_353' title='bbox 2130 446 2212 513; x_wconf 88' lang='lat' dir='ltr'><strong>IN</strong></span> <span class='ocrx_word' id='word_1_354' title='bbox 2255 447 2780 515; x_wconf 76' lang='lat' dir='ltr'><strong>PSALTEmUM.</strong></span> 
     </span>
    </p>
   </div>
   <div class='ocr_carea' id='block_1_8' title="bbox 2278 583 3813 926">
    <p class='ocr_par' dir='ltr' id='par_1_8' title="bbox 2278 583 3813 926">
     <span class='ocr_line' id='line_1_52' title="bbox 2278 583 3811 645; baseline 0.003 -5"><span class='ocrx_word' id='word_1_355' title='bbox 2278 584 2464 643; x_wconf 91' lang='lat' dir='ltr'><strong>verbo</strong></span> <span class='ocrx_word' id='word_1_356' title='bbox 2516 584 2653 643; x_wconf 84' lang='lat' dir='ltr'><strong>facti</strong></span> <span class='ocrx_word' id='word_1_357' title='bbox 2681 605 2698 640; x_wconf 77' lang='grc' dir='ltr'><strong><em>ε</em></strong></span> <span class='ocrx_word' id='word_1_358' title='bbox 2749 600 2885 642; x_wconf 91' lang='lat' dir='ltr'><strong>ecce</strong></span> <span class='ocrx_word' id='word_1_359' title='bbox 2923 583 3098 643; x_wconf 85' lang='lat' dir='ltr'><strong>Verbi</strong></span> <span class='ocrx_word' id='word_1_360' title='bbox 3132 583 3379 643; x_wconf 78' lang='lat' dir='ltr'><strong>factura.</strong></span> <span class='ocrx_word' id='word_1_361' title='bbox 3429 586 3507 643; x_wconf 91' lang='lat' dir='ltr'><strong>De</strong></span> <span class='ocrx_word' id='word_1_362' title='bbox 3550 586 3811 645; x_wconf 86' lang='lat' dir='ltr'><strong>secundo</strong></span> 
     </span>
     <span class='ocr_line' id='line_1_53' title="bbox 2280 676 3806 737; baseline -0.001 -2"><span class='ocrx_word' id='word_1_363' title='bbox 2280 678 2509 737; x_wconf 88' lang='lat' dir='ltr'><strong>canitur</strong></span> <span class='ocrx_word' id='word_1_364' title='bbox 2529 680 2551 714; x_wconf 87' lang='lat'>⁸</span> <span class='ocrx_word' id='word_1_365' title='bbox 2583 698 2596 735; x_wconf 74' lang='grc' dir='ltr'>ε</span> <span class='ocrx_word' id='word_1_366' title='bbox 2636 698 2664 732; x_wconf 78' lang='grc' dir='ltr'><strong>α</strong></span> <span class='ocrx_word' id='word_1_367' title='bbox 2687 679 2879 736; x_wconf 83' lang='lat' dir='ltr'><strong>Verbo</strong></span> <span class='ocrx_word' id='word_1_368' title='bbox 2907 676 3140 736; x_wconf 86' lang='lat' dir='ltr'><strong>Domini</strong></span> <span class='ocrx_word' id='word_1_369' title='bbox 3166 677 3300 735; x_wconf 88' lang='lat' dir='ltr'><strong>coeli</strong></span> <span class='ocrx_word' id='word_1_370' title='bbox 3327 677 3546 737; x_wconf 87' lang='lat' dir='ltr'><strong>firmati</strong></span> <span class='ocrx_word' id='word_1_371' title='bbox 3569 683 3701 737; x_wconf 90' lang='lat' dir='ltr'><strong>sunt</strong></span> <span class='ocrx_word' id='word_1_372' title='bbox 3731 700 3745 737; x_wconf 91' lang='lat'><strong>:</strong></span> <span class='ocrx_word' id='word_1_373' title='bbox 3777 703 3806 733; x_wconf 80' lang='grc'>»</span> 
     </span>
     <span class='ocr_line' id='line_1_54' title="bbox 2281 771 3813 847; baseline 0.001 -17"><span class='ocrx_word' id='word_1_374' title='bbox 2281 787 2415 830; x_wconf 89' lang='lat' dir='ltr'><strong>ecce</strong></span> <span class='ocrx_word' id='word_1_375' title='bbox 2444 772 2616 831; x_wconf 84' lang='lat' dir='ltr'><strong>verbi</strong></span> <span class='ocrx_word' id='word_1_376' title='bbox 2643 772 2967 831; x_wconf 88' lang='lat' dir='ltr'><strong>firmatura.</strong></span> <span class='ocrx_word' id='word_1_377' title='bbox 2998 774 3078 829; x_wconf 88' lang='lat' dir='ltr'><strong>De</strong></span> <span class='ocrx_word' id='word_1_378' title='bbox 3099 771 3269 830; x_wconf 87' lang='lat' dir='ltr'><strong>tertio</strong></span> <span class='ocrx_word' id='word_1_379' title='bbox 3295 772 3317 808; x_wconf 81' lang='lat'>⁶</span> <span class='ocrx_word' id='word_1_380' title='bbox 3347 790 3361 829; x_wconf 94' lang='lat'><strong>:</strong></span> <span class='ocrx_word' id='word_1_381' title='bbox 3401 792 3431 825; x_wconf 73' lang='grc' dir='ltr'>ι</span> <span class='ocrx_word' id='word_1_382' title='bbox 3457 775 3813 847; x_wconf 76' lang='lat' dir='ltr'><strong>portansque</strong></span> 
     </span>
     <span class='ocr_line' id='line_1_55' title="bbox 2282 865 3811 926; baseline 0.001 -2"><span class='ocrx_word' id='word_1_383' title='bbox 2282 866 2484 925; x_wconf 90' lang='lat' dir='ltr'><strong>omnia</strong></span> <span class='ocrx_word' id='word_1_384' title='bbox 2507 865 2694 925; x_wconf 92' lang='lat' dir='ltr'><strong>verbo</strong></span> <span class='ocrx_word' id='word_1_385' title='bbox 2722 866 2949 925; x_wconf 85' lang='lat' dir='ltr'><strong>virtutis</strong></span> <span class='ocrx_word' id='word_1_386' title='bbox 2966 882 3114 924; x_wconf 83' lang='lat' dir='ltr'><strong>suae:</strong></span> <span class='ocrx_word' id='word_1_387' title='bbox 3136 886 3164 920; x_wconf 71' lang='lat' dir='ltr'>n</span> <span class='ocrx_word' id='word_1_388' title='bbox 3200 881 3334 923; x_wconf 90' lang='lat' dir='ltr'><strong>ecce</strong></span> <span class='ocrx_word' id='word_1_389' title='bbox 3360 865 3536 925; x_wconf 80' lang='lat' dir='ltr'><strong>Verbi</strong></span> <span class='ocrx_word' id='word_1_390' title='bbox 3555 871 3811 926; x_wconf 88' lang='lat' dir='ltr'><strong>vectura.</strong></span> 
     </span>
    </p>
   </div>
   <div class='ocr_carea' id='block_1_9' title="bbox 2781 1026 3320 1107">
    <p class='ocr_par' dir='ltr' id='par_1_9' title="bbox 2781 1026 3320 1107">
     <span class='ocr_line' id='line_1_56' title="bbox 2781 1026 3320 1107; baseline -0.002 -25"><span class='ocrx_word' id='word_1_391' title='bbox 2781 1026 3067 1107; x_wconf 77' lang='lat' dir='ltr'><strong>Articulus</strong></span> <span class='ocrx_word' id='word_1_392' title='bbox 3105 1026 3320 1082; x_wconf 79' lang='lat' dir='ltr'><strong>tertius.</strong></span> 
     </span>
    </p>
   </div>
   <div class='ocr_carea' id='block_1_10' title="bbox 2278 1148 3830 3098">
    <p class='ocr_par' dir='ltr' id='par_1_10' title="bbox 2278 1148 3830 3098">
     <span class='ocr_line' id='line_1_57' title="bbox 2354 1148 3815 1220; baseline 0.001 -14"><span class='ocrx_word' id='word_1_393' title='bbox 2354 1148 2686 1206; x_wconf 85' lang='lat' dir='ltr'><strong>Observaus</strong></span> <span class='ocrx_word' id='word_1_394' title='bbox 2712 1152 3045 1220; x_wconf 88' lang='lat' dir='ltr'><strong>annotatur,</strong></span> <span class='ocrx_word' id='word_1_395' title='bbox 3075 1164 3213 1206; x_wconf 90' lang='lat' dir='ltr'><strong>cum</strong></span> <span class='ocrx_word' id='word_1_396' title='bbox 3239 1149 3547 1208; x_wconf 88' lang='lat' dir='ltr'><strong>scribitur:</strong></span> <span class='ocrx_word' id='word_1_397' title='bbox 3575 1152 3645 1207; x_wconf 80' lang='lat' dir='ltr'><strong>In</strong></span> <span class='ocrx_word' id='word_1_398' title='bbox 3669 1152 3815 1216; x_wconf 72' lang='lat' dir='ltr'><strong>emto,</strong></span> 
     </span>
     <span class='ocr_line' id='line_1_58' title="bbox 2282 1241 3818 1316; baseline 0.002 -18"><span class='ocrx_word' id='word_1_399' title='bbox 2282 1242 2453 1315; x_wconf 87' lang='lat' dir='ltr'><strong>quasi</strong></span> <span class='ocrx_word' id='word_1_400' title='bbox 2478 1257 2651 1301; x_wconf 88' lang='lat' dir='ltr'><strong>servo</strong></span> <span class='ocrx_word' id='word_1_401' title='bbox 2678 1241 3035 1313; x_wconf 87' lang='lat' dir='ltr'><strong>inanimato,</strong></span> <span class='ocrx_word' id='word_1_402' title='bbox 3061 1245 3165 1299; x_wconf 90' lang='lat' dir='ltr'><strong>tuo</strong></span> <span class='ocrx_word' id='word_1_403' title='bbox 3195 1241 3433 1300; x_wconf 86' lang='lat' dir='ltr'><strong>servitio</strong></span> <span class='ocrx_word' id='word_1_404' title='bbox 3459 1242 3818 1316; x_wconf 87' lang='lat' dir='ltr'><strong>mancipato.</strong></span> 
     </span>
     <span class='ocr_line' id='line_1_59' title="bbox 2283 1334 3823 1409; baseline -0.001 -16"><span class='ocrx_word' id='word_1_405' title='bbox 2283 1338 2349 1393; x_wconf 88' lang='lat' dir='ltr'><strong>Et</strong></span> <span class='ocrx_word' id='word_1_406' title='bbox 2365 1339 2531 1406; x_wconf 91' lang='lat' dir='ltr'><strong>nota,</strong></span> <span class='ocrx_word' id='word_1_407' title='bbox 2552 1334 2721 1409; x_wconf 91' lang='lat' dir='ltr'><strong>quod</strong></span> <span class='ocrx_word' id='word_1_408' title='bbox 2739 1335 2953 1393; x_wconf 84' lang='lat' dir='ltr'><strong>coelum</strong></span> <span class='ocrx_word' id='word_1_409' title='bbox 2982 1340 3068 1393; x_wconf 87' lang='lat' dir='ltr'><strong>est</strong></span> <span class='ocrx_word' id='word_1_410' title='bbox 3085 1335 3370 1394; x_wconf 82' lang='lat' dir='ltr'><strong>deiforme</strong></span> <span class='ocrx_word' id='word_1_411' title='bbox 3395 1335 3730 1408; x_wconf 81' lang='lat' dir='ltr'><strong>vestigium,</strong></span> <span class='ocrx_word' id='word_1_412' title='bbox 3755 1341 3823 1393; x_wconf 87' lang='lat' dir='ltr'><strong>ut</strong></span> 
     </span>
     <span class='ocr_line' id='line_1_60' title="bbox 2278 1428 3824 1503; baseline 0 -18"><span class='ocrx_word' id='word_1_413' title='bbox 2278 1428 2485 1486; x_wconf 85' lang='lat' dir='ltr'><strong>videas</strong></span> <span class='ocrx_word' id='word_1_414' title='bbox 2524 1428 2672 1502; x_wconf 87' lang='lat' dir='ltr'><strong>quid</strong></span> <span class='ocrx_word' id='word_1_415' title='bbox 2712 1428 2819 1486; x_wconf 91' lang='lat' dir='ltr'><strong>tibi</strong></span> <span class='ocrx_word' id='word_1_416' title='bbox 2861 1429 2935 1486; x_wconf 88' lang='lat' dir='ltr'><strong>sit</strong></span> <span class='ocrx_word' id='word_1_417' title='bbox 2973 1429 3035 1486; x_wconf 88' lang='lat' dir='ltr'><strong>in</strong></span> <span class='ocrx_word' id='word_1_418' title='bbox 3072 1428 3223 1488; x_wconf 86' lang='lat' dir='ltr'><strong>coelo</strong></span> <span class='ocrx_word' id='word_1_419' title='bbox 3265 1428 3642 1503; x_wconf 85' lang='lat' dir='ltr'><strong>spiritualiter</strong></span> <span class='ocrx_word' id='word_1_420' title='bbox 3691 1429 3824 1486; x_wconf 88' lang='lat' dir='ltr'><strong>imi·</strong></span> 
     </span>
     <span class='ocr_line' id='line_1_61' title="bbox 2282 1521 3825 1597; baseline -0.001 -18"><span class='ocrx_word' id='word_1_421' title='bbox 2282 1521 2551 1580; x_wconf 91' lang='lat' dir='ltr'><strong>tandum.</strong></span> <span class='ocrx_word' id='word_1_422' title='bbox 2591 1523 2654 1581; x_wconf 88' lang='lat' dir='ltr'><strong>ln</strong></span> <span class='ocrx_word' id='word_1_423' title='bbox 2691 1522 2839 1581; x_wconf 87' lang='lat' dir='ltr'><strong>coelo</strong></span> <span class='ocrx_word' id='word_1_424' title='bbox 2887 1522 3187 1597; x_wconf 91' lang='lat' dir='ltr'><strong>siquidem</strong></span> <span class='ocrx_word' id='word_1_425' title='bbox 3222 1521 3488 1580; x_wconf 87' lang='lat' dir='ltr'><strong>invenies</strong></span> <span class='ocrx_word' id='word_1_426' title='bbox 3521 1522 3669 1581; x_wconf 87' lang='lat' dir='ltr'><strong>sicut</strong></span> <span class='ocrx_word' id='word_1_427' title='bbox 3692 1522 3825 1580; x_wconf 88' lang='lat' dir='ltr'><strong>alti-</strong></span> 
     </span>
     <span class='ocr_line' id='line_1_62' title="bbox 2283 1614 3823 1687; baseline 0 -14"><span class='ocrx_word' id='word_1_428' title='bbox 2283 1616 2583 1687; x_wconf 90' lang='lat' dir='ltr'><strong>tudinem,</strong></span> <span class='ocrx_word' id='word_1_429' title='bbox 2612 1619 2854 1673; x_wconf 88' lang='lat' dir='ltr'><strong>ornatus</strong></span> <span class='ocrx_word' id='word_1_430' title='bbox 2881 1615 3189 1686; x_wconf 87' lang='lat' dir='ltr'><strong>ordinem,</strong></span> <span class='ocrx_word' id='word_1_431' title='bbox 3223 1619 3280 1674; x_wconf 91' lang='lat' dir='ltr'><strong>et</strong></span> <span class='ocrx_word' id='word_1_432' title='bbox 3326 1618 3645 1673; x_wconf 87' lang='lat' dir='ltr'><strong>concentus</strong></span> <span class='ocrx_word' id='word_1_433' title='bbox 3688 1614 3823 1673; x_wconf 89' lang='lat' dir='ltr'><strong>dul-</strong></span> 
     </span>
     <span class='ocr_line' id='line_1_63' title="bbox 2284 1708 3824 1783; baseline 0.001 -17"><span class='ocrx_word' id='word_1_434' title='bbox 2284 1708 2575 1767; x_wconf 85' lang='lat' dir='ltr'><strong>cedinem.</strong></span> <span class='ocrx_word' id='word_1_435' title='bbox 2630 1709 2888 1768; x_wconf 78' lang='lat' dir='ltr'><strong>Altitudo</strong></span> <span class='ocrx_word' id='word_1_436' title='bbox 2951 1708 3224 1782; x_wconf 77' lang='lat' dir='ltr'><strong>congruit</strong></span> <span class='ocrx_word' id='word_1_437' title='bbox 3273 1708 3579 1783; x_wconf 79' lang='lat' dir='ltr'><strong>potentioe3</strong></span> <span class='ocrx_word' id='word_1_438' title='bbox 3639 1708 3824 1780; x_wconf 86' lang='lat' dir='ltr'><strong>ordo,</strong></span> 
     </span>
     <span class='ocr_line' id='line_1_64' title="bbox 2283 1800 3824 1878; baseline -0.001 -17"><span class='ocrx_word' id='word_1_439' title='bbox 2283 1802 2586 1878; x_wconf 66' lang='lat' dir='ltr'><strong>sapientire</strong></span> <span class='ocrx_word' id='word_1_440' title='bbox 2615 1823 2630 1870; x_wconf 88' lang='lat'><strong>;</strong></span> <span class='ocrx_word' id='word_1_441' title='bbox 2689 1802 2944 1860; x_wconf 90' lang='lat' dir='ltr'><strong>dulcedo</strong></span> <span class='ocrx_word' id='word_1_442' title='bbox 2965 1844 2985 1875; x_wconf 94' lang='lat'><strong>,</strong></span> <span class='ocrx_word' id='word_1_443' title='bbox 3041 1801 3292 1860; x_wconf 79' lang='lat' dir='ltr'><strong>bonitati</strong></span> <span class='ocrx_word' id='word_1_444' title='bbox 3365 1800 3597 1870; x_wconf 81' lang='lat' dir='ltr'><strong>divinae.</strong></span> <span class='ocrx_word' id='word_1_445' title='bbox 3661 1802 3824 1860; x_wconf 88' lang='lat' dir='ltr'><strong>Tales</strong></span> 
     </span>
     <span class='ocr_line' id='line_1_65' title="bbox 2284 1898 3826 1972; baseline 0.001 -17"><span class='ocrx_word' id='word_1_446' title='bbox 2284 1898 2464 1957; x_wconf 86' lang='lat' dir='ltr'><strong>coelos</strong></span> <span class='ocrx_word' id='word_1_447' title='bbox 2489 1898 2628 1956; x_wconf 78' lang='lat' dir='ltr'><strong>facit</strong></span> <span class='ocrx_word' id='word_1_448' title='bbox 2657 1899 2934 1957; x_wconf 91' lang='lat' dir='ltr'><strong>Dominus</strong></span> <span class='ocrx_word' id='word_1_449' title='bbox 2970 1899 3033 1958; x_wconf 90' lang='lat' dir='ltr'><strong>in</strong></span> <span class='ocrx_word' id='word_1_450' title='bbox 3059 1898 3357 1957; x_wconf 89' lang='lat' dir='ltr'><strong>intellectu</strong></span> <span class='ocrx_word' id='word_1_451' title='bbox 3380 1903 3607 1970; x_wconf 88' lang='lat' dir='ltr'><strong>nostro,</strong></span> <span class='ocrx_word' id='word_1_452' title='bbox 3639 1914 3826 1972; x_wconf 88' lang='lat' dir='ltr'><strong>quan-</strong></span> 
     </span>
     <span class='ocr_line' id='line_1_66' title="bbox 2285 1990 3825 2066; baseline -0.001 -16"><span class='ocrx_word' id='word_1_453' title='bbox 2285 1992 2365 2050; x_wconf 93' lang='lat' dir='ltr'><strong>do</strong></span> <span class='ocrx_word' id='word_1_454' title='bbox 2405 1993 2576 2066; x_wconf 91' lang='lat' dir='ltr'><strong>ponit</strong></span> <span class='ocrx_word' id='word_1_455' title='bbox 2618 1992 2989 2051; x_wconf 88' lang='lat' dir='ltr'><strong>altitudinem</strong></span> <span class='ocrx_word' id='word_1_456' title='bbox 3030 1992 3092 2049; x_wconf 90' lang='lat' dir='ltr'><strong>in</strong></span> <span class='ocrx_word' id='word_1_457' title='bbox 3137 1992 3406 2065; x_wconf 69' lang='lat' dir='ltr'><strong>objecto,</strong></span> <span class='ocrx_word' id='word_1_458' title='bbox 3444 1990 3716 2049; x_wconf 88' lang='lat' dir='ltr'><strong>ordinem</strong></span> <span class='ocrx_word' id='word_1_459' title='bbox 3761 1991 3825 2049; x_wconf 88' lang='lat' dir='ltr'><strong>in</strong></span> 
     </span>
     <span class='ocr_line' id='line_1_67' title="bbox 2283 2085 3819 2163; baseline -0.001 -19"><span class='ocrx_word' id='word_1_460' title='bbox 2283 2086 2506 2157; x_wconf 90' lang='lat' dir='ltr'><strong>medio,</strong></span> <span class='ocrx_word' id='word_1_461' title='bbox 2536 2090 2593 2145; x_wconf 90' lang='lat' dir='ltr'><strong>et</strong></span> <span class='ocrx_word' id='word_1_462' title='bbox 2613 2085 2991 2145; x_wconf 88' lang='lat' dir='ltr'><strong>dulcedinem</strong></span> <span class='ocrx_word' id='word_1_463' title='bbox 3018 2086 3082 2144; x_wconf 89' lang='lat' dir='ltr'><strong>in</strong></span> <span class='ocrx_word' id='word_1_464' title='bbox 3113 2086 3398 2158; x_wconf 83' lang='lat' dir='ltr'><strong>subjecto.</strong></span> <span class='ocrx_word' id='word_1_465' title='bbox 3435 2088 3515 2163; x_wconf 88' lang='lat' dir='ltr'><strong>De</strong></span> <span class='ocrx_word' id='word_1_466' title='bbox 3542 2085 3737 2159; x_wconf 89' lang='lat' dir='ltr'><strong>primo</strong></span> <span class='ocrx_word' id='word_1_467' title='bbox 3765 2087 3819 2142; x_wconf 84' lang='lat'><strong>⁷:</strong></span> 
     </span>
     <span class='ocr_line' id='line_1_68' title="bbox 2291 2178 3827 2252; baseline -0.002 -14"><span class='ocrx_word' id='word_1_468' title='bbox 2291 2203 2318 2233; x_wconf 86' lang='lat'>«</span> <span class='ocrx_word' id='word_1_469' title='bbox 2355 2180 2742 2240; x_wconf 82' lang='lat' dir='ltr'><strong>Altitudinem</strong></span> <span class='ocrx_word' id='word_1_470' title='bbox 2786 2180 2920 2238; x_wconf 91' lang='lat' dir='ltr'><strong>coeli</strong></span> <span class='ocrx_word' id='word_1_471' title='bbox 2935 2223 2955 2252; x_wconf 93' lang='lat'><strong>,</strong></span> <span class='ocrx_word' id='word_1_472' title='bbox 3007 2185 3065 2238; x_wconf 87' lang='lat' dir='ltr'><strong>et</strong></span> <span class='ocrx_word' id='word_1_473' title='bbox 3115 2178 3490 2238; x_wconf 84' lang='lat' dir='ltr'><strong>latitudinem</strong></span> <span class='ocrx_word' id='word_1_474' title='bbox 3536 2183 3720 2251; x_wconf 80' lang='lat' dir='ltr'><strong>terrae,</strong></span> <span class='ocrx_word' id='word_1_475' title='bbox 3769 2183 3827 2236; x_wconf 90' lang='lat' dir='ltr'><strong>et</strong></span> 
     </span>
     <span class='ocr_line' id='line_1_69' title="bbox 2282 2273 3826 2349; baseline -0.001 -17"><span class='ocrx_word' id='word_1_476' title='bbox 2282 2274 2650 2348; x_wconf 75' lang='lat' dir='ltr'><strong>profundum</strong></span> <span class='ocrx_word' id='word_1_477' title='bbox 2692 2274 2890 2349; x_wconf 85' lang='lat' dir='ltr'><strong>abyssi</strong></span> <span class='ocrx_word' id='word_1_478' title='bbox 2937 2273 3070 2348; x_wconf 88' lang='lat' dir='ltr'><strong>quis</strong></span> <span class='ocrx_word' id='word_1_479' title='bbox 3110 2273 3413 2331; x_wconf 85' lang='lat' dir='ltr'><strong>dimensus</strong></span> <span class='ocrx_word' id='word_1_480' title='bbox 3450 2274 3580 2329; x_wconf 76' lang='lat' dir='ltr'><strong>est?</strong></span> <span class='ocrx_word' id='word_1_481' title='bbox 3619 2294 3647 2329; x_wconf 75' lang='grc' dir='ltr'><strong>ι·</strong></span> <span class='ocrx_word' id='word_1_482' title='bbox 3690 2287 3826 2330; x_wconf 85' lang='lat' dir='ltr'><strong>ecce</strong></span> 
     </span>
     <span class='ocr_line' id='line_1_70' title="bbox 2284 2367 3828 2426; baseline -0.001 0"><span class='ocrx_word' id='word_1_483' title='bbox 2284 2368 2533 2426; x_wconf 88' lang='lat' dir='ltr'><strong>coelestis</strong></span> <span class='ocrx_word' id='word_1_484' title='bbox 2567 2367 2710 2425; x_wconf 89' lang='lat' dir='ltr'><strong>situs</strong></span> <span class='ocrx_word' id='word_1_485' title='bbox 2745 2368 3015 2425; x_wconf 88' lang='lat' dir='ltr'><strong>altitudo.</strong></span> <span class='ocrx_word' id='word_1_486' title='bbox 3059 2369 3137 2426; x_wconf 90' lang='lat' dir='ltr'><strong>De</strong></span> <span class='ocrx_word' id='word_1_487' title='bbox 3174 2367 3437 2426; x_wconf 90' lang='lat' dir='ltr'><strong>secundo</strong></span> <span class='ocrx_word' id='word_1_488' title='bbox 3463 2368 3487 2401; x_wconf 79' lang='lat'><strong>⁸</strong></span> <span class='ocrx_word' id='word_1_489' title='bbox 3518 2385 3533 2423; x_wconf 89' lang='lat'><strong>:</strong></span> <span class='ocrx_word' id='word_1_490' title='bbox 3584 2386 3612 2419; x_wconf 72' lang='grc' dir='ltr'><strong>«ι</strong></span> <span class='ocrx_word' id='word_1_491' title='bbox 3653 2369 3828 2425; x_wconf 84' lang='lat' dir='ltr'><strong>Num·</strong></span> 
     </span>
     <span class='ocr_line' id='line_1_71' title="bbox 2285 2461 3827 2537; baseline 0 -17"><span class='ocrx_word' id='word_1_492' title='bbox 2285 2462 2434 2537; x_wconf 91' lang='lat' dir='ltr'><strong>quid</strong></span> <span class='ocrx_word' id='word_1_493' title='bbox 2462 2463 2615 2521; x_wconf 88' lang='lat' dir='ltr'><strong>nosti</strong></span> <span class='ocrx_word' id='word_1_494' title='bbox 2643 2462 2917 2519; x_wconf 88' lang='lat' dir='ltr'><strong>ordinem</strong></span> <span class='ocrx_word' id='word_1_495' title='bbox 2944 2461 3115 2520; x_wconf 72' lang='lat' dir='ltr'><strong>coeli?</strong></span> <span class='ocrx_word' id='word_1_496' title='bbox 3147 2482 3174 2515; x_wconf 79' lang='grc' dir='ltr'><strong>ι)</strong></span> <span class='ocrx_word' id='word_1_497' title='bbox 3208 2477 3343 2521; x_wconf 88' lang='lat' dir='ltr'><strong>ecce</strong></span> <span class='ocrx_word' id='word_1_498' title='bbox 3373 2461 3621 2521; x_wconf 85' lang='lat' dir='ltr'><strong>coelestis</strong></span> <span class='ocrx_word' id='word_1_499' title='bbox 3650 2478 3827 2520; x_wconf 88' lang='lat' dir='ltr'><strong>orna-</strong></span> 
     </span>
     <span class='ocr_line' id='line_1_72' title="bbox 2285 2554 3828 2629; baseline -0.001 -16"><span class='ocrx_word' id='word_1_500' title='bbox 2285 2559 2377 2614; x_wconf 90' lang='lat' dir='ltr'><strong>tus</strong></span> <span class='ocrx_word' id='word_1_501' title='bbox 2417 2557 2589 2615; x_wconf 89' lang='lat' dir='ltr'><strong>ordo.</strong></span> <span class='ocrx_word' id='word_1_502' title='bbox 2626 2559 2705 2613; x_wconf 93' lang='lat' dir='ltr'><strong>De</strong></span> <span class='ocrx_word' id='word_1_503' title='bbox 2742 2555 2912 2614; x_wconf 88' lang='lat' dir='ltr'><strong>tertio</strong></span> <span class='ocrx_word' id='word_1_504' title='bbox 2948 2557 2969 2592; x_wconf 81' lang='lat'><strong>⁹</strong></span> <span class='ocrx_word' id='word_1_505' title='bbox 3008 2577 3025 2613; x_wconf 87' lang='lat'><strong>:</strong></span> <span class='ocrx_word' id='word_1_506' title='bbox 3066 2575 3098 2610; x_wconf 66' lang='lat' dir='ltr'><strong>a</strong></span> <span class='ocrx_word' id='word_1_507' title='bbox 3138 2557 3498 2613; x_wconf 78' lang='lat' dir='ltr'><strong>concentum</strong></span> <span class='ocrx_word' id='word_1_508' title='bbox 3532 2554 3665 2612; x_wconf 86' lang='lat' dir='ltr'><strong>coeli</strong></span> <span class='ocrx_word' id='word_1_509' title='bbox 3693 2554 3828 2629; x_wconf 90' lang='lat' dir='ltr'><strong>quis</strong></span> 
     </span>
     <span class='ocr_line' id='line_1_73' title="bbox 2287 2647 3830 2707; baseline -0.001 0"><span class='ocrx_word' id='word_1_510' title='bbox 2287 2649 2546 2707; x_wconf 91' lang='lat' dir='ltr'><strong>dormire</strong></span> <span class='ocrx_word' id='word_1_511' title='bbox 2578 2649 2752 2707; x_wconf 83' lang='lat' dir='ltr'><strong>faciet</strong></span> <span class='ocrx_word' id='word_1_512' title='bbox 2770 2652 2799 2706; x_wconf 67' lang='lat' dir='ltr'><strong>‘r</strong></span> <span class='ocrx_word' id='word_1_513' title='bbox 2827 2669 2856 2704; x_wconf 65' lang='lat' dir='ltr'>u</span> <span class='ocrx_word' id='word_1_514' title='bbox 2889 2665 3022 2707; x_wconf 90' lang='lat' dir='ltr'><strong>ecce</strong></span> <span class='ocrx_word' id='word_1_515' title='bbox 3069 2653 3386 2706; x_wconf 90' lang='lat' dir='ltr'><strong>concentus</strong></span> <span class='ocrx_word' id='word_1_516' title='bbox 3417 2648 3664 2707; x_wconf 87' lang='lat' dir='ltr'><strong>coelestis</strong></span> <span class='ocrx_word' id='word_1_517' title='bbox 3690 2647 3830 2706; x_wconf 90' lang='lat' dir='ltr'><strong>dul-</strong></span> 
     </span>
     <span class='ocr_line' id='line_1_74' title="bbox 2288 2742 3827 2817; baseline 0 -17"><span class='ocrx_word' id='word_1_518' title='bbox 2288 2743 2467 2816; x_wconf 91' lang='lat' dir='ltr'><strong>cedo,</strong></span> <span class='ocrx_word' id='word_1_519' title='bbox 2497 2760 2601 2801; x_wconf 91' lang='lat' dir='ltr'><strong>seu</strong></span> <span class='ocrx_word' id='word_1_520' title='bbox 2639 2748 2910 2801; x_wconf 91' lang='lat' dir='ltr'><strong>motuum</strong></span> <span class='ocrx_word' id='word_1_521' title='bbox 2937 2742 3278 2817; x_wconf 86' lang='lat' dir='ltr'><strong>proportio,</strong></span> <span class='ocrx_word' id='word_1_522' title='bbox 3311 2758 3444 2817; x_wconf 76' lang='lat' dir='ltr'><strong>quse</strong></span> <span class='ocrx_word' id='word_1_523' title='bbox 3470 2746 3708 2817; x_wconf 89' lang='lat' dir='ltr'><strong>propter</strong></span> <span class='ocrx_word' id='word_1_524' title='bbox 3735 2744 3827 2800; x_wconf 87' lang='lat' dir='ltr'><strong>sui</strong></span> 
     </span>
     <span class='ocr_line' id='line_1_75' title="bbox 2288 2835 3826 2910; baseline -0.001 -16"><span class='ocrx_word' id='word_1_525' title='bbox 2288 2835 2664 2895; x_wconf 87' lang='lat' dir='ltr'><strong>dulcedinem</strong></span> <span class='ocrx_word' id='word_1_526' title='bbox 2702 2836 2942 2894; x_wconf 76' lang='lat' dir='ltr'><strong>musicae</strong></span> <span class='ocrx_word' id='word_1_527' title='bbox 2978 2836 3377 2895; x_wconf 69' lang='lat' dir='ltr'><strong>consonantiae</strong></span> <span class='ocrx_word' id='word_1_528' title='bbox 3413 2840 3791 2910; x_wconf 87' lang='lat' dir='ltr'><strong>comparatur</strong></span> <span class='ocrx_word' id='word_1_529' title='bbox 3804 2878 3826 2907; x_wconf 94' lang='lat'><strong>,</strong></span> 
     </span>
     <span class='ocr_line' id='line_1_76' title="bbox 2288 2929 3828 3004; baseline 0.001 -18"><span class='ocrx_word' id='word_1_530' title='bbox 2288 2929 2627 2988; x_wconf 88' lang='lat' dir='ltr'><strong>testificante</strong></span> <span class='ocrx_word' id='word_1_531' title='bbox 2680 2930 2878 2988; x_wconf 87' lang='lat' dir='ltr'><strong>Boetio</strong></span> <span class='ocrx_word' id='word_1_532' title='bbox 2899 2971 2918 3001; x_wconf 90' lang='lat'><strong>,</strong></span> <span class='ocrx_word' id='word_1_533' title='bbox 2981 2930 3145 3003; x_wconf 89' lang='lat' dir='ltr'><strong>quod</strong></span> <span class='ocrx_word' id='word_1_534' title='bbox 3200 2934 3397 2988; x_wconf 87' lang='lat' dir='ltr'><strong>motus</strong></span> <span class='ocrx_word' id='word_1_535' title='bbox 3454 2929 3828 3004; x_wconf 86' lang='lat' dir='ltr'><strong>superiorum</strong></span> 
     </span>
     <span class='ocr_line' id='line_1_77' title="bbox 2290 3023 3718 3098; baseline 0.001 -18"><span class='ocrx_word' id='word_1_536' title='bbox 2290 3039 2610 3098; x_wconf 88' lang='lat' dir='ltr'><strong>corporum</strong></span> <span class='ocrx_word' id='word_1_537' title='bbox 2636 3023 2876 3081; x_wconf 85' lang='lat' dir='ltr'><strong>musicis</strong></span> <span class='ocrx_word' id='word_1_538' title='bbox 2904 3023 3300 3082; x_wconf 89' lang='lat' dir='ltr'><strong>consonantiis</strong></span> <span class='ocrx_word' id='word_1_539' title='bbox 3328 3023 3718 3084; x_wconf 85' lang='lat' dir='ltr'><strong>celebrantur.</strong></span> 
     </span>
    </p>
   </div>
   <div class='ocr_carea' id='block_1_11' title="bbox 2773 3183 3337 3255">
    <p class='ocr_par' dir='ltr' id='par_1_11' title="bbox 2773 3183 3337 3255">
     <span class='ocr_line' id='line_1_78' title="bbox 2773 3183 3337 3255; baseline 0 -16"><span class='ocrx_word' id='word_1_540' title='bbox 2773 3184 3057 3241; x_wconf 78' lang='lat' dir='ltr'><strong>Articulus</strong></span> <span class='ocrx_word' id='word_1_541' title='bbox 3094 3183 3337 3255; x_wconf 68' lang='lat' dir='ltr'><strong>quartus.</strong></span> 
     </span>
    </p>
   </div>
   <div class='ocr_carea' id='block_1_12' title="bbox 2286 3306 3828 3942">
    <p class='ocr_par' dir='ltr' id='par_1_12' title="bbox 2286 3306 3828 3942">
     <span class='ocr_line' id='line_1_79' title="bbox 2359 3306 3828 3378; baseline -0.003 -10"><span class='ocrx_word' id='word_1_542' title='bbox 2359 3308 2745 3368; x_wconf 87' lang='lat' dir='ltr'><strong>Observatum</strong></span> <span class='ocrx_word' id='word_1_543' title='bbox 2771 3307 3150 3378; x_wconf 84' lang='lat' dir='ltr'><strong>subnotatur,</strong></span> <span class='ocrx_word' id='word_1_544' title='bbox 3180 3323 3319 3365; x_wconf 90' lang='lat' dir='ltr'><strong>cum</strong></span> <span class='ocrx_word' id='word_1_545' title='bbox 3344 3306 3616 3366; x_wconf 88' lang='lat' dir='ltr'><strong>scribitur</strong></span> <span class='ocrx_word' id='word_1_546' title='bbox 3646 3326 3661 3365; x_wconf 77' lang='grc' dir='ltr'><strong><em>ε</em></strong></span> <span class='ocrx_word' id='word_1_547' title='bbox 3687 3310 3828 3365; x_wconf 83' lang='lat' dir='ltr'><strong>Per-</strong></span> 
     </span>
     <span class='ocr_line' id='line_1_80' title="bbox 2287 3400 3827 3476; baseline 0 -17"><span class='ocrx_word' id='word_1_548' title='bbox 2287 3407 2465 3460; x_wconf 70' lang='lat' dir='ltr'><strong>memet</strong></span> <span class='ocrx_word' id='word_1_549' title='bbox 2489 3405 2552 3458; x_wconf 79' lang='lat' dir='ltr'><strong>in</strong></span> <span class='ocrx_word' id='word_1_550' title='bbox 2588 3405 2872 3470; x_wconf 64' lang='lat' dir='ltr'><strong>cecanum:</strong></span> <span class='ocrx_word' id='word_1_551' title='bbox 2912 3400 3082 3474; x_wconf 79' lang='lat' dir='ltr'><strong>quasi</strong></span> <span class='ocrx_word' id='word_1_552' title='bbox 3111 3400 3307 3459; x_wconf 88' lang='lat' dir='ltr'><strong>dicat:</strong></span> <span class='ocrx_word' id='word_1_553' title='bbox 3347 3402 3533 3459; x_wconf 79' lang='lat' dir='ltr'><strong>Motus</strong></span> <span class='ocrx_word' id='word_1_554' title='bbox 3570 3401 3675 3476; x_wconf 91' lang='lat' dir='ltr'><strong>qui</strong></span> <span class='ocrx_word' id='word_1_555' title='bbox 3720 3417 3827 3475; x_wconf 86' lang='lat' dir='ltr'><strong>per</strong></span> 
     </span>
     <span class='ocr_line' id='line_1_81' title="bbox 2287 3494 3827 3570; baseline -0.001 -17"><span class='ocrx_word' id='word_1_556' title='bbox 2287 3496 2544 3554; x_wconf 85' lang='lat' dir='ltr'><strong>Verbum</strong></span> <span class='ocrx_word' id='word_1_557' title='bbox 2573 3496 2920 3570; x_wconf 87' lang='lat' dir='ltr'><strong>imperatur,</strong></span> <span class='ocrx_word' id='word_1_558' title='bbox 2957 3510 3065 3568; x_wconf 91' lang='lat' dir='ltr'><strong>per</strong></span> <span class='ocrx_word' id='word_1_559' title='bbox 3106 3494 3323 3553; x_wconf 88' lang='lat' dir='ltr'><strong>coelum</strong></span> <span class='ocrx_word' id='word_1_560' title='bbox 3363 3494 3730 3553; x_wconf 85' lang='lat' dir='ltr'><strong>observatur.</strong></span> <span class='ocrx_word' id='word_1_561' title='bbox 3763 3497 3827 3551; x_wconf 79' lang='lat' dir='ltr'><strong>In</strong></span> 
     </span>
     <span class='ocr_line' id='line_1_82' title="bbox 2288 3587 3827 3662; baseline 0.001 -16"><span class='ocrx_word' id='word_1_562' title='bbox 2288 3595 2582 3647; x_wconf 76' lang='lat' dir='ltr'><strong>oeternum:</strong></span> <span class='ocrx_word' id='word_1_563' title='bbox 2613 3604 2740 3646; x_wconf 91' lang='lat' dir='ltr'><strong>non</strong></span> <span class='ocrx_word' id='word_1_564' title='bbox 2767 3587 2933 3662; x_wconf 91' lang='lat' dir='ltr'><strong>quod</strong></span> <span class='ocrx_word' id='word_1_565' title='bbox 2959 3587 3281 3662; x_wconf 87' lang='lat' dir='ltr'><strong>imperetur</strong></span> <span class='ocrx_word' id='word_1_566' title='bbox 3306 3587 3369 3648; x_wconf 90' lang='lat' dir='ltr'><strong>in</strong></span> <span class='ocrx_word' id='word_1_567' title='bbox 3397 3591 3702 3658; x_wconf 85' lang='lat' dir='ltr'><strong>eeternum,</strong></span> <span class='ocrx_word' id='word_1_568' title='bbox 3727 3593 3827 3647; x_wconf 91' lang='lat' dir='ltr'><strong>aut</strong></span> 
     </span>
     <span class='ocr_line' id='line_1_83' title="bbox 2288 3681 3828 3756; baseline -0.002 -15"><span class='ocrx_word' id='word_1_569' title='bbox 2288 3681 2631 3741; x_wconf 87' lang='lat' dir='ltr'><strong>observetur</strong></span> <span class='ocrx_word' id='word_1_570' title='bbox 2686 3682 2748 3738; x_wconf 90' lang='lat' dir='ltr'><strong>in</strong></span> <span class='ocrx_word' id='word_1_571' title='bbox 2797 3685 3079 3739; x_wconf 83' lang='lat' dir='ltr'><strong>aeternum</strong></span> <span class='ocrx_word' id='word_1_572' title='bbox 3098 3701 3115 3753; x_wconf 89' lang='lat'>;</span> <span class='ocrx_word' id='word_1_573' title='bbox 3171 3681 3279 3739; x_wconf 88' lang='lat' dir='ltr'><strong>sed</strong></span> <span class='ocrx_word' id='word_1_574' title='bbox 3337 3682 3481 3756; x_wconf 89' lang='lat' dir='ltr'><strong>quia</strong></span> <span class='ocrx_word' id='word_1_575' title='bbox 3537 3681 3828 3756; x_wconf 83' lang='lat' dir='ltr'><strong>quamdiu</strong></span> 
     </span>
     <span class='ocr_line' id='line_1_84' title="bbox 2286 3774 3820 3850; baseline -0.001 -18"><span class='ocrx_word' id='word_1_576' title='bbox 2286 3775 2629 3850; x_wconf 87' lang='lat' dir='ltr'><strong>imperatur,</strong></span> <span class='ocrx_word' id='word_1_577' title='bbox 2685 3774 2913 3834; x_wconf 89' lang='lat' dir='ltr'><strong>tamdiu</strong></span> <span class='ocrx_word' id='word_1_578' title='bbox 2965 3775 3378 3833; x_wconf 86' lang='lat' dir='ltr'><strong>observabitur</strong></span> <span class='ocrx_word' id='word_1_579' title='bbox 3419 3775 3480 3832; x_wconf 90' lang='lat' dir='ltr'><strong>in</strong></span> <span class='ocrx_word' id='word_1_580' title='bbox 3520 3780 3820 3834; x_wconf 64' lang='lat' dir='ltr'><strong>aeternum.</strong></span> 
     </span>
     <span class='ocr_line' id='line_1_85' title="bbox 2287 3867 3828 3942; baseline 0.001 -16"><span class='ocrx_word' id='word_1_581' title='bbox 2287 3869 2461 3937; x_wconf 86' lang='lat' dir='ltr'><strong>Quod</strong></span> <span class='ocrx_word' id='word_1_582' title='bbox 2482 3869 2533 3926; x_wconf 91' lang='lat' dir='ltr'><strong>si</strong></span> <span class='ocrx_word' id='word_1_583' title='bbox 2559 3868 2789 3926; x_wconf 86' lang='lat' dir='ltr'><strong>videtur</strong></span> <span class='ocrx_word' id='word_1_584' title='bbox 2812 3869 3092 3942; x_wconf 86' lang='lat' dir='ltr'><strong>cuiquam</strong></span> <span class='ocrx_word' id='word_1_585' title='bbox 3112 3867 3376 3936; x_wconf 83' lang='lat' dir='ltr'><strong>difficile,</strong></span> <span class='ocrx_word' id='word_1_586' title='bbox 3404 3869 3608 3928; x_wconf 88' lang='lat' dir='ltr'><strong>audiat</strong></span> <span class='ocrx_word' id='word_1_587' title='bbox 3634 3885 3828 3927; x_wconf 82' lang='lat' dir='ltr'><strong>exem-</strong></span> 
     </span>
    </p>
   </div>
   <div class='ocr_carea' id='block_1_13' title="bbox 3919 3895 4071 3938">
    <p class='ocr_par' dir='ltr' id='par_1_13' title="bbox 3919 3895 4071 3938">
     <span class='ocr_line' id='line_1_86' title="bbox 3919 3895 4071 3938; baseline 0.033 -4"><span class='ocrx_word' id='word_1_588' title='bbox 3919 3895 4071 3938; x_wconf 72' lang='lat' dir='ltr'><strong>:Eter-</strong></span> 
     </span>
    </p>
   </div>
   <div class='ocr_carea' id='block_1_14' title="bbox 2287 3960 4018 4037">
    <p class='ocr_par' dir='ltr' id='par_1_14' title="bbox 2287 3960 4018 4037">
     <span class='ocr_line' id='line_1_87' title="bbox 2287 3960 4018 4037; baseline -0.003 -15"><span class='ocrx_word' id='word_1_589' title='bbox 2287 3962 2456 4036; x_wconf 87' lang='lat' dir='ltr'><strong>plum</strong></span> <span class='ocrx_word' id='word_1_590' title='bbox 2474 3962 2687 4032; x_wconf 88' lang='lat' dir='ltr'><strong>simile,</strong></span> <span class='ocrx_word' id='word_1_591' title='bbox 2718 3978 2787 4021; x_wconf 91' lang='lat' dir='ltr'><strong>ac</strong></span> <span class='ocrx_word' id='word_1_592' title='bbox 2816 3962 2955 4020; x_wconf 85' lang='lat' dir='ltr'><strong>satis</strong></span> <span class='ocrx_word' id='word_1_593' title='bbox 2988 3960 3181 4020; x_wconf 88' lang='lat' dir='ltr'><strong>facile.</strong></span> <span class='ocrx_word' id='word_1_594' title='bbox 3207 3965 3355 4033; x_wconf 82' lang='lat' dir='ltr'><strong>Vox,</strong></span> <span class='ocrx_word' id='word_1_595' title='bbox 3375 3979 3508 4037; x_wconf 82' lang='lat' dir='ltr'><strong>quae</strong></span> <span class='ocrx_word' id='word_1_596' title='bbox 3532 3962 3825 4037; x_wconf 82' lang='lat' dir='ltr'><strong>profertur</strong></span> <span class='ocrx_word' id='word_1_597' title='bbox 3907 3968 4018 4000; x_wconf 62' lang='grc' dir='ltr'><strong>ΜΦ</strong></span> 
     </span>
    </p>
   </div>
   <div class='ocr_carea' id='block_1_15' title="bbox 2244 4029 4068 4128">
    <p class='ocr_par' dir='ltr' id='par_1_15' title="bbox 2244 4029 4068 4128">
     <span class='ocr_line' id='line_1_88' title="bbox 2244 4029 4068 4128; baseline 0.001 -14"><span class='ocrx_word' id='word_1_598' title='bbox 2244 4068 2255 4082; x_wconf 89' lang='grc'><em>·</em></span> <span class='ocrx_word' id='word_1_599' title='bbox 2288 4057 2366 4114; x_wconf 86' lang='lat' dir='ltr'><strong>ab</strong></span> <span class='ocrx_word' id='word_1_600' title='bbox 2413 4073 2536 4128; x_wconf 92' lang='lat' dir='ltr'><strong>ore,</strong></span> <span class='ocrx_word' id='word_1_601' title='bbox 2586 4056 2843 4115; x_wconf 83' lang='lat' dir='ltr'><strong>defertur</strong></span> <span class='ocrx_word' id='word_1_602' title='bbox 2877 4059 2954 4116; x_wconf 90' lang='lat' dir='ltr'><strong>ab</strong></span> <span class='ocrx_word' id='word_1_603' title='bbox 2987 4074 3122 4116; x_wconf 90' lang='lat' dir='ltr'><strong>aere</strong></span> <span class='ocrx_word' id='word_1_604' title='bbox 3165 4076 3179 4114; x_wconf 93' lang='lat'><strong>:</strong></span> <span class='ocrx_word' id='word_1_605' title='bbox 3235 4059 3352 4118; x_wconf 87' lang='lat' dir='ltr'><strong>hoc</strong></span> <span class='ocrx_word' id='word_1_606' title='bbox 3384 4075 3592 4117; x_wconf 88' lang='lat' dir='ltr'><strong>verum</strong></span> <span class='ocrx_word' id='word_1_607' title='bbox 3638 4063 3722 4118; x_wconf 85' lang='lat' dir='ltr'><strong>est</strong></span> <span class='ocrx_word' id='word_1_608' title='bbox 3762 4059 3826 4116; x_wconf 89' lang='lat' dir='ltr'><strong>in</strong></span> <span class='ocrx_word' id='word_1_609' title='bbox 3850 4029 4068 4123; x_wconf 47' lang='lat'><strong>33:⁰3-</strong></span> 
     </span>
    </p>
   </div>
   <div class='ocr_carea' id='block_1_16' title="bbox 2287 4141 4037 4227">
    <p class='ocr_par' dir='ltr' id='par_1_16' title="bbox 2287 4141 4037 4227">
     <span class='ocr_line' id='line_1_89' title="bbox 2287 4141 4037 4227; baseline 0.001 -19"><span class='ocrx_word' id='word_1_610' title='bbox 2287 4155 2590 4223; x_wconf 80' lang='lat' dir='ltr'><strong>aeternum,</strong></span> <span class='ocrx_word' id='word_1_611' title='bbox 2638 4151 2781 4225; x_wconf 85' lang='lat' dir='ltr'><strong>quia</strong></span> <span class='ocrx_word' id='word_1_612' title='bbox 2835 4150 3230 4210; x_wconf 88' lang='lat' dir='ltr'><strong>necessarium</strong></span> <span class='ocrx_word' id='word_1_613' title='bbox 3284 4169 3300 4209; x_wconf 92' lang='lat'><strong>:</strong></span> <span class='ocrx_word' id='word_1_614' title='bbox 3348 4168 3471 4211; x_wconf 91' lang='lat' dir='ltr'><strong>non</strong></span> <span class='ocrx_word' id='word_1_615' title='bbox 3524 4155 3668 4227; x_wconf 82' lang='lat' dir='ltr'><strong>quia</strong></span> <span class='ocrx_word' id='word_1_616' title='bbox 3706 4168 3826 4211; x_wconf 83' lang='lat' dir='ltr'><strong>vox</strong></span> <span class='ocrx_word' id='word_1_617' title='bbox 3851 4141 4037 4196; x_wconf 53' lang='lat' dir='ltr'><strong>“ww-</strong></span> 
     </span>
    </p>
   </div>
   <div class='ocr_carea' id='block_1_17' title="bbox 2287 4244 3831 5258">
    <p class='ocr_par' dir='ltr' id='par_1_17' title="bbox 2287 4244 3831 5258">
     <span class='ocr_line' id='line_1_90' title="bbox 2288 4244 3823 4319; baseline 0.002 -17"><span class='ocrx_word' id='word_1_618' title='bbox 2288 4245 2617 4319; x_wconf 83' lang='lat' dir='ltr'><strong>proferatur</strong></span> <span class='ocrx_word' id='word_1_619' title='bbox 2642 4244 2721 4303; x_wconf 89' lang='lat' dir='ltr'><strong>ab</strong></span> <span class='ocrx_word' id='word_1_620' title='bbox 2749 4260 2851 4303; x_wconf 90' lang='lat' dir='ltr'><strong>ore</strong></span> <span class='ocrx_word' id='word_1_621' title='bbox 2877 4244 2939 4302; x_wconf 92' lang='lat' dir='ltr'><strong>in</strong></span> <span class='ocrx_word' id='word_1_622' title='bbox 2963 4249 3267 4318; x_wconf 65' lang='lat' dir='ltr'><strong>aeternum,</strong></span> <span class='ocrx_word' id='word_1_623' title='bbox 3299 4249 3400 4304; x_wconf 89' lang='lat' dir='ltr'><strong>aut</strong></span> <span class='ocrx_word' id='word_1_624' title='bbox 3427 4245 3723 4305; x_wconf 80' lang='lat' dir='ltr'><strong>deferatur</strong></span> <span class='ocrx_word' id='word_1_625' title='bbox 3747 4246 3823 4305; x_wconf 85' lang='lat' dir='ltr'><strong>ah</strong></span> 
     </span>
     <span class='ocr_line' id='line_1_91' title="bbox 2290 4338 3824 4416; baseline 0 -19"><span class='ocrx_word' id='word_1_626' title='bbox 2290 4354 2425 4397; x_wconf 88' lang='lat' dir='ltr'><strong>aere</strong></span> <span class='ocrx_word' id='word_1_627' title='bbox 2477 4338 2541 4395; x_wconf 87' lang='lat' dir='ltr'><strong>in</strong></span> <span class='ocrx_word' id='word_1_628' title='bbox 2605 4341 2919 4416; x_wconf 70' lang='lat' dir='ltr'><strong>aeternum,</strong></span> <span class='ocrx_word' id='word_1_629' title='bbox 2977 4339 3085 4396; x_wconf 89' lang='lat' dir='ltr'><strong>sed</strong></span> <span class='ocrx_word' id='word_1_630' title='bbox 3127 4339 3270 4412; x_wconf 83' lang='lat' dir='ltr'><strong>quia</strong></span> <span class='ocrx_word' id='word_1_631' title='bbox 3321 4339 3824 4414; x_wconf 86' lang='lat' dir='ltr'><strong>quandocumque</strong></span> 
     </span>
     <span class='ocr_line' id='line_1_92' title="bbox 2289 4430 3826 4507; baseline -0.001 -17"><span class='ocrx_word' id='word_1_632' title='bbox 2289 4432 2580 4506; x_wconf 79' lang='lat' dir='ltr'><strong>profertur</strong></span> <span class='ocrx_word' id='word_1_633' title='bbox 2619 4431 2699 4489; x_wconf 89' lang='lat' dir='ltr'><strong>ab</strong></span> <span class='ocrx_word' id='word_1_634' title='bbox 2746 4446 2885 4501; x_wconf 88' lang='lat' dir='ltr'><strong>ore,</strong></span> <span class='ocrx_word' id='word_1_635' title='bbox 2930 4430 3191 4490; x_wconf 80' lang='lat' dir='ltr'><strong>defertur</strong></span> <span class='ocrx_word' id='word_1_636' title='bbox 3227 4431 3305 4491; x_wconf 84' lang='lat' dir='ltr'><strong>ab</strong></span> <span class='ocrx_word' id='word_1_637' title='bbox 3349 4448 3485 4494; x_wconf 88' lang='lat' dir='ltr'><strong>aere</strong></span> <span class='ocrx_word' id='word_1_638' title='bbox 3531 4449 3723 4507; x_wconf 86' lang='lat' dir='ltr'><strong>usque</strong></span> <span class='ocrx_word' id='word_1_639' title='bbox 3764 4433 3826 4489; x_wconf 88' lang='lat' dir='ltr'><strong>in</strong></span> 
     </span>
     <span class='ocr_line' id='line_1_93' title="bbox 2289 4523 3824 4601; baseline 0.002 -18"><span class='ocrx_word' id='word_1_640' title='bbox 2289 4530 2593 4583; x_wconf 79' lang='lat' dir='ltr'><strong>aeternum.</strong></span> <span class='ocrx_word' id='word_1_641' title='bbox 2632 4528 2699 4583; x_wconf 85' lang='lat' dir='ltr'><strong>Et</strong></span> <span class='ocrx_word' id='word_1_642' title='bbox 2731 4523 3095 4597; x_wconf 89' lang='lat' dir='ltr'><strong>notandum,</strong></span> <span class='ocrx_word' id='word_1_643' title='bbox 3133 4526 3302 4601; x_wconf 88' lang='lat' dir='ltr'><strong>quod</strong></span> <span class='ocrx_word' id='word_1_644' title='bbox 3333 4530 3550 4585; x_wconf 81' lang='lat' dir='ltr'><strong>aeterna</strong></span> <span class='ocrx_word' id='word_1_645' title='bbox 3592 4543 3824 4601; x_wconf 83' lang='lat' dir='ltr'><strong>perma-</strong></span> 
     </span>
     <span class='ocr_line' id='line_1_94' title="bbox 2288 4618 3828 4695; baseline 0.001 -18"><span class='ocrx_word' id='word_1_646' title='bbox 2288 4618 2486 4677; x_wconf 85' lang='lat' dir='ltr'><strong>nentia</strong></span> <span class='ocrx_word' id='word_1_647' title='bbox 2515 4618 2800 4692; x_wconf 87' lang='lat' dir='ltr'><strong>reperitur</strong></span> <span class='ocrx_word' id='word_1_648' title='bbox 2828 4618 2893 4675; x_wconf 93' lang='lat' dir='ltr'><strong>in</strong></span> <span class='ocrx_word' id='word_1_649' title='bbox 2931 4619 3229 4694; x_wconf 87' lang='lat' dir='ltr'><strong>Scriptura</strong></span> <span class='ocrx_word' id='word_1_650' title='bbox 3267 4621 3380 4679; x_wconf 90' lang='lat' dir='ltr'><strong>sub</strong></span> <span class='ocrx_word' id='word_1_651' title='bbox 3423 4619 3637 4695; x_wconf 89' lang='lat' dir='ltr'><strong>triplici</strong></span> <span class='ocrx_word' id='word_1_652' title='bbox 3665 4620 3828 4680; x_wconf 81' lang='lat' dir='ltr'><strong>diffe-</strong></span> 
     </span>
     <span class='ocr_line' id='line_1_95' title="bbox 2287 4711 3829 4788; baseline 0.002 -19"><span class='ocrx_word' id='word_1_653' title='bbox 2287 4711 2478 4770; x_wconf 90' lang='lat' dir='ltr'><strong>rentia</strong></span> <span class='ocrx_word' id='word_1_654' title='bbox 2514 4730 2528 4768; x_wconf 90' lang='lat'><strong>:</strong></span> <span class='ocrx_word' id='word_1_655' title='bbox 2580 4711 2856 4785; x_wconf 82' lang='lat' dir='ltr'><strong>quaedam</strong></span> <span class='ocrx_word' id='word_1_656' title='bbox 2919 4711 3140 4771; x_wconf 81' lang='lat' dir='ltr'><strong>scilicet</strong></span> <span class='ocrx_word' id='word_1_657' title='bbox 3190 4713 3496 4786; x_wconf 87' lang='lat' dir='ltr'><strong>increata;</strong></span> <span class='ocrx_word' id='word_1_658' title='bbox 3552 4714 3829 4788; x_wconf 80' lang='lat' dir='ltr'><strong>quaedam</strong></span> 
     </span>
     <span class='ocr_line' id='line_1_96' title="bbox 2288 4804 3829 4881; baseline 0.003 -18"><span class='ocrx_word' id='word_1_659' title='bbox 2288 4805 2601 4880; x_wconf 88' lang='lat' dir='ltr'><strong>imperata;</strong></span> <span class='ocrx_word' id='word_1_660' title='bbox 2654 4804 2934 4878; x_wconf 77' lang='lat' dir='ltr'><strong>quaedam</strong></span> <span class='ocrx_word' id='word_1_661' title='bbox 2986 4805 3288 4881; x_wconf 87' lang='lat' dir='ltr'><strong>inspirata.</strong></span> <span class='ocrx_word' id='word_1_662' title='bbox 3336 4807 3529 4866; x_wconf 88' lang='lat' dir='ltr'><strong>Prima</strong></span> <span class='ocrx_word' id='word_1_663' title='bbox 3582 4807 3829 4881; x_wconf 82' lang='lat' dir='ltr'><strong>quidem</strong></span> 
     </span>
     <span class='ocr_line' id='line_1_97' title="bbox 2289 4897 3824 4973; baseline 0.002 -16"><span class='ocrx_word' id='word_1_664' title='bbox 2289 4899 2537 4973; x_wconf 88' lang='lat' dir='ltr'><strong>pertinet</strong></span> <span class='ocrx_word' id='word_1_665' title='bbox 2589 4898 2669 4955; x_wconf 88' lang='lat' dir='ltr'><strong>ad</strong></span> <span class='ocrx_word' id='word_1_666' title='bbox 2714 4897 3080 4959; x_wconf 84' lang='lat' dir='ltr'><strong>existentiam</strong></span> <span class='ocrx_word' id='word_1_667' title='bbox 3133 4900 3499 4973; x_wconf 78' lang='lat' dir='ltr'><strong>naturalem3</strong></span> <span class='ocrx_word' id='word_1_668' title='bbox 3543 4902 3824 4971; x_wconf 89' lang='lat' dir='ltr'><strong>secunda,</strong></span> 
     </span>
     <span class='ocr_line' id='line_1_98' title="bbox 2290 4991 3831 5068; baseline 0.003 -19"><span class='ocrx_word' id='word_1_669' title='bbox 2290 4992 2370 5049; x_wconf 83' lang='lat' dir='ltr'><strong>ad</strong></span> <span class='ocrx_word' id='word_1_670' title='bbox 2404 4991 2770 5051; x_wconf 87' lang='lat' dir='ltr'><strong>influentiam</strong></span> <span class='ocrx_word' id='word_1_671' title='bbox 2804 4993 3206 5068; x_wconf 80' lang='lat' dir='ltr'><strong>corporalem3</strong></span> <span class='ocrx_word' id='word_1_672' title='bbox 3236 4993 3405 5054; x_wconf 85' lang='lat' dir='ltr'><strong>tertia</strong></span> <span class='ocrx_word' id='word_1_673' title='bbox 3422 5037 3441 5067; x_wconf 90' lang='lat'><strong>,</strong></span> <span class='ocrx_word' id='word_1_674' title='bbox 3472 4995 3553 5054; x_wconf 89' lang='lat' dir='ltr'><strong>ad</strong></span> <span class='ocrx_word' id='word_1_675' title='bbox 3580 4997 3831 5068; x_wconf 82' lang='lat' dir='ltr'><strong>gratiam</strong></span> 
     </span>
     <span class='ocr_line' id='line_1_99' title="bbox 2289 5084 3831 5163; baseline 0.004 -21"><span class='ocrx_word' id='word_1_676' title='bbox 2289 5084 2671 5158; x_wconf 84' lang='lat' dir='ltr'><strong>spiritualem.</strong></span> <span class='ocrx_word' id='word_1_677' title='bbox 2703 5089 2781 5144; x_wconf 92' lang='lat' dir='ltr'><strong>De</strong></span> <span class='ocrx_word' id='word_1_678' title='bbox 2806 5087 3002 5160; x_wconf 89' lang='lat' dir='ltr'><strong>prima</strong></span> <span class='ocrx_word' id='word_1_679' title='bbox 3022 5087 3221 5161; x_wconf 85' lang='lat' dir='ltr'><strong>psallit</strong></span> <span class='ocrx_word' id='word_1_680' title='bbox 3247 5088 3540 5163; x_wconf 85' lang='lat' dir='ltr'><strong>Propheta</strong></span> <span class='ocrx_word' id='word_1_681' title='bbox 3563 5088 3606 5125; x_wconf 88' lang='lat'><strong>¹⁰</strong></span> <span class='ocrx_word' id='word_1_682' title='bbox 3636 5108 3655 5145; x_wconf 76' lang='grc' dir='ltr'><strong><em>ε</em></strong></span> <span class='ocrx_word' id='word_1_683' title='bbox 3689 5110 3719 5143; x_wconf 73' lang='grc' dir='ltr'>ι</span> <span class='ocrx_word' id='word_1_684' title='bbox 3742 5093 3831 5148; x_wconf 89' lang='lat' dir='ltr'><strong>Tu</strong></span> 
     </span>
     <span class='ocr_line' id='line_1_100' title="bbox 2291 5180 3830 5258; baseline 0.003 -19"><span class='ocrx_word' id='word_1_685' title='bbox 2291 5184 2512 5254; x_wconf 90' lang='lat' dir='ltr'><strong>autem,</strong></span> <span class='ocrx_word' id='word_1_686' title='bbox 2540 5180 2785 5240; x_wconf 89' lang='lat' dir='ltr'><strong>Domine</strong></span> <span class='ocrx_word' id='word_1_687' title='bbox 2794 5221 2816 5253; x_wconf 94' lang='lat'><strong>,</strong></span> <span class='ocrx_word' id='word_1_688' title='bbox 2842 5181 2907 5240; x_wconf 89' lang='lat' dir='ltr'><strong>in</strong></span> <span class='ocrx_word' id='word_1_689' title='bbox 2931 5184 3214 5242; x_wconf 58' lang='lat' dir='ltr'><strong>aeternum</strong></span> <span class='ocrx_word' id='word_1_690' title='bbox 3240 5199 3553 5258; x_wconf 83' lang='lat' dir='ltr'><strong>permanes</strong></span> <span class='ocrx_word' id='word_1_691' title='bbox 3582 5204 3597 5242; x_wconf 89' lang='lat'><strong>:</strong></span> <span class='ocrx_word' id='word_1_692' title='bbox 3630 5204 3659 5240; x_wconf 74' lang='grc' dir='ltr'><strong>ιο</strong></span> <span class='ocrx_word' id='word_1_693' title='bbox 3690 5200 3830 5243; x_wconf 88' lang='lat' dir='ltr'><strong>ecce</strong></span> 
     </span>
    </p>
   </div>
   <div class='ocr_carea' id='block_1_18' title="bbox 2290 5305 3829 5443">
    <p class='ocr_par' dir='ltr' id='par_1_18' title="bbox 2290 5305 3829 5443">
     <span class='ocr_line' id='line_1_101' title="bbox 2290 5305 3829 5378; baseline 0.005 -22"><span class='ocrx_word' id='word_1_694' title='bbox 2290 5309 2340 5356; x_wconf 91' lang='lat'><strong>3.</strong></span> <span class='ocrx_word' id='word_1_695' title='bbox 2375 5332 2436 5344; x_wconf 93' lang='lat'>—</span> <span class='ocrx_word' id='word_1_696' title='bbox 2462 5307 2485 5342; x_wconf 80' lang='lat'><strong>‘¹</strong></span> <span class='ocrx_word' id='word_1_697' title='bbox 2521 5305 2696 5369; x_wconf 55' lang='grc' dir='ltr'><strong>Βαὰλ,</strong></span> <span class='ocrx_word' id='word_1_698' title='bbox 2725 5319 2773 5370; x_wconf 87' lang='grc' dir='ltr'><strong>ι,</strong></span> <span class='ocrx_word' id='word_1_699' title='bbox 2800 5309 2850 5360; x_wconf 76' lang='lat'><strong>2.</strong></span> <span class='ocrx_word' id='word_1_700' title='bbox 2884 5334 2938 5346; x_wconf 86' lang='lat'><strong>—-</strong></span> <span class='ocrx_word' id='word_1_701' title='bbox 2974 5310 2993 5341; x_wconf 83' lang='lat'>⁸</span> <span class='ocrx_word' id='word_1_702' title='bbox 3020 5308 3138 5370; x_wconf 77' lang='lat' dir='ltr'><strong>Job,</strong></span> <span class='ocrx_word' id='word_1_703' title='bbox 3167 5320 3399 5372; x_wconf 83' lang='lat' dir='ltr'><strong>xxxvm,</strong></span> <span class='ocrx_word' id='word_1_704' title='bbox 3430 5311 3507 5362; x_wconf 70' lang='grc'><strong>34.</strong></span> <span class='ocrx_word' id='word_1_705' title='bbox 3544 5336 3598 5348; x_wconf 88' lang='grc'>-</span> <span class='ocrx_word' id='word_1_706' title='bbox 3626 5312 3651 5347; x_wconf 74' lang='lat'><strong>⁹</strong></span> <span class='ocrx_word' id='word_1_707' title='bbox 3678 5311 3829 5378; x_wconf 66' lang='lat' dir='ltr'><strong>ibid„</strong></span> 
     </span>
     <span class='ocr_line' id='line_1_102' title="bbox 2291 5377 2910 5443; baseline 0.003 -15"><span class='ocrx_word' id='word_1_708' title='bbox 2291 5380 2369 5430; x_wconf 81' lang='grc'><strong>37.</strong></span> <span class='ocrx_word' id='word_1_709' title='bbox 2398 5404 2460 5417; x_wconf 92' lang='grc'>-</span> <span class='ocrx_word' id='word_1_710' title='bbox 2492 5380 2531 5413; x_wconf 82' lang='lat'><strong>¹⁰</strong></span> <span class='ocrx_word' id='word_1_711' title='bbox 2558 5377 2695 5432; x_wconf 74' lang='lat' dir='ltr'><strong>Psal.</strong></span> <span class='ocrx_word' id='word_1_712' title='bbox 2731 5391 2801 5443; x_wconf 80' lang='lat' dir='ltr'><strong>ci,</strong></span> <span class='ocrx_word' id='word_1_713' title='bbox 2832 5382 2910 5431; x_wconf 78' lang='lat'><strong>¹3.</strong></span> 
     </span>
    </p>
   </div>
  </div>
 </body>
</html>
