4196 6294
685 457 803 519 484

682 589 928 648 scrutari
963 608 977 647 ε
1009 588 1297 664 quoniam
1324 587 1654 660 ignoravit,
1691 588 1828 645 ideo
1868 600 2228 660 cognoscere

682 682 994 742 laboravit.
1015 686 1084 742 Et
1107 686 1271 755 nota,
1297 682 1465 757 quod
1492 684 1577 738 est
1603 682 1883 756 scrutatio
1909 679 2225 755 tripartita:

680 777 876 851 prima
908 776 1187 852 profana3
1223 775 1485 835 secunda
1533 791 1690 833 vana
1708 794 1726 849 3
1757 774 1926 833 tertia
1961 774 2227 832 christia-

681 887 781 930 na.
830 872 1023 930 Prima
1060 875 1148 929 est
1181 869 1568 929 scrutantium
1612 871 1676 928 in
1721 869 2061 946 ScripturiS,
2102 869 2226 926 sive

683 964 1113 1040 Scripturarum
1139 967 1242 1023 aut
1267 965 1691 1039 Prophetarum
1717 964 1952 1038 figuris,
1980 962 2226 1038 propria

679 1061 964 1136 figmenta
988 1105 1006 1135 ,
1052 1077 1178 1121 non
1225 1060 1484 1120 coelestia
1530 1063 1895 1119 sacramenta
1906 1080 1925 1133 3
1964 1060 2226 1118 secunda

680 1161 766 1214 est
791 1157 1174 1215 scrutantium
1201 1172 1307 1230 per
1331 1154 1602 1213 naturale
1640 1155 1845 1213 lumen
1880 1157 2226 1228 supernatu-

678 1251 827 1309 ralia
877 1252 1244 1310 sacramenta
1284 1268 1301 1321 3
1348 1248 1515 1307 tertia
1560 1251 1644 1306 est
1685 1250 2072 1307 scrutantium
2115 1263 2223 1322 per

676 1345 1121 1419 supernaturale
1201 1344 1406 1402 lumen
1493 1342 1963 1416 supernaturalia
2035 1358 2224 1400 sacra·

676 1442 893 1497 menta.
943 1438 1135 1496 Pfima
1181 1437 1459 1496 scrutatio
1493 1436 1905 1510 improbatur,
1938 1435 2044 1493 ubi
2073 1435 2224 1492 dixit

672 1532 855 1589 Jacob
894 1531 974 1589 ad
1000 1533 1198 1590 Laban
1229 1534 1246 1568 ¹
1283 1550 1297 1588 ε
1351 1550 1379 1585 α
1405 1532 1699 1588 Scrutatus
1748 1547 1811 1588 es
1846 1546 2086 1587 omnem
2124 1546 2223 1586 su-

672 1626 1027 1701 pellectilem
1055 1642 1269 1684 meam.
1301 1646 1330 1679 »
1364 1625 1522 1683 Sicut
1552 1625 1754 1682 Laban
1781 1625 1844 1683 in
1870 1624 2051 1682 Jacob
2080 1624 2222 1681 sub-

671 1723 883 1781 stantia
906 1722 1275 1781 scrutabatur
1304 1721 1548 1796 propria
1582 1720 1787 1792 idola,
1826 1719 1910 1776 sic
1944 1718 2220 1777 nonnulli

671 1815 734 1874 in
779 1816 981 1874 divina
1025 1815 1265 1874 scientia
1310 1818 1644 1873 scrutantur
1699 1830 1808 1872 sua
1843 1813 2079 1872 frivola.
2122 1816 2219 1873 Se-

671 1909 871 1969 cunda
924 1911 1199 1968 scrutatio
1255 1909 1639 1983 reprobatur,
1688 1909 1796 1967 ubi
1844 1908 2119 1967 scribitur
2143 1906 2165 1940 ²
2199 1926 2214 1965 ε

675 2029 704 2063 ι
732 2008 951 2068 Altiora
980 2011 1033 2065 te
1061 2022 1136 2065 ne
1166 2005 1494 2081 quaesieris,
1516 2008 1573 2063 et
1599 2004 1845 2064 fortiora
1870 2008 1925 2062 te
1954 2019 2030 2061 ne
2058 2020 2217 2062 scru-

671 2105 819 2162 tatus
862 2101 1060 2159 fueris,
1107 2121 1136 2155 »
1175 2100 1441 2159 Fortiora
1477 2117 1539 2157 se
1583 2103 1870 2157 scrutatur
1895 2140 1917 2170 ,
1959 2099 2063 2173 qui
2107 2114 2218 2172 per

669 2195 1038 2254 debilitatem
1078 2194 1323 2253 luminis
1368 2193 1654 2252 naturalis
1700 2196 2070 2252 sacramenta
2117 2210 2215 2251 su-

667 2289 1071 2365 pernaturalia
1101 2289 1387 2361 indagare
1422 2291 1700 2366 conatur,
1729 2291 1787 2346 et
1819 2287 1970 2346 forte
2007 2287 2212 2346 lumen

668 2383 869 2457 gratiae
910 2383 1139 2442 devotis
1176 2382 1545 2442 orationibus
1585 2382 1893 2457 acquirere
1921 2395 2212 2457 ‘asperna-

666 2484 778 2539 tur.
823 2481 1012 2540 Tertia
1054 2480 1331 2538 scrutatio
1361 2478 1762 2554 approbatur,
1794 2477 2026 2534 dicente
2052 2482 2210 2551 Apo-

620 2587 621 2590 ’
663 2576 817 2633 stolo
850 2576 872 2610 ³
900 2593 919 2631 ε
957 2594 985 2627 α
1010 2578 1089 2633 De
1133 2591 1255 2649 qua
1287 2571 1472 2631 salute
1511 2571 1943 2647 exquisierunt,
1971 2576 2026 2629 et
2053 2588 2212 2629 scru-

662 2669 766 2728 tati
793 2672 929 2726 sunt
953 2668 1289 2743 prophetes,
1317 2667 1421 2742 qui
1451 2667 1526 2724 de
1554 2666 1754 2724 futura
1779 2667 1842 2725 in
1870 2665 2045 2724 nobis
2073 2683 2209 2740 gra-

661 2763 742 2821 tia
769 2765 1304 2838 prophetaverunt,
1333 2764 1659 2821 scrutantes
1687 2760 1878 2835 quod,
1903 2761 2002 2817 vel
2031 2759 2206 2834 quale

659 2861 892 2931 tempus
946 2857 1305 2930 significaret
1358 2857 1422 2914 in
1470 2855 1554 2913 eis
1608 2855 1844 2929 spiritus
1894 2854 2120 2913 Christi.
2172 2876 2200 2909 ι»

659 2950 750 3008 Sic
768 2954 1119 3020 scrutantur,
1141 2950 1246 3024 qui
1268 2948 1597 3024 spiritualia
1625 2946 2029 3023 spiritualibus
2048 2964 2206 3005 com·

656 3060 903 3118 parare,
934 3048 1053 3102 tam
1081 3043 1347 3114 orando,
1376 3058 1559 3116 quam
1603 3041 1948 3099 meditando
1980 3041 2205 3099 luctan-

656 3139 750 3206 tur
761 3158 781 3211 3
813 3137 987 3213 quia,
1014 3138 1164 3199 sicut
1188 3136 1461 3196 scribitur
1488 3137 1566 3195 ab
1598 3137 1921 3210 Augustino
1942 3136 1964 3172 ⁸
1991 3154 2005 3193 ε
2034 3156 2063 3190 (ι
2091 3136 2203 3206 Qui

656 3231 991 3291 didicerunt
1016 3249 1053 3291 a
1081 3233 1332 3292 Domino
1377 3235 1513 3290 Jesu
1541 3232 1766 3290 Christo
1798 3231 1969 3290 mites
1996 3247 2122 3289 esse
2147 3235 2203 3289 et

652 3325 906 3384 humiles
931 3326 1139 3393 corde,
1167 3326 1304 3400 plus
1331 3325 1651 3399 cogitando
1677 3329 1734 3384 et
1761 3326 1993 3384 orando
2019 3325 2200 3399 profi-

652 3420 841 3493 ciunt,
868 3436 1053 3495 quam
1080 3420 1338 3494 legendo
1366 3423 1425 3477 et
1451 3419 1771 3478 audiend0.
1803 3440 1832 3473 n

1147 3578 1438 3636 Articulus
1474 3582 1721 3650 quartus.

718 3705 809 3766 Ad
835 3703 1286 3777 intelligentiam
1312 3703 1644 3777 naturalem
1672 3701 1917 3759 attinere
1949 3701 2194 3774 dignos·

647 3803 816 3873 citur,
847 3798 1015 3874 quod
1042 3798 1256 3856 dicitur
1283 3815 1297 3854 ε
1328 3799 1534 3853 Anima
1559 3812 1695 3853 mea.
1729 3794 1958 3865 Qualis,
1989 3800 2191 3869 putas,

646 3896 878 3965 anima,
905 3892 1020 3951 nisi
1066 3892 1261 3966 qualis
1313 3890 1538 3949 dixerat
1590 3893 1764 3948 antea
1786 3892 1816 3945 ⁶?
1864 3892 2007 3947 Puta
2053 3905 2192 3947 cum

644 3988 1036 4065 prudentibus
1062 3986 1276 4045 mirata
1300 3991 1359 4043 et
1395 3988 1687 4058 scrutata3
1715 3999 1840 4042 non
1887 4000 2025 4042 cum
2051 4000 2191 4055 par-

643 4083 799 4141 vulis
820 4082 1109 4140 illustrata
1125 4123 1145 4153 ,
1177 4079 1467 4155 quoniam
1493 4078 1957 4152 incompetenter
1982 4077 2188 4152 dispo-

643 4177 771 4235 sita.
804 4180 870 4235 Et
893 4178 1036 4234 nota
1064 4173 1357 4249 triplicem
1386 4173 1601 4230 animoe
1628 4170 2078 4245 dispositionem
2108 4171 2189 4230 ad

641 4269 968 4345 sapientem
1006 4265 1568 4341 contemplationem
1587 4284 1605 4336 3
1645 4265 1865 4322 scilicet
1904 4264 2188 4323 collucta-

641 4365 901 4436 tionem,
945 4361 1382 4431 extensionem,
1430 4359 1815 4419 directionem
1834 4403 1854 4432 ,
1896 4364 2187 4435 quantum

641 4459 721 4518 ad
762 4458 976 4518 animae
1017 4456 1341 4527 rationem,
1370 4454 1774 4527 affectionem,
1814 4459 1872 4513 et
1914 4454 2049 4512 finis
2087 4456 2185 4513 in·-

640 4554 984 4612 tentionem.
1028 4556 1108 4611 De
1151 4552 1347 4625 primo
1395 4550 1667 4610 scribitur
1691 4551 1713 4586 ⁸
1754 4569 1769 4609 z
1803 4569 1832 4606 α
1861 4551 2187 4612 Colluctata

638 4652 723 4707 est
749 4648 949 4707 anima
975 4661 1112 4704 mea
1136 4644 1199 4702 in
1227 4644 1360 4716 illa,
1379 4665 1408 4699 n
1439 4643 1659 4703 scilicet
1683 4643 1971 4720 sapientia
2003 4665 2018 4704 ε
2047 4662 2184 4720 ecce

639 4741 975 4801 colluctatio
1028 4738 1294 4798 rationiS.
1352 4741 1428 4797 De
1482 4739 1745 4797 secundo
1796 4740 2070 4799 subditur
2107 4743 2129 4776 ⁶
2163 4759 2180 4799 ε

642 4855 670 4890 α
696 4839 898 4895 Manus
925 4850 1089 4892 meas
1112 4833 1351 4891 extendi
1378 4833 1442 4889 in
1469 4834 1685 4901 altum,
1714 4837 1769 4891 et
1800 4833 1864 4891 in
1892 4834 2184 4910 sapientia

637 4930 763 5002 eJus
783 4928 933 4986 luxit
959 4928 1160 4986 anima
1187 4943 1323 4985 mea
1348 4926 1421 5002 (a)
1450 4945 1518 4984 :n
1543 4943 1678 4985 ecce
1710 4928 1972 4986 extensio
2001 4928 2180 4986 affec-

636 5022 810 5082 tionis
835 5039 942 5098 per
956 5022 1337 5082 devotionem
1357 5021 1662 5080 orationis·
1677 5024 1754 5080 De
1773 5021 1944 5080 tertio
1966 5038 2178 5097 super-

699 5192 719 5228 ¹
747 5192 890 5257 Gen„
919 5205 1068 5259 xxxi,
1092 5194 1171 5244 37.
1193 5220 1257 5231 —
1286 5194 1308 5228 ²
1336 5192 1513 5257 Eccli„
1541 5206 1623 5258 111,
1658 5196 1736 5246 22.
1764 5220 1826 5231 -
1859 5194 1877 5223 ³
1906 5194 1926 5243 l
1956 5196 2108 5249 Petr..
2139 5204 2177 5257 1,

636 5267 721 5328 ¹⁰,
752 5269 829 5314 Η.
861 5291 924 5303 -
953 5265 975 5300 ⁸
999 5268 1150 5330 Aug,
1182 5265 1270 5315 lib.
1310 5264 1371 5314 de
1396 5264 1499 5314 vid.
1529 5266 1657 5328 Deo,
1688 5280 1734 5315 c.
1764 5276 1801 5314 1.
1841 5292 1898 5301 —
1938 5266 1960 5299 ⁸
1995 5263 2178 5323 Eccli„

631 5347 712 5457 εἷ’,
757 5339 838 5457 ἓξ».
878 5360 942 5373 -—
985 5337 1004 5367 ⁵
1048 5337 1200 5398 ibid„
1246 5339 1325 5386 26.
1368 5362 1431 5372 -
1478 5338 1493 5365 ⁷
1540 5335 1688 5399 thid„
1736 5339 1814 5386 27.
1863 5362 1927 5373 —·-
1976 5340 1992 5365 ⁸
2035 5336 2177 5399 Sap„

709 5443 727 5471 ,
818 5441 831 5454 .

1731 446 2142 517 EXPOSITIO
2185 447 2266 514 IN
2307 446 2831 514 PSALTERIUM.

2334 584 2572 642 additur
2598 585 2619 617 ⁷
2649 603 2664 641 ε
2698 606 2725 638 (ι
2742 585 3016 644 Animam
3041 602 3241 645 meam
3270 588 3460 647 direxi
3486 590 3566 648 ad
3592 589 3759 650 illam
3775 634 3793 664 ,
3822 597 3886 650 et

2331 678 2396 735 in
2424 677 2725 752 agnitione
2754 679 2960 739 inveni-
2981 695 3116 738 eam
3147 701 3165 738 ε
3197 702 3225 735 ιο
3258 698 3392 742 ecce
3420 684 3663 744 directio
3689 686 3885 745 inten-

2331 773 2508 832 tionis
2532 774 2612 831 ad
2636 772 2894 833 fructum
2919 775 3340 836 aedificationis.

2971 937 3228 1005 Epilogus,

2400 1059 2672 1132 Loquens
2738 1075 2879 1132 ergo
2945 1061 3441 1136 psalmographus
3494 1080 3568 1123 ex
3619 1082 3875 1140 persona

2329 1155 2741 1230 prudentium,
2770 1157 2833 1214 in
2858 1157 3082 1217 lumine
3109 1161 3357 1235 proprio
3381 1164 3823 1236 procedentium
3850 1210 3868 1238 ‚

2329 1254 2386 1307 et
2428 1250 2693 1309 divinam
2741 1253 3092 1327 sapientiam
3119 1255 3180 1312 in
3228 1257 3523 1330 mysteriis
3553 1258 3871 1319 abscondi-

2326 1345 2448 1401 tam
2498 1345 2815 1420 propalare
2869 1347 3231 1406 studentium
3259 1392 3278 1422 ,
3334 1350 3415 1409 ait
3471 1370 3486 1409 ε
3545 1355 3863 1426 Min-abilin,

2328 1442 2616 1512 quantum
2638 1438 2717 1496 ad
2741 1440 3006 1513 primum
3032 1443 3547 1518 contemplationis
3571 1446 3862 1518 effectum,

2326 1532 2547 1590 scilicet
2571 1533 3024 1592 admirationem
3035 1555 3053 1607 3
3085 1539 3408 1596 Taetimonia
3428 1544 3525 1596 tua
3537 1582 3557 1611 ,
3578 1545 3863 1614 quantum

2327 1625 2406 1682 ad
2439 1627 2950 1701 contemplationis
2990 1630 3291 1703 objectum
3314 1674 3332 1704 ,
3377 1632 3595 1693 scilicet
3632 1635 3862 1709 sapien-

2324 1719 2470 1777 tiam
2496 1720 2888 1794 spiritualem3
2919 1723 3043 1780 ideo
3079 1729 3322 1781 scrutata
3343 1730 3422 1783 est
3443 1743 3538 1794 ea,
3577 1729 3861 1800 quantum

2326 1813 2404 1871 ad
2428 1815 2756 1872 secundum
2784 1817 3294 1890 contemplationis
3320 1819 3621 1892 effectum,
3646 1820 3861 1878 scilicet

2322 1908 2881 1981 perscrutationem3
2912 1912 3110 1968 Anima
3134 1929 3282 1981 mea,
3306 1915 3598 1986 quantum
3624 1914 3702 1971 ad
3727 1929 3859 1972 con·
3909 1957 3925 1967 .

2321 2001 2718 2075 templationis
2743 2003 3070 2076 subjectum
3087 2048 3108 2078 ,
3150 2004 3370 2063 scilicet
3413 2006 3852 2080 intelligentiam

2321 2095 2675 2155 naturalem.

2866 2244 3199 2291 melcoma
3232 2248 3295 2291 11.

2397 2383 2520 2439 ¹30.
2547 2385 2852 2439 Declaratio
2878 2398 3177 2441 sermonum
3197 2390 3409 2441 tuomm
3427 2387 3731 2461 illuminat,
3745 2392 3852 2446 etc.

2318 2477 2397 2532 De
2425 2474 2714 2548 sapientia
2740 2477 3131 2550 prudentibus
3160 2477 3510 2539 abscondita
3546 2482 3849 2542 dissertum

2319 2572 2405 2626 est
2430 2585 2466 2626 a
2493 2569 2796 2628 Psalmista
2813 2590 2832 2643 3
2872 2570 2947 2629 de
2976 2571 3264 2646 sapientia
3298 2574 3565 2647 parvulis
3598 2576 3853 2633 revelata

2317 2662 2731 2721 disserendum
2760 2666 2935 2723 estin
2974 2671 3142 2740 parte
3184 2667 3314 2725 ista.
3364 2667 3679 2726 prudentes
3721 2670 3850 2743 qui-

2318 2754 2457 2814 dem
2483 2762 2836 2832 acceperunt
2878 2764 3110 2833 partem
3149 2760 3662 2835 contemplationis
3699 2763 3856 2838 prio-

2313 2867 2479 2924 rem3
2510 2853 2616 2910 sed
2643 2853 2876 2927 parvuli
2911 2855 3230 2928 potiorem.
3273 2856 3392 2915 lllis
3420 2858 3627 2917 datum
3653 2863 3738 2917 est
3763 2859 3854 2915 in-

2315 2946 2552 3018 cognita
2579 2947 2814 3018 mirari,
2842 2947 3048 3005 abdita
3071 2950 3460 3023 perscrutari3
3492 2951 3614 3009 istis
3650 2952 3853 3009 datum

2314 3043 2400 3097 est
2438 3041 2666 3110 coelitus
2691 3041 3046 3114 illuminari,
3079 3046 3136 3100 et
3174 3044 3515 3102 medullitus
3552 3045 3850 3104 delectari.

2311 3133 2468 3192 Sicut
2507 3134 2572 3193 in
2607 3135 3103 3211 contemplatione
3139 3137 3525 3212 prudentium
3561 3142 3848 3214 cognovi-

2310 3246 2443 3287 mus
2471 3233 2668 3287 actum
2712 3230 3040 3305 duplicem,
3072 3231 3442 3307 interjectum
3481 3235 3630 3293 inter
3673 3236 3845 3295 intel-

2307 3322 2524 3380 lectum
2553 3329 2610 3382 et
2635 3325 2762 3396 eJ'us
2789 3325 3126 3397 obJectum3
3153 3326 3236 3386 sic
3260 3326 3323 3383 in
3353 3329 3847 3404 contemplatione

2306 3418 2699 3491 parvulorum
2748 3422 3124 3492 agnoscimus
3177 3422 3451 3480 effectum
3498 3423 3798 3497 duplicem
3822 3467 3844 3496 ,

2306 3511 2694 3587 interceptum
2723 3513 2871 3572 inter
2898 3515 3188 3590 recipiens
3211 3520 3269 3573 et
3307 3522 3611 3591 receptum
3641 3537 3656 3574 :
3688 3517 3846 3575 vide-

2303 3604 2441 3664 licet
2482 3606 2977 3667 illuminationem
3007 3651 3026 3682 ,
3071 3614 3127 3667 et
3167 3610 3579 3669 delectabilem
3622 3611 3846 3686 perfec-

2302 3702 2560 3773 tionem,
2597 3718 2700 3759 seu
2744 3702 3126 3777 perfectivam
3173 3704 3661 3777 delectationem,
3697 3705 3844 3762 inter

2303 3795 2642 3854 divinorum
2669 3795 3151 3873 declarationem,
3174 3802 3231 3857 et
3253 3798 3526 3858 cordium
3551 3816 3842 3874 praepara-

2299 3890 2541 3949 tionem.

2800 3965 3084 4022 Articulus
3117 3969 3343 4037 primus.

2370 4083 2676 4139 Declaratio
2699 4124 2719 4154 ,
2768 4082 3004 4157 inquit,
3058 4099 3357 4141 sermonum
3411 4087 3641 4141 tucrum.
3697 4087 3837 4142 Ecce

2300 4173 2619 4232 declaratio
2676 4175 3068 4247 divinorum3
3117 4192 3253 4234 ecce
3308 4176 3496 4234 divini
3550 4177 3836 4236 sermonis

2297 4268 2643 4343 mysterium
2672 4309 2693 4338 ,
2739 4269 2908 4343 quod
2956 4269 3031 4326 de
3071 4286 3256 4328 manu
3302 4269 3399 4327 Dei
3450 4271 3834 4346 suscipimuS,

2295 4361 2464 4436 quod
2532 4362 2815 4421 cordibus
2886 4362 3252 4420 custodimus
3288 4406 3308 4435 ‚
3379 4366 3444 4421 ut
3514 4364 3834 4422 aedificetur

2293 4455 2600 4529 proximus
2641 4498 2661 4528 ,
2718 4460 2774 4514 et
2838 4455 3197 4529 glorificetur
3259 4457 3604 4516 AltissimuS.
3672 4458 3832 4516 Unde

2293 4550 2624 4606 notandum
2652 4590 2671 4621 ,
2701 4549 2870 4623 quod
2912 4549 3187 4622 leguntur
3233 4566 3534 4609 sermones
3567 4552 3835 4626 hujusce·

2294 4643 2462 4701 modi
2506 4643 2568 4701 in
2614 4658 2798 4701 manu
2838 4643 3074 4701 Domini
3128 4645 3501 4718 conservari,
3551 4646 3832 4704 cordibus

2291 4737 2606 4795 hominum
2647 4737 3097 4809 commendari,
3144 4739 3201 4796 et
3247 4753 3354 4813 per
3399 4739 3599 4813 ipsum
3641 4742 3832 4798 Domi-

2289 4847 2437 4890 num
2484 4832 2902 4890 consummari.
2945 4831 3163 4903 Quaeris
3193 4875 3212 4906 ,
3256 4849 3442 4907 quare
3475 4836 3503 4891 ⁶?
3539 4834 3833 4903 Quoniam

2289 4927 2474 5002 ipsius
2524 4932 2610 4986 est
2654 4945 2914 4987 reserare
2950 4949 2968 5003 3
3001 4928 3186 5004 ipsius
3227 4932 3313 4987 est
3371 4930 3662 5004 imperare
3691 4952 3711 5004 3
3742 4931 3833 5004 ip-

2290 5021 2409 5079 sius
2460 5026 2547 5081 est
2588 5022 2979 5082 remunerari.
3020 5026 3100 5081 De
3126 5024 3321 5098 primo
3349 5024 3683 5097 legimns⁸=
3720 5027 3832 5083 «In

2289 5130 2473 5173 manu
2499 5116 2660 5175 enim
2686 5117 2846 5175 illius
2882 5121 2939 5175 et
2963 5133 3075 5176 nos
3091 5160 3112 5192 ,
3143 5120 3201 5176 et
3228 5134 3532 5176 sermones
3561 5118 3768 5177 nostri.
3798 5140 3827 5171 n

2289 5212 2492 5268 Nonne
2543 5211 2713 5269 vides
2770 5228 3074 5271 sermones
3126 5216 3501 5290 conservatos
3542 5211 3609 5270 in
3651 5228 3836 5272 manu

2354 5334 2420 5398 (a)
2452 5334 2595 5399 Vulq.
2621 5335 2964 5401 insipientiam
2987 5337 3099 5402 ejus
3124 5336 3249 5401 luxi3
3279 5339 3439 5389 Lxx:
3465 5340 3527 5390 τὰ
3546 5340 3833 5406 ἀγνοήματα

2287 5408 2433 5467 αὐτῆς
2462 5408 2718 5468 ἐπένθησα.
