4196 6294
1615 414 1931 483 PSALMU
1935 415 1978 481 S
2020 412 2280 481 omn.
3420 411 3539 476 533

344 553 651 612 mundana
701 553 1081 615 aestimatione
1101 596 1121 627 ‚
1162 557 1265 631 qui
1326 570 1449 614 non
1504 552 1878 629 apparebunt
1991 549 2354 620 secundum,
2386 546 2467 606 ad
2490 544 2763 605 divinum
2788 546 3092 620 aspectum
3104 564 3125 615 3
3163 543 3432 616 tertium,
3456 542 3538 602 ad

342 646 554 704 mundi
605 646 668 704 in
719 647 825 706 illa
869 649 1319 708 examinatIone.
1369 652 1447 707 De
1503 647 1765 706 secundo
1809 650 1870 706 ¹:

348 758 377 795 α
403 743 531 798 Νοιι
556 741 753 799 veniet
777 740 840 800 in
879 746 1197 818 conspectu
1222 744 1350 818 eius
1378 743 1573 802 omnis
1599 741 1879 817 hypocri-

341 837 402 893 te
428 875 452 907 ,
491 854 519 889 ιι
569 834 789 893 scilicet
849 836 912 892 in
967 842 1285 912 conspectu
1333 836 1747 912 approbativo.
1795 838 1874 893 De

340 929 510 988 tertio
536 930 559 964 ²
594 947 610 987 ε
650 947 679 983 «
704 930 871 988 Fiant
891 935 1234 991 corruentes
1257 931 1322 989 in
1350 934 1669 1006 conspectu
1691 934 1821 1002 tuo,
1841 949 1870 984 n

340 1023 557 1082 scilicet
580 1023 1002 1098 improbativo.

975 1187 1237 1252 Epilogus.

406 1309 564 1365 Patet
609 1307 810 1380 itaque
845 1322 1013 1365 mens
1039 1308 1342 1383 Prophetae
1384 1323 1562 1382 super
1602 1306 1871 1381 specula-

337 1401 496 1459 tione
541 1399 757 1473 judicis
774 1444 794 1473 ,
848 1417 1030 1476 quam
1077 1402 1351 1476 exprimit
1387 1402 1450 1460 in
1493 1401 1585 1459 his
1626 1400 1869 1459 verbis,

338 1494 560 1552 Servavi
603 1495 865 1552 mandata
911 1499 1032 1565 tua,
1082 1500 1371 1569 quantum
1426 1494 1504 1553 ad
1557 1495 1873 1569 imperium

337 1587 551 1645 divinoe
579 1588 930 1660 voluntatis3
959 1591 1028 1645 Et
1059 1591 1369 1647 testimonia
1404 1593 1501 1645 tua
1518 1631 1538 1660 ,
1582 1591 1871 1662 quantum

229 1706 237 1714 ·
335 1681 732 1755 adjudicium
766 1682 983 1740 divinae
1027 1681 1323 1756 veritatis3
1367 1684 1510 1751 Quia
1555 1699 1730 1740 omnes
1769 1686 1872 1740 vioe

334 1793 461 1833 meoe
476 1819 496 1848 ,
533 1779 824 1851 quantum
873 1777 954 1835 ad
989 1776 1130 1834 vitia
1177 1776 1453 1834 humanae
1495 1776 1869 1848 temeritatis;

333 1874 400 1928 ln
427 1878 706 1945 conspectu
746 1882 870 1938 tuo,
904 1875 1194 1947 quantum
1221 1872 1299 1930 ad
1321 1871 1614 1944 judicium
1656 1871 1870 1931 divinae

332 1966 668 2038 severitatis.

882 2115 1208 2160 muslcums
1243 2116 1324 2159 11.

406 2253 526 2308 169.
554 2251 967 2323 Appropinquet
992 2249 1297 2322 deprecatio
1320 2265 1457 2322 mea,
1482 2252 1592 2308 etc.
1625 2252 1870 2308 octona—

328 2344 450 2402 rius
473 2343 637 2418 prior
661 2344 974 2417 proposuit
1007 2343 1425 2419 persecutionis
1446 2343 1712 2417 gladium
1723 2362 1743 2416 3
1773 2359 1871 2402 oc-

327 2436 590 2495 tonarius
601 2435 709 2495 iste
721 2438 1009 2512 posterior
1021 2437 1268 2513 apponit
1276 2438 1555 2497 orationis
1569 2436 1842 2512 clypeum
1851 2480 1865 2495 .

328 2535 394 2591 ln
442 2534 609 2605 cujus
651 2533 838 2607 priori
883 2534 1258 2609 quaternario
1304 2536 1661 2607 praenotatur
1705 2532 1869 2590 istius

279 2649 288 2658 ·
330 2627 523 2702 clypei
550 2627 869 2702 spiritualis
887 2628 1126 2698 erectio;
1152 2628 1215 2684 in
1232 2627 1542 2702 posteriori
1560 2642 1699 2685 vero
1729 2627 1870 2685 sub-

330 2725 563 2781 notatur
618 2721 801 2796 ipsius
848 2721 1150 2796 protectio,
1207 2726 1270 2780 ln
1328 2721 1596 2793 ejusdem
1648 2721 1865 2795 clypei,

329 2816 550 2873 scilicet
574 2814 858 2874 orationis
874 2815 1189 2884 erectione,
1205 2813 1437 2872 videtur
1451 2813 1598 2873 fides
1626 2815 1864 2888 instare,

329 2925 462 2985 spes
487 2909 748 2984 pulsare,
776 2908 1025 2966 charitas
1059 2909 1159 2965 Dei
1187 2907 1426 2979 intrare,
1455 2908 1706 2966 charitas
1732 2924 1867 2982 pro-

327 3003 473 3061 ximi
499 3004 839 3076 impetrare3
868 3002 1015 3059 sicut
1068 3005 1323 3077 quatuor
1366 3018 1569 3060 versus
1613 3019 1866 3077 praeam-

327 3097 456 3157 buli
482 3100 762 3156 resonant
795 3095 934 3154 satis
977 3096 1157 3155 clare.
1202 3096 1460 3166 Qualiter
1486 3099 1683 3155 autem
1716 3097 1867 3157 fides

327 3191 534 3262 instat,
586 3206 694 3266 per
746 3206 984 3247 versum
1045 3191 1308 3264 primum
1370 3190 1866 3266 psalmographus

146 3289 300 3335 Fides.
326 3286 578 3344 fideliter
604 3285 951 3343 manifestat.
1007 3284 1176 3342 Fides
1226 3284 1386 3342 enim
1400 3327 1421 3356 ,
1452 3290 1735 3360 tanquam
1765 3286 1868 3346 ha-

328 3380 486 3438 bitus
513 3383 632 3438 Deo
662 3379 927 3452 devotuS,
959 3378 1067 3437 sed
1084 3380 1162 3437 ab
1183 3394 1255 3437 eo
1269 3382 1531 3437 remotus
1540 3398 1560 3451 3
1591 3380 1866 3454 devotuS,

327 3474 596 3549 inquam,
625 3472 869 3545 affectu,
897 3472 1002 3531 sed
1036 3476 1297 3532 remotus
1347 3473 1645 3530 intellectu
1673 3492 1688 3531 :
1723 3474 1867 3549 quia

327 3568 490 3625 videt
512 3582 620 3641 per
643 3567 981 3642 speculum,
1017 3582 1141 3626 non
1179 3567 1355 3625 oculo
1383 3567 1463 3624 ad
1493 3568 1733 3625 oculum
1743 3585 1763 3640 ;
1792 3584 1864 3626 ex

329 3675 464 3735 quo·
494 3677 616 3720 non
656 3664 849 3736 potest
895 3660 1121 3718 mittere
1169 3677 1343 3718 suum
1388 3660 1748 3718 intellectum
1786 3661 1865 3720 ad

329 3756 601 3814 divinum
643 3758 981 3830 aspectum,
1023 3754 1195 3812 mittit
1232 3771 1407 3812 suum
1433 3755 1729 3828 affectum,
1758 3772 1863 3829 pe-

327 3854 454 3909 tens
508 3866 545 3907 a
606 3852 722 3907 Deo
777 3848 1093 3905 mirificum
1148 3847 1515 3906 liberationis
1555 3848 1866 3922 effectum,

322 3945 490 4015 juxta
524 3943 832 4018 publicum
875 3940 1329 3999 instrumentum
1383 3957 1560 4016 super
1604 3958 1676 4000 eo
1724 3957 1863 4001 con-

325 4037 561 4096 fectum.
591 4039 711 4095 Hoc
754 4033 1206 4092 instrumentum
1248 4035 1557 4110 publicum
1599 4038 1686 4094 est
1712 4036 1865 4095 illud

329 4130 635 4205 eloquium
652 4127 1060 4201 evangelicum
1085 4128 1107 4164 ⁸
1138 4146 1154 4185 ε
1186 4148 1213 4181 α
1241 4129 1450 4187 Omnia
1468 4146 1863 4205 quaecumque

329 4226 563 4282 orantes
588 4222 800 4297 petiti5‚
834 4221 1053 4278 credite
1088 4221 1229 4295 quia
1269 4221 1602 4296 accipietis,
1633 4229 1689 4283 et
1731 4239 1863 4283 eve-

327 4317 489 4375 nient
515 4316 704 4375 vobis.
739 4337 767 4371 ι)
797 4319 1110 4390 Propterea
1135 4314 1276 4380 dicit
1300 4315 1587 4390 Propheta
1614 4335 1628 4374 ε
1660 4318 1866 4391 Appro.

321 4414 572 4485 pinquet,
600 4414 735 4482 etc„
773 4426 843 4468 ac
888 4409 937 4466 si
975 4409 1131 4466 dicat
1177 4425 1192 4464 ε
1236 4409 1684 4483 Appropinquet
1721 4411 1865 4469 fidei

326 4504 667 4580 petitorium
693 4504 758 4562 in
785 4504 885 4562 Dei
920 4502 1362 4574 consistorium,
1401 4504 1569 4576 juxta
1607 4504 1865 4562 veritatis

328 4608 669 4683 eloquium,
720 4611 926 4682 petens
992 4605 1292 4682 potestatis
1340 4605 1651 4678 judicium.
1702 4608 1865 4667 Unde

326 4701 773 4778 perpendimus,
801 4701 967 4776 quod
1012 4704 1267 4774 quatuor
1298 4700 1556 4759 continet
1595 4701 1701 4759 iste
1739 4718 1867 4760 ver-

328 4812 450 4868 suS,
477 4795 749 4854 videlicet
767 4795 909 4853 fidei
936 4793 1296 4870 petitorium,
1315 4786 1413 4852 Dei
1432 4794 1864 4869 consistorium,

328 4888 585 4949 veritatis
607 4889 933 4964 eloquium,
953 4892 1011 4946 et
1035 4886 1333 4963 potestatis
1352 4888 1645 4961 judicium
1675 4907 1690 4947 ε
1721 4907 1870 4965 quo-

329 5000 464 5043 rum
488 4983 750 5059 primum
787 4983 1038 5058 pertinet
1075 4982 1155 5039 ad
1189 4981 1519 5040 humanum
1555 4983 1829 5043 affectum
1843 5005 1862 5059 ;

401 5155 419 5189 ¹
439 5153 550 5217 Joh,
570 5166 686 5210 1111,
713 5156 787 5204 16.
813 5180 874 5190 —-
898 5154 916 5184 ²
938 5152 1139 5214 λεν-επ,
1162 5164 1312 5216 xvm,
1346 5156 1427 5204 23.
1455 5180 1515 5191 -—
1535 5156 1554 5185 ³
1580 5157 1756 5218 Marc„
1791 5167 1866 5220 xl,

333 5226 413 5274 2⁴.
449 5251 512 5262 —
551 5228 570 5256 ⁴
602 5225 798 5286 Iudith,
830 5238 906 5287 lx,
939 5227 1011 5275 16.
1042 5250 1105 5261 —
1130 5224 1153 5258 ⁸
1175 5225 1303 5288 lac„
1329 5238 1381 5290 V,
1419 5230 1493 5276 16.
1523 5252 1584 5263 —-
1612 5227 1634 5262 ⁰
1664 5230 1861 5292 leo-em„

333 5307 532 5358 mvn,
562 5299 640 5349 19.
668 5322 731 5334 —
761 5298 777 5326 ⁷
805 5296 942 5348 Psal.
974 5307 1092 5359 exn,
1118 5297 1168 5346 2.
1190 5320 1252 5335 --
1275 5296 1298 5332 ⁸
1327 5297 1467 5349 Psal.
1495 5310 1623 5363 xvn,
1650 5300 1701 5363 7,
1732 5302 1778 5351 8.
1808 5327 1862 5337 -

335 5364 356 5394 ⁰
381 5365 560 5432 Bccti„
585 5379 735 5433 xvm,
761 5369 846 5422 2⁰.

1991 649 2445 708 instrumentum
2473 644 2834 715 coniectum;
2881 645 3191 718 quartum,
3236 642 3317 702 ad
3361 641 3539 702 mira·

1992 744 2269 803 culosum
2294 740 2588 801 effectum.

2493 898 2775 956 Articulus
2804 899 3036 969 primus.
3138 931 3147 940 -

2058 1025 2221 1084 Fidei
2255 1022 2594 1099 petitorium
2652 1021 2995 1093 denotatur,
3062 1036 3199 1080 cum
3253 1020 3466 1079 dicitur
3512 1042 3527 1081 :

1988 1121 2408 1196 Appropinquet
2435 1118 2742 1190 deprecatio
2768 1131 2886 1172 mea
2894 1135 2913 1188 ;
2945 1115 3115 1189 quasi
3142 1114 3329 1173 dicat:
3359 1115 3531 1174 Fides

1983 1211 2353 1291 prophetica,
2380 1212 2479 1270 vel
2524 1211 2722 1287 potius
2747 1225 2823 1268 ex
2866 1208 2988 1267 fide
3033 1209 3357 1285 Propheta,
3385 1209 3530 1284 quia

1983 1308 2316 1383 longinqua
2343 1310 2430 1364 est
2449 1305 2771 1381 speculatio
2807 1303 3191 1375 intellectiva,
3238 1303 3345 1361 fiat
3384 1317 3526 1377 pro·

1984 1402 2215 1477 pinque
2238 1400 2554 1476 postulatio
2598 1397 2886 1457 affectiva.
2911 1400 2978 1455 Et
3015 1401 3157 1456 nota
3183 1396 3338 1455 circa
3421 1394 3525 1453 de-
3592 1411 3757 1466 nepu-

1982 1495 2413 1570 precationem,
2441 1492 2731 1567 triplicem
2757 1490 3172 1566 proprietatem
3187 1531 3206 1562 ‚
3249 1487 3526 1549 videlicet
3565 1471 3750 1589 ῗξὲἳζζ·

1982 1588 2402 1659 humilitatem,
2472 1586 2900 1654 assiduitatem,
2972 1583 3456 1643 affectuositatem
3504 1601 3520 1640 ε
3562 1596 3755 1652 proprio-

1981 1682 2282 1741 humilitas
2334 1680 2589 1739 multum
2627 1679 2853 1755 placet3
2903 1677 3217 1737 assiduitas
3268 1677 3525 1735 multum
3568 1663 3651 1703 ω·

1983 1771 2171 1844 valet3
2230 1770 2334 1829 sed
2389 1768 2782 1828 affectuositas
2846 1768 3102 1826 multum
3165 1769 3383 1826 movet.
3443 1770 3523 1825 De

1981 1868 2178 1942 primo
2207 1868 2229 1902 ¹·
2259 1886 2273 1924 :
2302 1887 2330 1922 «
2355 1867 2680 1925 Humilium
2705 1871 2763 1924 et
2801 1867 3246 1924 mansuetorum
3290 1877 3524 1937 semper

1981 1962 2089 2020 tibi
2136 1960 2359 2037 placuit
2400 1961 2737 2035 deprecatio
2779 1979 2794 2018 ε
2843 1979 2872 2014 ιο
2919 1975 3054 2018 ecce
3091 1955 3525 2032 deprecationis

1980 2056 2301 2114 humilitas
2341 2058 2420 2114 [be
2460 2055 2722 2113 secundo
2748 2055 2771 2090 ⁸
2801 2073 2816 2111 :
2846 2072 2875 2108 α
2920 2053 3163 2112 Multum
3209 2051 3371 2110 valet
3420 2050 3525 2109 de-

1982 2153 2242 2228 precatio
2276 2152 2415 2225 Justi
2443 2150 2680 2210 assidua
2710 2168 2775 2208 ε»
2809 2164 2939 2208 ecce
2974 2145 3401 2222 deprecationis
3431 2159 3524 2201 as·-

1980 2247 2241 2305 siduitas.
2289 2249 2366 2305 De
2394 2246 2563 2305 tertio
2591 2247 2614 2283 ⁸
2643 2261 2659 2301 ι
2694 2267 2722 2298 «
2749 2242 2991 2303 nomine
3037 2242 3116 2299 mi
3162 2256 3289 2313 rex,
3323 2239 3523 2298 valeat

1981 2340 2318 2417 deprecatio
2362 2355 2499 2398 mea
2538 2339 2601 2396 in
2651 2340 2969 2413 conspectu
2994 2340 3098 2395 tuo
3128 2352 3145 2394 ε
3174 2356 3203 2388 »
3236 2348 3372 2393 ecce
3415 2332 3521 2391 de-

1978 2435 2331 2510 precationis
2362 2431 2773 2494 affectuositas.

2458 2591 2732 2648 Articulus
2756 2589 3032 2647 secundus.

2052 2719 2151 2778 Dei
2179 2716 2589 2778 consistorium
2617 2715 2998 2787 subnotatur,
3040 2731 3178 2775 cum
3205 2716 3515 2777 subditur:
3546 2734 3629 2778 nei
3655 2746 3757 2778 oon-

1977 2818 2045 2872 In
2069 2818 2352 2887 conspectu
2368 2817 2479 2869 tuo.
2501 2814 2608 2870 Iste
2635 2814 2981 2886 conspectus
3007 2812 3092 2868 est
3112 2811 3304 2883 ,iustus
3322 2813 3519 2871 etrec-
3582 2796 3717 2905 :stiffi

1979 2913 2092 2979 ωε,
2116 2908 2178 2964 in
2204 2922 2326 2981 quo
2359 2905 2498 2963 facit
2520 2903 2989 2962 misericordiam
3016 2903 3319 2977 Dominus,
3348 2908 3405 2963 et
3424 2904 3517 2978 iu-

1979 3002 2202 3060 dicium
2228 2998 2505 3074 injuriam
2541 2998 2916 3074 patientibus.
2946 3001 3013 3057 Et
3038 3003 3210 3073 nota,
3240 2999 3406 3075 quod
3441 2999 3519 3057 si-

1980 3100 2078 3155 cut
2097 3094 2311 3169 legitur
2338 3094 2400 3152 in
2426 3092 2757 3168 Scriptura,
2784 3092 2848 3151 in
2892 3092 2998 3152 illo
3045 3094 3394 3154 consistorio
3418 3110 3519 3171 pe·

1979 3190 2106 3249 titio
2137 3177 2429 3263 dirigitur,
2457 3188 2683 3247 clamor
2719 3187 2986 3259 auditur,
3038 3189 3377 3264 propitiatio
3427 3190 3517 3248 in-

1977 3286 2230 3344 venitur.
2258 3284 2317 3342 Si
2344 3283 2577 3359 quaeris,
2607 3300 2730 3358 quo
2773 3283 3003 3342 modo?
3029 3299 3154 3342 non
3197 3300 3367 3357 meo,
3411 3284 3518 3343 sed

1980 3380 2185 3439 divino
2231 3378 2623 3454 respondetur
2664 3378 2905 3452 eloquio
2939 3395 2955 3435 ι
2984 3376 3158 3452 quia,
3208 3378 3272 3435 ni
3311 3378 3515 3451 fallor,

1976 3473 2180 3550 petitio
2209 3474 2480 3547 dirigitur
2517 3488 2626 3547 per
2669 3471 2995 3530 humanam
3037 3472 3517 3531 benevolentiam

1977 3568 2232 3626 suaviter
2257 3567 2672 3641 fumigantem3
2706 3566 2933 3624 clamor
2966 3565 3207 3624 auditur
3227 3581 3337 3641 per
3363 3565 3515 3624 divi-

1976 3676 2119 3719 nam
2140 3660 2422 3735 justitiam
2458 3660 2787 3719 malevolos
2814 3659 3070 3733 graviter
3097 3660 3479 3733 castigantem
3493 3679 3515 3732 3

1975 3753 2316 3829 propitiatio
2359 3752 2651 3811 invenitur
2702 3769 2811 3828 per
2864 3752 3131 3812 divinam
3183 3753 3517 3813 misericor-

1978 3850 2143 3908 diam
2198 3848 2524 3906 benevolos
2576 3845 2954 3905 mulcebriter
2995 3846 3379 3921 mitigantem.
3434 3852 3516 3907 De

1974 3942 2171 4018 primo
2197 3958 2304 4016 per
2329 3939 2856 4016 psalmographum
2896 3939 3110 4000 dicitur
3133 3939 3155 3975 '¹
3189 3959 3204 4000 ε
3240 3960 3270 3997 α
3294 3941 3517 4016 Dirige·

1975 4041 2069 4096 tur
2115 4036 2304 4095 oratio
2355 4051 2490 4093 mea
2544 4036 2692 4093 sicut
2733 4035 3040 4094 incensum
3083 4035 3148 4094 in
3198 4040 3516 4111 conspectu

1974 4134 2079 4190 tuo
2113 4149 2127 4187 :
2158 4151 2186 4187 »ι
2222 4145 2357 4188 ecce
2398 4129 2693 4205 petitionis
2738 4129 2982 4189 directio
3031 4145 3140 4204 per
3185 4129 3515 4189 humanam

1975 4223 2449 4283 benevolentiam
2467 4224 2720 4282 suaviter
2730 4223 3136 4297 fumigantem.
3157 4225 3235 4281 De
3251 4222 3515 4281 secundo

1975 4334 2083 4394 per
2110 4318 2462 4392 prophetam
2497 4316 2768 4392 psallitur
2792 4318 2851 4373 ⁸:
2890 4334 2919 4370 α
2944 4315 3181 4375 Clamor
3230 4332 3402 4376 meus
3450 4318 3514 4376 in
3546 4344 3549 4349 ·

1976 4416 2293 4488 conspectu
2318 4413 2466 4486 eJus,
2493 4409 2834 4470 introivitin
2851 4426 3023 4470 aures
3036 4410 3162 4484 ejus
3182 4430 3197 4470 :
3216 4416 3516 4473 commota

1977 4511 2082 4580 est,
2111 4513 2169 4566 et
2193 4508 2545 4566 contremuit
2579 4512 2733 4565 terra
2743 4525 2761 4580 3
2809 4505 3193 4566 fundamenta
3219 4508 3515 4569 montium

1976 4602 2328 4660 conturbata
2377 4603 2531 4673 sunt,
2579 4602 2636 4659 et
2664 4603 2963 4658 commota
3015 4603 3171 4673 sunt,
3228 4601 3516 4676 quoniam

1976 4697 2158 4757 iratus
2184 4699 2269 4754 est
2294 4695 2377 4753 eis
2408 4713 2473 4752 ι»
2505 4710 2640 4754 ecce
2684 4693 2962 4752 clamoris
3011 4692 3239 4753 auditio
3267 4710 3376 4769 per
3421 4695 3516 4753 di-

1977 4794 2181 4852 vinam
2212 4791 2495 4865 justitiam
2523 4788 2874 4861 malevolos,
2905 4791 3027 4848 tam
3070 4787 3310 4848 infimos
3332 4806 3517 4866 quam

1972 4902 2311 4961 supremos,
2340 4884 2594 4959 graviter
2633 4882 3034 4957 castigantem.
3068 4885 3147 4942 De
3176 4885 3350 4945 tertio
3378 4885 3517 4945 scri-

1975 4985 2140 5045 bitur
2164 4985 2229 5040 ⁹=
2266 5002 2295 5036 α
2326 4986 2470 5041 Ante
2491 4979 2787 5054 judicium
2812 4979 3180 5054 interrogate
3206 4981 3435 5057 ipsum,
3461 4986 3519 5041 et

1975 5079 2368 5153 inconspectu
2401 5076 2500 5133 Dei
2528 5074 2789 5132 invenies
2813 5072 3291 5150 propitiationem
3303 5093 3325 5148 3
3349 5097 3379 5132 s
3399 5076 3517 5137 hoc

1976 5176 2063 5233 est
2098 5191 2114 5230 ε
2146 5175 2294 5231 Dum
2328 5170 2598 5230 divinum
2614 5168 2905 5241 judicium
2918 5173 3305 5244 prorogatur,
3335 5173 3393 5229 et
3411 5171 3518 5229 mi·

1976 5267 2211 5327 serendi
2257 5265 2513 5342 spatium
2562 5267 2865 5338 erogatur,
2920 5264 3219 5341 interroga
3247 5266 3516 5344 temetip-

1977 5377 2140 5435 sum3
2186 5376 2263 5419 ne
2308 5356 2568 5420 fortassis
2594 5357 3137 5421 immisericorditer
3160 5359 3517 5438 irrogaveris
