4196 6294
795 470 913 533 394
1838 464 2255 532 EXPOSITIO
2294 466 2376 532 ΙΝ
2413 465 2939 533 PSALTERIUM.

791 602 891 662 Dei
917 601 1153 675 taciem,
1182 617 1316 678 qua:
1341 603 1409 662 fit
1439 619 1548 679 per
1577 603 1945 678 deprecantis
1971 602 2336 676 contempla-

790 698 1046 770 tionem,
1077 697 1171 756 vel
1206 698 1657 772 contemplantis
1692 697 2191 772 deprecationem.
2234 696 2336 755 Hic

787 797 979 867 potest
1002 792 1197 852 notari
1219 833 1237 861 ‚
1266 792 1431 867 quod
1472 792 1774 868 tripliciter
1809 792 2097 865 contingit
2123 792 2337 851 taciem

788 887 1019 945 Domini
1062 887 1398 962 deprecari3
1454 886 1732 944 videlicet
1784 886 2009 945 fervide
2032 930 2050 958 ,
2098 887 2295 962 tepide
2316 928 2336 957 ,

786 981 1047 1040 callide:
1101 982 1309 1040 fervidi
1364 983 1544 1040 sacris
1588 981 1844 1056 eloquiis
1889 981 2180 1056 patefiunt
2227 996 2337 1055 per

788 1091 892 1133 eos
919 1075 1023 1151 qui
1052 1076 1356 1151 deprecari
1384 1076 1664 1148 veniunt3
1691 1075 1875 1150 tepidi
1903 1091 2071 1146 vero,
2096 1090 2207 1149 per
2232 1090 2337 1132 eos

789 1171 893 1246 qui
920 1185 1042 1229 non
1067 1171 1331 1242 veniunt,
1349 1171 1454 1230 sed
1478 1174 1853 1246 proponunt;
1881 1169 2083 1227 callidi
2113 1172 2335 1242 autem,

788 1281 894 1340 per
931 1281 1035 1324 eos
1077 1265 1179 1340 qui
1213 1281 1321 1323 nec
1363 1265 1637 1337 veniunt,
1676 1280 1787 1322 nec
1822 1267 2198 1340 proponunt,
2227 1263 2335 1321 sed

788 1360 1041 1417 mittunt.
1080 1362 1158 1417 De
1194 1359 1400 1434 primis
1429 1363 1447 1395 ¹
1487 1379 1503 1417 ε
1554 1380 1583 1413 α
1614 1360 1859 1417 venient
1893 1357 2105 1433 populi
2131 1356 2334 1428 multi,

786 1457 845 1512 et
887 1457 1088 1527 gentes
1140 1454 1400 1512 robustas
1455 1452 1536 1513 ad
1586 1452 1976 1528 quoerendum
2017 1451 2335 1510 Dominum

786 1547 1146 1607 exercituum
1199 1548 1261 1605 in
1317 1547 1722 1619 Hierusalem,
1780 1551 1839 1605 et
1890 1545 2334 1620 deprecandam

785 1642 989 1699 taciem
1024 1642 1257 1700 Domini
1300 1661 1314 1699 ε
1348 1662 1378 1697 »
1412 1657 1548 1700 ecce
1578 1640 1916 1716 deprecatio
1942 1640 2115 1698 faciei
2146 1655 2335 1713 quan·

786 1739 908 1794 tum
937 1737 1018 1793 ad
1042 1736 1382 1806 venientes,
1410 1752 1514 1794 seu
1540 1735 1823 1793 fervidos.
1865 1738 1940 1793 De
1969 1733 2335 1792 secundariis

786 1831 1058 1889 scribitur
1100 1828 1125 1862 ¹
1174 1848 1189 1887 ε
1242 1850 1272 1885 α
1321 1830 1547 1888 vadent
1596 1829 1997 1900 habitatores,
2046 1844 2203 1885 unus
2253 1827 2334 1885 ad

787 1924 1074 1995 alterum,
1113 1925 1415 1983 dicentes:
1456 1929 1700 1996 Eamus,
1741 1928 1796 1983 et
1836 1925 2225 1998 deprecemur
2252 1921 2335 1980 fa-

786 2017 938 2076 ciem
968 2018 1196 2076 Domini
1222 2037 1236 2075 t
1259 2040 1286 2072 n
1324 2034 1459 2077 ecce
1486 2018 1822 2093 deprecatio
1842 2017 2013 2076 faciei
2040 2019 2333 2091 quantum

786 2113 865 2171 ad
893 2115 1313 2187 proponentes,
1340 2129 1446 2171 seu
1471 2113 1725 2188 tepidos.
1756 2116 1835 2171 De
1864 2111 1996 2169 aliis
2017 2110 2233 2183 legitur
2259 2112 2282 2146 ⁸
2313 2128 2329 2167 z

791 2225 820 2260 α
846 2206 1121 2264 Miserunt
1147 2206 1226 2264 ad
1254 2206 1504 2265 domum
1539 2206 1639 2265 Dei
1678 2208 1916 2265 Sarasar
1935 2247 1954 2277 ,
1981 2208 2039 2262 et
2076 2207 2334 2276 Rogom-

786 2301 1055 2373 melech,
1091 2306 1149 2360 et
1183 2302 1296 2360 viri
1341 2302 1444 2377 qui
1488 2318 1625 2360 cum
1653 2302 1737 2360 eis
1782 2302 1982 2372 erant,
2011 2298 2090 2356 ad
2118 2296 2331 2372 depre-

784 2395 1039 2455 candam
1092 2395 1305 2454 {aciem
1360 2395 1591 2453 Domini
1639 2414 1654 2453 ε
1712 2414 1742 2449 »
1796 2409 1931 2452 ecce
1995 2391 2330 2466 deprecatio

786 2490 955 2548 faciei
1016 2494 1306 2563 quantum
1361 2489 1440 2547 ad
1488 2488 1821 2560 mittentes,
1875 2503 1981 2544 seu
2040 2485 2328 2557 callidos,

786 2584 992 2658 quales
1031 2583 1304 2642 nonnulli
1348 2586 1517 2655 sunt,
1568 2582 1671 2657 qui
1715 2580 1989 2656 proprias
2034 2579 2332 2638 orationes

785 2680 903 2736 Deo
931 2693 1054 2736 non
1088 2677 1430 2753 porrigunt,
1476 2676 1582 2734 sed
1623 2675 1848 2733 alienas
1874 2674 2139 2747 exigunt.
2167 2673 2334 2731 Tales

786 2772 943 2830 enim
983 2772 1300 2831 Dominum
1332 2787 1504 2831 orare
1533 2770 1878 2845 negligunt3
1924 2768 2033 2827 sed
2070 2768 2150 2826 ad
2194 2784 2330 2826 eum

786 2869 1018 2926 orantes
1046 2865 1329 2941 dirigunt.

1253 3025 1537 3081 Articulus
1576 3022 1856 3080 secundus.

854 3156 1150 3224 Quantum
1199 3150 1278 3210 ad
1317 3149 1686 3222 secundum,
1724 3149 2000 3223 adjicitur
2046 3167 2059 3204 ε
2108 3152 2176 3206 In
2224 3153 2330 3206 toto

784 3248 940 3305 corde
982 3263 1112 3305 meo.
1153 3250 1298 3305 Ecce
1338 3244 1707 3319 supportatio
1751 3242 2157 3311 ascendentis,
2199 3259 2332 3316 quae

786 3341 850 3399 fit
876 3357 982 3416 per
1009 3345 1290 3399 conatum
1316 3338 1512 3398 cordis
1538 3337 1913 3408 confidentiS,
1935 3340 2139 3394 eontra
2161 3335 2333 3392 dubi-

790 3434 1069 3493 tationem
1091 3453 1108 3507 ;
1139 3433 1471 3508 quaerentis,
1501 3436 1707 3490 contra
1731 3429 2178 3502 volitationem3
2211 3429 2332 3487 cla·

784 3529 1026 3601 mantis,
1073 3532 1277 3586 contra
1330 3525 1792 3601 pigritationem.
1851 3528 1928 3582 De
1982 3524 2180 3599 primo
2234 3523 2256 3557 ⁸
2314 3541 2328 3579 :

789 3643 818 3678 ι
847 3624 1004 3682 Habe
1028 3621 1311 3679 fiduciam
1331 3620 1392 3678 in
1413 3621 1663 3678 Domino
1692 3635 1765 3677 ex
1784 3622 1908 3677 toto
1930 3618 2237 3677 cordetuo
2261 3635 2275 3673 ε
2296 3637 2325 3669 1>

786 3733 919 3774 ecce
946 3731 1049 3775 cor
1083 3714 1391 3774 confidens
1430 3714 1555 3771 sine
1602 3713 1990 3772 dubitatione.
2022 3715 2098 3769 De
2129 3725 2334 3769 secuu-

786 3811 867 3868 ‹lo
903 3812 924 3845 ⁸
956 3828 970 3868 :
1006 3829 1036 3864 α
1064 3811 1209 3867 Cum
1239 3808 1537 3884 quaesieris
1576 3807 1893 3865 Dominum
1927 3808 2115 3863 Deum
2142 3808 2332 3875 tuum,

787 3904 1048 3962 invenies
1104 3919 1240 3962 eum
1262 3946 1281 3975 ,
1336 3903 1385 3960 si
1433 3918 1569 3960 cum
1617 3905 1741 3959 toto
1797 3900 1977 3959 corde
2033 3898 2335 3972 quaesieris

787 4014 926 4056 eum
957 4016 970 4054 ε
1012 4019 1040 4052 ιο
1085 4014 1220 4062 ecce
1250 4013 1352 4055 cor
1396 4012 1667 4071 quoerens
1702 3995 1828 4053 sine
1855 3993 2222 4052 volitatione.
2256 3995 2333 4049 De

787 4092 959 4149 tertio
1014 4091 1240 4150 canitur
1282 4092 1304 4127 ⁸
1347 4110 1361 4148 ε
1424 4111 1453 4145 α
1505 4089 1769 4148 Clamavi
1815 4088 1876 4145 in
1929 4091 2049 4145 toto
2106 4085 2331 4144 corde:

791 4185 1015 4244 Exaudi
1042 4200 1171 4256 me,
1213 4183 1459 4244 Domine
1492 4203 1507 4241 ε
1548 4205 1577 4236 ι)
1610 4199 1745 4241 ecce
1786 4198 1890 4240 cor
1918 4181 2182 4239 clamans
2210 4179 2337 4236 sine

790 4278 1184 4356 pigritatione.
2216 4283 2233 4300 ·

1300 4422 1586 4478 Articulus
1624 4422 1836 4477 tertius.

861 4567 1155 4636 Quantum
1183 4564 1262 4622 ad
1292 4562 1547 4633 tertium,
1570 4562 1911 4635 subjicitur:
1936 4563 2186 4620 Miserere
2204 4564 2310 4617 mei
2322 4580 2337 4618 :

796 4677 930 4718 ecce
960 4658 1266 4718 descensio
1304 4657 1515 4716 mentis
1551 4657 1630 4715 ad
1667 4673 1838 4715 suam
1877 4655 2137 4730 speciem
2158 4697 2176 4726 ,
2208 4672 2341 4729 quoe

790 4755 854 4814 tlt
880 4771 988 4830 per
1011 4755 1244 4813 ressexoe
1273 4752 1824 4827 compunctionem,
1847 4750 1945 4809 vel
1972 4754 2342 4825 compunctae

794 4849 1199 4907 reflexionem.
1249 4850 1393 4905 Nam
1423 4846 1572 4903 sicut
1599 4845 1810 4902 mentis
1837 4844 1991 4902 acies
2017 4843 2342 4918 impellitur

794 4958 903 5018 per
934 4944 1230 5001 servorem
1267 4940 1345 4998 ad
1374 4940 1474 4998 Dei
1514 4939 1757 5008 faciem,
1798 4939 1878 4998 ita
1903 4938 2209 5013 repellitur
2235 4953 2343 5011 per

794 5037 1071 5094 timorem
1099 5036 1179 5094 ad
1212 5034 1304 5093 sui
1346 5034 1633 5108 speciem:
1665 5033 1952 5108 quoniam
1992 5050 2125 5107 quae
2161 5048 2341 5106 supe-

796 5129 919 5187 rius
945 5131 1243 5188 ferebatur
1288 5143 1395 5204 per
1438 5127 1826 5200 ferventiam,
1870 5126 2115 5185 inferius
2152 5141 2344 5186 rever·

798 5223 1038 5282 beratur
1098 5239 1204 5298 per
1268 5222 1675 5282 reverentiam.
1743 5222 1829 5281 Ob
1896 5222 2051 5280 hanc
2103 5238 2344 5279 causam

862 5351 878 5384 ¹
911 5348 1084 5408 Zacle„
1114 5361 1227 5413 vm,
1256 5352 1334 5400 22.
1357 5376 1416 5387 —
1445 5350 1462 5379 ²
1492 5347 1641 5411 thid„
1670 5350 1751 5398 22.
1779 5375 1842 5385 —
1867 5349 1886 5379 ³
1915 5348 2063 5409 thid„
2093 5360 2189 5414 vn,
2216 5351 2262 5397 2.
2283 5373 2346 5385 —

796 5422 819 5457 δ
856 5420 1026 5474 Pron..
1053 5432 1134 5486 m,
1162 5423 1208 5471 5.
1239 5447 1302 5460 -
1328 5422 1345 5452 ⁸
1374 5421 1542 5483 Deua,
1574 5432 1643 5485 iv,
1670 5423 1749 5471 29.
1777 5447 1827 5458 -
1869 5421 1889 5451 ⁸
1917 5419 2055 5478 Peal.
2085 5420 2209 5483 hoc,
2235 5422 2343 5470 ¹⁴5.

2442 603 2698 679 reposcit
2720 604 3226 677 misericordiam
3255 607 3400 681 quia
3421 610 3773 681 recognoscit
3794 611 3937 668 mise-

2442 698 2625 764 riam,
2657 698 2926 757 resiliens
2964 699 3045 757 ad
3080 716 3254 757 suam
3293 703 3550 775 speciem
3589 704 3864 761 miseram.
3888 708 3941 761 Bt

2443 794 2585 850 nota
2611 793 2782 867 quod
2805 794 2931 851 haec
2959 794 3181 867 speeies
3222 799 3309 851 est
3343 796 3586 867 misera,
3622 802 3678 854 et
3708 798 3940 871 indigens

2441 889 2850 947 misericordia
2873 932 2893 960 ,
2938 896 3228 964 quantum
3262 891 3344 948 ad
3383 896 3499 949 tres
3539 893 3744 949 animm
3785 894 3937 965 virm

2441 988 2583 1059 puta
2624 985 3148 1058 concupiscibilem
3168 1030 3188 1058 ,
3215 987 3572 1044 irascibilem
3591 1030 3610 1059 ,
3639 993 3694 1044 et
3724 988 3941 1045 rationa-

2442 1077 2665 1135 bilem:
2697 1082 2988 1152 quantum
3007 1079 3086 1135 ad
3112 1080 3392 1153 primam,
3424 1086 3661 1155 propter
3684 1081 3941 1137 miseriam

2439 1172 2748 1245 pronitatis
2806 1175 3077 1246 respectu
3143 1174 3443 1245 pravitatis
3479 1194 3498 1244 3
3563 1178 3834 1249 quantum
3878 1172 3943 1229 ad

2440 1266 2785 1339 secundam,
2814 1272 3055 1341 propter
3082 1268 3383 1326 miseriam
3407 1269 3690 1327 tarditatis
3715 1272 3945 1342 respectu

2441 1359 2754 1432 bonitatis3
2794 1366 3084 1434 quantum
3120 1362 3200 1418 ad
3240 1363 3471 1422 tertiam
3493 1405 3514 1434 ,
3554 1368 3783 1439 propter
3804 1363 3945 1419 mise-

2440 1455 2594 1513 riam
2611 1455 2880 1512 caecitatis
2905 1459 3175 1529 respectu
3201 1456 3483 1514 veritatis.
3508 1459 3759 1526 Quorum
3779 1457 3943 1531 primo

2442 1547 2713 1621 congruit
2754 1547 2922 1622 quod
2955 1547 3054 1606 ille
3081 1549 3386 1623 psalmista
3412 1551 3618 1608 astruit
3647 1553 3670 1588 '¹
3699 1569 3714 1606 ε
3759 1570 3786 1602 α
3815 1550 3947 1607 Mise-

2439 1658 2568 1700 rere
2602 1641 2757 1713 mei‚
2788 1645 2972 1714 DeuS,
3018 1643 3307 1716 quoniam
3342 1644 3709 1702 conculcavit
3739 1660 3825 1701 me
3863 1643 3946 1699 ho-

2439 1752 2561 1793 mo.
2581 1758 2609 1791 n
2641 1736 2912 1793 Secundo
2941 1753 3185 1811 quoque
3214 1739 3470 1795 concinit
3497 1737 3663 1812 quod
3685 1736 3945 1812 psalmista

2442 1829 2650 1888 cecinit
2677 1830 2700 1864 ⁸
2728 1847 2744 1885 :
2790 1852 2819 1882 ιι
2857 1829 3102 1888 Domine
3123 1874 3141 1901 ,
3170 1831 3446 1889 miserere
3475 1832 3595 1890 mei
3629 1837 3683 1889 et
3707 1829 3947 1887 resuscita

2439 1941 2558 1983 me.
2589 1945 2619 1980 ι
2648 1924 2839 1983 Tertio
2868 1940 3111 1999 quoque
3141 1929 3428 1983 consonat
3452 1926 3623 2000 quod
3648 1922 3948 1996 evangelica

2440 2018 2587 2076 tuba
2647 2022 2851 2088 sonat,
2905 2018 3012 2076 ubi
3067 2018 3404 2076 Bartimaeus
3427 2063 3447 2091 ,
3509 2024 3716 2095 typum
3773 2031 3948 2091 gerens
4010 2037 4094 2082 nui·-

2438 2111 2686 2170 humani
2747 2113 3019 2185 generis,
3076 2113 3222 2188 petit
3283 2114 3621 2171 remedium
3683 2111 4064 2182 caecitatemm

2442 2205 2643 2265 dicens
2664 2208 2687 2244 ⁹
2718 2225 2733 2263 ε
2770 2209 2953 2265 «lesu
2979 2206 3067 2264 fili
3095 2207 3310 2277 David,
3340 2207 3624 2267 miserere
3655 2207 3828 2265 mei.»

2920 2366 3208 2422 articulus
3245 2368 3490 2437 quartus.

2511 2491 2807 2559 Quantum
2842 2490 2923 2548 ad
2962 2492 3241 2564 quartum
3259 2530 3279 2560 ,
3338 2489 3785 2563 superadjicitur
3820 2507 3834 2543 :
3881 2486 3945 2541 Se

2439 2582 2675 2639 cundum
2721 2586 2992 2655 eloquium
3036 2589 3185 2639 tuum
3219 2601 3234 2638 :
3285 2598 3418 2640 ecce
3455 2582 3799 2640 confortatio
3841 2578 3945 2637 des·

2440 2677 2760 2748 cendentis,
2787 2693 2921 2751 quoe
2937 2677 3003 2734 fit
3028 2693 3137 2752 per
3163 2676 3473 2750 Scripturae
3500 2675 3943 2735 consolationem·

2439 2774 2505 2829 Et
2555 2774 2736 2843 nota,
2791 2771 2963 2845 quod
3008 2771 3251 2846 eloquia
3305 2772 3541 2829 Domini
3594 2776 3728 2830 sunt
3772 2761 3983 2828 animi-²³⁴

2438 2865 2836 2923 consolatoria
2861 2870 3153 2940 quantum
3179 2866 3261 2924 ad
3286 2866 3562 2940 praefatas
3588 2866 3757 2934 vires,
3779 2863 3946 2937 utpote

2440 2958 2993 3033 concupiscibilem,
3023 2958 3412 3030 irascibilem,
3444 2964 3504 3017 et
3530 2957 3943 3018 rationabilem:

2440 3052 2584 3127 quia
2610 3052 2912 3124 corrigunt
2936 3053 3317 3127 pronitatem,
3345 3053 3613 3126 dirigunt
3637 3051 3947 3115 tarditatem,

2439 3147 2690 3221 abigunt
2707 3147 3039 3206 caecitatem.
3062 3150 3141 3205 De
3158 3146 3356 3222 primo
3377 3149 3580 3222 psallit
3606 3146 3872 3221 Propheta
3889 3141 3943 3194 ¹⁰:

2443 3260 2475 3296 α
2506 3241 2758 3315 Eloquia
2799 3241 3070 3311 Domini,
3109 3240 3350 3316 eloquia
3394 3247 3596 3315 casta,
3625 3264 3654 3298 n
3686 3247 3738 3299 et
3772 3235 3948 3297 castifi-

2440 3335 2655 3405 cantia,
2692 3338 2896 3392 eontra
2946 3336 3422 3409 concupiscibilis
3477 3338 3839 3412 pronitatem.
3887 3332 3947 3385 De

2439 3428 2702 3487 secundo
2756 3427 3031 3486 scribitur
3082 3429 3123 3464 ¹¹
3167 3447 3181 3485 :
3233 3449 3262 3483 α
3292 3429 3484 3502 Dirige
3537 3446 3763 3504 gressus
3812 3438 3950 3483 meos

2439 3523 2770 3582 secundum
2788 3523 3099 3597 eloquium
3122 3526 3310 3580 tuum.
3335 3544 3365 3579 ν
3394 3527 3460 3580 Et
3486 3540 3689 3582 rursus
3717 3522 3754 3556 ¹¹
3783 3541 3838 3575 :u
3860 3515 3946 3586 Qui

2442 3617 2649 3675 emittit
2675 3616 2982 3691 eloquium
3010 3633 3185 3676 suum
3214 3620 3402 3689 terrae,
3423 3619 3705 3676 velociter
3730 3613 3903 3680 currit,
3922 3629 3944 3662 ι

2440 3711 2505 3769 id
2522 3716 2625 3783 est,
2648 3727 2882 3769 currere
2907 3711 3065 3782 facit,
3088 3731 3115 3766 α
3131 3727 3326 3769 sermo
3349 3712 3399 3784 ej
3408 3728 3499 3782 us,
3515 3733 3545 3767 n
3569 3715 3767 3770 contra
3790 3702 3949 3765 irasci-

2441 3805 2628 3863 bilem
2677 3805 3031 3863 tarditatem.
3090 3809 3168 3862 De
3225 3805 3394 3864 tertio
3454 3806 3518 3863 in
3584 3807 3710 3880 ipsa
3760 3799 3950 3860 canitur

2439 3898 2782 3973 psalmodia
2812 3899 2898 3955 ¹³:
2936 3920 2964 3952 α
2992 3899 3330 3957 Secundum
3366 3899 3676 3974 eloquium
3703 3902 3854 3954 tuum
3890 3889 3951 3946 da

2444 3992 2591 4050 mihi
2635 3992 3035 4064 intellectum,
3070 4013 3100 4048 x·
3161 3997 3367 4050 contra
3410 3991 3771 4053 rationabilis
3819 3981 3950 4043 eaeci·

2443 4090 2643 4145 tatem.

3092 4157 3355 4222 Epilogus.

2515 4275 2609 4333 Ait
2651 4290 2792 4346 ergo
2839 4273 3129 4349 Propheta
3146 4315 3167 4344 ,
3212 4274 3310 4331 vel
3365 4274 3601 4333 animus
3650 4275 3815 4332 bonae
3850 4261 3950 4339 spel

2447 4386 2593 4428 voce
2621 4367 2969 4443 prophetica
3006 4386 3021 4424 :
3065 4370 3396 4440 Deprecatus
3437 4386 3555 4426 sum
3585 4371 3773 4439 faciem
3805 4369 3950 4422 tuam,

2449 4467 2737 4538 quantum
2769 4462 2850 4520 ad
2886 4461 3100 4518 mentis
3145 4462 3586 4533 ascensionem,
3622 4477 3751 4537 quae
3787 4457 3846 4513 fit
3869 4464 3952 4526 per

2449 4556 2820 4633 deprecantis
2885 4554 3486 4628 contemplationem3
3543 4559 3610 4613 In
3672 4560 3774 4610 toto
3829 4543 3953 4605 corde

2449 4669 2584 4722 meo,
2615 4654 2903 4725 quantum
2934 4649 3013 4706 ad
3055 4648 3427 4706 ascendentis
3467 4644 3953 4724 supportationem,

2451 4763 2584 4822 quae
2609 4745 2678 4803 fit
2707 4761 2818 4819 per
2862 4743 2989 4817 spei
3023 4742 3534 4815 sublevationem3
3565 4745 3810 4800 Miserere
3841 4734 3954 4796 mei,

2450 4844 2741 4915 quantum
2768 4837 2848 4895 ad
2877 4836 3089 4894 mentis
3118 4835 3599 4908 descensionem,
3630 4851 3758 4909 quoe
3781 4831 3841 4888 fit
3869 4837 3955 4900 per

2451 4933 2662 4993 mentis
2688 4931 2922 4991 reflexae
2965 4932 3524 5005 compunctionem;
3566 4927 3846 4986 Secundam
3872 4921 3956 4977 elo·

2451 5031 2642 5101 quium
2690 5032 2871 5097 tuum,
2902 5027 3194 5099 quantum
3233 5024 3314 5083 ad
3355 5026 3719 5099 compunctae
3764 5014 3957 5075 consor-

2451 5121 2753 5192 tationem‘,
2783 5135 2916 5193 quae
2941 5119 3008 5175 fit
3032 5135 3139 5192 per
3166 5118 3476 5193 Scripturae
3504 5113 3950 5175 consolationem·

2451 5299 2513 5309 —
2545 5273 2561 5301 ⁷
2594 5266 2729 5318 Psal.
2759 5278 2842 5329 LV,
2875 5271 2923 5317 2.
2952 5293 3016 5305 -
3048 5270 3066 5297 ⁸
3093 5266 3240 5317 Psal.
3273 5279 3367 5330 ιι,
3398 5268 3446 5316 5.
3479 5293 3532 5302 -
3567 5269 3586 5296 ²·
3612 5265 3785 5323 Marc„
3808 5272 3865 5318 x,
3893 5255 3954 5303 Π·

2453 5368 2514 5380 -
2552 5342 2594 5377 ¹⁰
2629 5338 2770 5390 Psal.
2807 5351 2892 5402 xi,
2937 5342 2985 5388 7.
3017 5365 3080 5376 —
3122 5341 3159 5372 ¹¹
3191 5337 3336 5388 Psal.
3377 5337 3502 5401 hoc,
3551 5338 3650 5387 133.
3691 5361 3741 5370 -
3783 5332 3818 5364 ¹¹
3843 5322 3954 5378 1²5⁰!-

2450 5425 2646 5477 cmm,
2674 5415 2752 5462 ¹5.
2776 5437 2839 5448 -
2869 5411 2908 5441 ¹³
2933 5409 3063 5460 psal.
3094 5410 3221 5473 hoc,
3248 5411 3356 5461 169.
3437 5431 3448 5441 ·
