4196 6294
698 499 816 565 433
1734 453 2150 528 EXPOSITlo
2194 451 2276 518 IN
2315 444 2847 517 PsAL‘rssmtm.

1194 677 1471 740 Articaaus
1503 671 1733 746 primus.

698 914 870 992 quasi
896 911 1101 970 contra
1124 899 1441 961 Dominum
1459 888 1826 954 militantem,
1847 877 2051 938 divina
2066 874 2231 932 bona

695 1009 940 1068 viriliter
960 994 1326 1073 exigentem?
1349 986 1501 1048 Audi
1518 979 1883 1043 Psalmistam
1905 972 2228 1031 dicentem:

696 1104 919 1177 adjuva
942 1115 1055 1170 me,
1094 1091 1315 1151 scilicet
1337 1088 1401 1145 in
1436 1098 1572 1142 mea
1608 1073 1976 1140 necessitate,
2012 1066 2086 1124 de
2123 1068 2235 1121 tuae

697 1184 903 1273 gratiae·
914 1191 1203 1266 largitate.
1222 1187 1289 1243 Et
1305 1183 1468 1252 nota,
1493 1172 1662 1251 quod
1689 1165 1969 1228 Dominus
1992 1158 2237 1232 adiuvat

699 1294 997 1367 quantum·
1011 1284 1091 1343 ad
1118 1277 1499 1341 intellectum,
1526 1268 1608 1328 ad
1634 1263 1929 1330 aflectum,
1958 1256 2039 1314 ad
2066 1251 2236 1311 effec-

697 1390 859 1457 tum3
888 1374 1219 1457 praestando
1248 1366 1581 1434 consilium,
1600 1355 1900 1424 solatium,
1919 1346 2231 1409 auxilium.

700 1483 778 1537 De
799 1477 993 1553 primo
1013 1474 1059 1528 ¹:
1081 1490 1111 1525 α
1130 1462 1369 1539 Adjuvit
1384 1475 1543 1529 eum,
1561 1477 1593 1513 »
1607 1451 1829 1511 scilicet
1850 1442 2059 1515 David,
2078 1459 2110 1496 (ι
2131 1442 2238 1497 Do·

698 1573 894 1632 minus
920 1569 983 1627 in
1010 1562 1254 1632 cunctis,
1281 1558 1361 1616 ad
1387 1569 1521 1631 quae
1544 1544 1939 1625 pertraxerat,
1967 1558 1996 1594 ι)
2020 1532 2240 1594 scilicet

698 1663 1031 1743 praestando
1089 1651 1421 1717 consilium.
1473 1650 1553 1705 De
1599 1637 1862 1700 secundo
1878 1678 1897 1708 ,
1943 1631 2050 1690 ubi
2098 1626 2240 1685 dicit

699 1761 932 1823 Amasai
961 1756 1041 1818 ad
1067 1751 1253 1813 David
1269 1747 1326 1804 ²:
1366 1769 1394 1798 «
1420 1740 1675 1814 Adjuvat
1700 1738 1756 1792 te
1778 1729 2060 1791 Dominus
2087 1727 2238 1783 Deus

697 1863 855 1929 tune,
881 1875 910 1911 >³
944 1850 1163 1910 scilicet
1182 1837 1517 1920 praestando
1539 1829 1836 1892 solatium.
1869 1826 1946 1881 De
1975 1818 2143 1879 tertio
2175 1819 2234 1873 ⁸:

707 1972 736 2007 α
757 1951 857 2011 Dei
884 1947 1105 2023 quippe
1133 1944 1239 2012 est,
1269 1939 1325 1995 et
1351 1932 1668 2006 adjuvare,
1696 1927 1753 1983 et
1781 1922 1846 1980 in
1869 1919 2076 1990 fugam
2101 1927 2238 1971 con-

697 2047 947 2116 vertere,
973 2061 1003 2097 »
1027 2035 1247 2096 scilicet
1265 2024 1619 2107 proestando,
1645 2018 1743 2077 vel
1764 2010 2044 2088 negando
2072 2004 2239 2066 auxi-

698 2140 866 2197 llum·
1169 2196 1451 2257 Articulus
1487 2185 1767 2248 secundus.

770 2327 868 2384 Vis
920 2320 1125 2382 audire
1168 2327 1448 2390 rapacem
1501 2306 1782 2373 militem,
1835 2311 1960 2358 non
2009 2296 2238 2353 tantum

698 2424 863 2483 bona
891 2414 1114 2477 cunctis
1154 2406 1420 2484 exposita
1451 2400 1812 2473 exigentem,
1842 2392 1950 2450 sed
1984 2392 2041 2448 et
2076 2387 2242 2445 bona

699 2512 921 2577 Sanctis
972 2505 1229 2584 reposita
1280 2498 1607 2574 rapientem
1622 2492 1651 2547 ἵ
1696 2486 1850 2548 Audi
1888 2482 2242 2559 Prophetam

698 2607 1048 2684 psallentem
1085 2601 1199 2658 :Et
1225 2597 1404 2655 salvus
1432 2606 1543 2661 ere,
1564 2583 1733 2662 quasi
1762 2581 1919 2639 dicat
1948 2596 1962 2634 :
2000 2577 2243 2647 Propter

700 2704 865 2762 bona
893 2695 1091 2772 gratiss
1111 2705 1236 2750 non
1262 2687 1502 2762 quiesco
1535 2700 1551 2739 z
1582 2678 1687 2737 sed
1714 2679 1772 2734 et
1804 2674 2043 2746 insuper
2078 2668 2244 2726 bona

700 2793 906 2870 glorioe
930 2785 1302 2861 concupiscO.
1336 2775 1581 2838 Attende
1608 2770 1858 2831 militem
1894 2765 2104 2825 acriter
2130 2758 2241 2816 mi-

698 2892 993 2959 litantem,
1020 2897 1239 2956 magna
1263 2876 1649 2950 flagitantem,
1679 2870 1735 2925 et
1770 2861 2031 2921 maxima
2068 2852 2246 2928 rapti·

701 2989 942 3045 tantem.
970 2983 1092 3039 Hoc
1121 2971 1318 3034 autem
1347 2963 1662 3037 contingit,
1690 2958 1834 3034 quia
1861 2967 2042 3029 quem
2069 2962 2245 3006 orans

699 3075 984 3146 unxerat,
1015 3070 1258 3147 plorans
1283 3061 1513 3139 pungit.
1542 3061 1611 3116 Et
1647 3057 1820 3123 nota,
1862 3044 2030 3122 quod
2054 3043 2247 3115 lacry-

702 3187 938 3232 marum
968 3166 1157 3241 gratia
1174 3205 1192 3234 ,
1233 3161 1355 3219 sive
1384 3146 1760 3228 compunctio
1789 3144 2129 3217 lacrymosa
2154 3134 2245 3194 di-

698 3268 853 3326 eitur
875 3261 1153 3337 raptitare
1190 3255 1464 3321 salutem,
1493 3243 1781 3322 quoniam
1819 3239 2008 3297 armat
2046 3229 2244 3291 hom?-

700 3375 842 3420 nem
874 3357 954 3416 ad
987 3354 1148 3412 illius
1180 3342 1624 3407 similitudinem
1642 3380 1660 3410 ,
1699 3335 1804 3410 qui
1836 3329 2246 3407 propugnator

703 3460 792 3516 est
823 3452 906 3514 ad
930 3449 1198 3509 salutem.
1231 3441 1392 3503 Facit
1421 3448 1681 3513 namque
1717 3431 1858 3490 flere
1880 3442 2023 3488 cum
2046 3424 2247 3493 flente,

700 3548 827 3626 pati
863 3562 999 3607 cum
1035 3540 1290 3618 patiente
1313 3579 1331 3609 ,
1377 3534 1575 3591 vivere
1614 3542 1750 3585 cum
1788 3522 2060 3582 vivente:
2104 3516 2247 3573 flere

705 3642 980 3720 quidem,
1037 3638 1326 3711 quantum
1370 3627 1450 3688 ad
1495 3622 1802 3683 hominem
1856 3613 2242 3682 exteriorem3

702 3738 828 3813 pati
873 3737 1070 3794 autem
1080 3772 1101 3803 ,
1146 3728 1435 3803 quantum
1486 3718 1567 3778 ad
1618 3712 1993 3781 interiorem3
2047 3705 2248 3763 vivere

704 3832 977 3902 tandem,
1007 3827 1297 3903 quantum
1321 3819 1402 3878 ad
1441 3812 1820 3873 dulcedinem
1855 3804 2092 3880 spiritus
2118 3799 2250 3875 pin·

704 3927 995 4001 guiorem.
1018 3922 1098 3979 De
1125 3917 1321 3993 primo
1351 3909 1493 3971 dicit
1519 3901 2009 3977 psalmographus
2024 3896 2073 3953 ⁸⁴:
2102 3914 2132 3950 α
2149 3896 2249 3953 Os-

704 4019 881 4081 tende
914 4014 1127 4074 faciem
1171 4014 1371 4079 tuam,
1412 4008 1468 4063 et
1506 3999 1656 4061 salvi
1693 3997 1929 4056 erimus».
1959 4013 1987 4047 »
2018 3990 2252 4049 Faciem

708 4112 1017 4174 ostendere
1031 4150 1051 4180 ,
1095 4107 1184 4164 est
1208 4097 1654 4161 similitudinem
1684 4089 1856 4150 faciei
1882 4082 2248 4160 impendere.

708 4204 907 4277 Qualis
932 4198 1144 4261 faciei?
1169 4191 1473 4269 Numquid
1496 4186 1783 4248 ridentis?
1809 4186 1958 4248 Non,
1990 4177 2098 4236 sed
2122 4192 2253 4252 pre-

709 4316 806 4359 ces
828 4290 1274 4367 cumlacrymis
1300 4282 1627 4351 offerentis,
1664 4284 1722 4338 et
1745 4278 1994 4336 salutem
2015 4270 2254 4330 validis·

709 4396 856 4453 sime
900 4386 1181 4465 capientis
1196 4426 1216 4455 ,
1262 4381 1411 4440 sicut
1448 4376 1722 4436 scribitur
1762 4371 1840 4430 ab
1881 4366 2163 4444 Apostolo
2190 4366 2251 4422 ⁸:

717 4508 748 4545 α
768 4486 880 4559 Qui
905 4486 971 4542 in
999 4480 1211 4540 diebus
1244 4473 1437 4534 carnis
1472 4487 1593 4532 suae
1629 4481 1836 4543 preces
1873 4458 2255 4538 supplicatio-

712 4595 936 4656 nesque
965 4576 1045 4636 ad
1074 4587 1232 4632 eum.
1263 4568 1367 4643 qui
1393 4566 1593 4641 posset
1616 4561 1790 4619 illum
1805 4557 2037 4617 salvum
2061 4554 2255 4613 facere

713 4692 752 4736 a
776 4676 993 4744 morte,
1021 4684 1162 4728 cum
1187 4665 1446 4741 clamore
1473 4656 1673 4716 valido
1710 4656 1768 4712 et
1800 4649 2079 4725 lacrymis
2121 4645 2257 4707 offe-

714 4786 848 4830 rens
862 4811 883 4842 ,
940 4760 1249 4824 exauditus
1300 4759 1387 4814 est
1438 4768 1549 4828 pro
1602 4764 1710 4808 sua
1759 4743 2108 4810 reverentia.
2144 4762 2174 4798 »
2212 4741 2258 4800 Ο

714 4865 937 4941 quanta
961 4856 1189 4918 virtutis
1226 4848 1542 4919 violentia,
1573 4845 1796 4919 quanta
1825 4839 2029 4901 salutis
2061 4836 2258 4910 direp-

712 4959 834 5017 tiva
869 4950 1134 5030 potentia
1174 4946 1286 5005 fuit
1326 4945 1390 5001 in
1430 4941 1536 5000 illa
1573 4938 1865 5009 clamosa,
1898 4933 2256 5007 lacrymosa,

712 5046 1182 5112 reverentissima
1218 5034 1628 5112 Redemptoris
1673 5029 1977 5090 instantia!
2035 5028 2115 5085 De
2165 5038 2258 5080 se-

715 5145 912 5204 cundo
951 5139 1152 5201 scribit
1182 5131 1495 5209 Apostolus
1520 5130 1579 5187 ⁸:
1621 5144 1652 5182 α
1685 5121 1989 5184 «iustificati
2027 5120 2091 5178 in
2129 5134 2260 5177 san-

718 5239 895 5314 guine
923 5235 1136 5312 ipsius,
1175 5228 1321 5288 salvi
1346 5225 1566 5285 erimus
1598 5220 1676 5283 ab
1711 5219 1801 5279 ira
1835 5232 1944 5292 per
1979 5215 2196 5290 ipsum.
2225 5233 2254 5266 »

786 5368 806 5401 ¹
851 5366 871 5414 1
921 5358 1177 5422 Paralip„
1234 5364 1402 5416 xvm,
1454 5353 1505 5402 6.
1548 5371 1611 5387 -—
1662 5346 1681 5377 ²
1732 5343 1884 5406 ibid„
1933 5353 1990 5393 x1
2011 5378 2025 5405 ,
2074 5341 2154 5390 18.
2199 5363 2262 5377 -—

718 5439 741 5476 ⁸
768 5440 809 5489 u
837 5431 1094 5496 Pamlip„
1121 5437 1243 5488 xxv,
1271 5430 1321 5476 8.
1349 5449 1409 5463 -—
1435 5423 1454 5453 ⁴
1482 5420 1621 5471 Psal.
1649 5428 1829 5478 nxxix,
1858 5417 1906 5465 4.
1938 5441 2000 5451 —
2033 5414 2051 5443 ⁵
2080 5410 2260 5472 Hebr„

2342 592 2407 647 ln
2440 584 2725 660 sanguine
2759 577 2966 641 Christi
2999 570 3308 650 justificari
3334 566 3590 639 videtur,
3616 561 3725 638 qui
3757 556 3883 635 pati

2340 699 2478 742 cum
2511 682 2766 757 patiente
2780 722 2799 752 ‚
2839 680 2897 736 et
2919 673 3271 747 sanguinare
3313 681 3455 725 cum
3489 659 3882 734 sanguinante

2340 779 2614 836 meretur.
2649 773 2804 845 Quid
2828 770 2989 830 enim
3013 767 3292 841 lacrymae
3306 805 3325 835 ,
3352 758 3467 819 nisi
3493 753 3733 828 sanguis
3758 751 3886 810 ani-

2341 887 2454 929 mee
2471 873 2500 927 ?
2531 871 2610 927 De
2645 866 2814 928 tertio
2851 861 3125 923 scribitur
3142 861 3201 916 ⁷:
3238 881 3267 911 α
3298 849 3705 920 Reconciliati,
3734 841 3882 903 salvi

2343 965 2562 1025 erimus
2587 964 2650 1021 in
2675 963 2796 1020 vita
2822 959 3027 1035 ipsius.
3062 977 3091 1009 n
3129 959 3196 1015 ln
3220 952 3342 1010 vita
3367 946 3575 1008 Christi
3600 937 3883 1001 vivificari

2344 1057 2728 1133 dignoscitur,
2750 1054 2853 1130 qui
2879 1056 3014 1129 post
3039 1044 3616 1109 collamentationem
3642 1040 3700 1095 et
3727 1048 3883 1093 com-

2342 1153 2680 1228 passionem
2704 1150 2780 1209 ab
2815 1149 2948 1223 ipso
2975 1143 3183 1205 Christi
3225 1138 3431 1216 spiritu
3465 1130 3699 1194 dulcius
3731 1129 3884 1201 aspi·

2858 1312 3138 1370 Articulus
3175 1309 3389 1365 tertius.

2417 1433 2512 1493 vis
2539 1432 2745 1491 audire
2775 1443 3051 1503 sagacem
3075 1423 3341 1493 militem,
3366 1434 3491 1478 non
3512 1415 3707 1475 solum
3725 1413 3887 1471 bona

2344 1526 2521 1588 bonis
2558 1524 2816 1600 reposita
2860 1520 3223 1597 rapientem,
3265 1512 3373 1572 sed
3416 1515 3473 1571 et
3509 1510 3675 1567 bona
3711 1505 3887 1564 bonis

2344 1619 2652 1681 recondita
2693 1617 2978 1692 sagaciter
3015 1606 3517 1688 perscrutantem?
3555 1601 3706 1662 Audi
3736 1597 3892 1659 Psal-

2345 1714 2744 1789 mographum
2798 1708 3268 1770 subscribentem
3301 1721 3316 1760 :
3364 1704 3436 1758 Et
3484 1697 3782 1757 meditabor
3826 1698 3890 1750 in

2336 1807 2822 1882 ‚iustificationibus
2842 1806 2973 1861 tuis.
2994 1802 3050 1861 Si
3071 1799 3230 1858 enim
3258 1793 3529 1854 meditari
3559 1793 3646 1850 est
3670 1791 3892 1849 secreta
3915 1815 4132 1861 „efflui

2347 1901 2613 1973 scrutari,
2641 1901 2691 1958 si
2716 1897 3164 1973 justificationes
3191 1894 3422 1951 secretae
3449 1890 3585 1946 sunt
3608 1885 3886 1955 actioneS,
3916 1879 4051 1935 quie.

2348 1999 2598 2068 constat,
2642 1994 2809 2070 quod
2843 1987 3188 2064 hujusmodi
3218 1983 3522 2055 meditari,
3559 1984 3645 2040 est
3668 1981 3891 2037 secreta

2349 2089 2649 2150 dominica
2683 2084 3052 2162 perscrutari.
3095 2082 3153 2141 Si
3192 2081 3436 2155 quaeriS,
3474 2093 3608 2152 quoe
3635 2077 3771 2132 sunt
3800 2087 3892 2130 se·
3917 2096 4055 2139 nom
4075 2105 4143 2137 a

2349 2188 2506 2245 creta
2532 2184 2695 2242 bona
2723 2181 2857 2253 Dei,
2900 2183 2966 2238 ut
3002 2176 3191 2254 possis
3230 2157 3703 2233 illa'meditando
3732 2182 3891 2225 scru-
3914 2156 4142 2264 mg?

2348 2280 2501 2339 tari?
2528 2276 2811 2337 Indicabo
2841 2276 2948 2334 tibi
2972 2275 3137 2334 bona
3151 2265 3563 2344 hujuscemodi
3582 2263 3888 2339 tripartita,
3968 2281 4096 2325 ΕΜ,

2348 2374 2412 2433 in
2451 2371 2701 2431 cellariis
2738 2371 2927 2430 tribus
2963 2365 3312 2427 abscondita
3342 2382 3356 2421 ε
3394 2360 3668 2420 videlicet
3704 2357 3889 2416 laten·
3914 2347 4132 2451 Εἰώ-

2348 2472 2468 2526 tem
2500 2468 2847 2541 potestatem
2882 2463 2948 2521 in
2983 2461 3186 2520 divina
3210 2462 3454 2528 natura;
3482 2455 3758 2512 latentem
3782 2466 3889 2508 ve-

2347 2561 2582 2620 ritatem
2629 2560 2695 2617 in
2746 2559 3067 2634 scriptura;
3126 2555 3407 2611 latentem
3453 2547 3777 2608 bonitatem
3827 2544 3891 2601 in

2353 2657 2642 2714 ereatura.
2671 2654 2736 2711 In
2761 2655 2972 2710 natura
2999 2647 3330 2723 specialiter
3356 2641 3700 2703 meditando
3729 2654 3890 2697 scru-

2351 2753 2504 2821 tare,
2535 2748 2635 2805 vel
2666 2745 2983 2806 scrutando
3011 2743 3296 2801 meditare
3324 2738 3621 2811 fastigium
3647 2737 3894 2810 potesta-

2352 2843 2457 2916 tis;
2485 2843 2548 2901 in
2573 2841 2860 2916 scriptura
2875 2882 2894 2911 ,
2921 2836 3285 2912 praesagium
3316 2831 3607 2904 veritatis3
3642 2830 3705 2887 in
3731 2841 3894 2886 crea-

2352 2939 2512 3004 tura,
2558 2933 2874 3008 vestigium
2911 2931 3210 2991 bonitatis
3244 2925 3564 3000 Fastigium
3599 2919 3896 2999 potestatis

2350 3031 2414 3090 in
2472 3033 2685 3088 natura
2744 3025 2992 3087 scrutari
3048 3021 3425 3092 deliberavit,
3494 3019 3599 3093 qui
3650 3016 3798 3075 dixit
3826 3013 3849 3048 ⁸
3878 3032 3891 3070 :

2360 3143 2390 3179 α
2412 3123 2735 3184 Meditabor
2780 3122 2844 3179 in
2886 3124 2974 3191 te,
3021 3118 3162 3194 quia
3195 3114 3356 3175 fuisti
3392 3113 3626 3186 adjutor
3651 3125 3838 3170 meus.
3861 3128 3891 3165 n

2353 3218 2707 3292 Praesagium
2753 3214 3012 3274 veritatis
3059 3213 3123 3270 in
3176 3209 3472 3284 Scriptura
3510 3204 3755 3264 scrutari
3803 3202 3894 3261 di-

2354 3314 2684 3389 gnoscitur,
2715 3312 2791 3370 de
2833 3326 2955 3386 quo
2980 3307 3274 3367 dicitur-‚⁹2
3314 3323 3342 3359 α
3375 3308 3440 3364 ln
3465 3302 3600 3376 lege
3627 3302 3753 3374 eJus
3777 3314 3898 3356 me-

2356 3411 2657 3471 ditabitur.
2678 3429 2706 3464 »
2725 3406 3046 3479 Vestigium
3067 3401 3346 3462 bonitatis
3373 3398 3436 3457 in
3462 3398 3727 3456 creatura
3747 3409 3899 3452 scru-

2355 3506 2465 3565 tari
2502 3503 2831 3580 proposuit,
2878 3501 2984 3576 qui
3022 3498 3277 3558 cantavit
3303 3496 3386 3555 ²⁰:
3425 3517 3453 3551 ι
3479 3494 3801 3554 meditabor
3837 3491 3900 3548 in

2359 3600 2638 3660 omnibus
2674 3597 2955 3673 operibus
2994 3595 3138 3666 mie,
3183 3596 3240 3650 et
3282 3591 3348 3648 in
3383 3585 3901 3650 adinventionibus

2358 3693 2475 3753 tuis
2502 3692 2851 3763 exercebor,
2888 3710 2920 3744 n
2952 3688 3018 3746 id
3046 3690 3152 3760 est,
3191 3684 3502 3758 vestigium
3536 3680 3815 3742 bonitatis
3838 3677 3900 3735 in

2359 3787 2640 3861 operibus
2666 3782 2978 3844 creationis
3006 3784 3065 3841 et
3089 3777 3470 3840 recreationis
3492 3775 3817 3835 scrutabor.

2834 3942 3119 3998 Articulus
3176 3943 3427 4033 quartus.

2430 4075 2526 4134 Vis
2563 4075 2769 4133 audire
2804 4072 3055 4131 militem
3090 4069 3452 4145 pertinacem
3466 4108 3487 4139 ,
3526 4080 3651 4124 non
3691 4063 3903 4123 solum-

2362 4169 2546 4230 modo
2574 4170 2754 4228 bona-
2774 4165 3028 4226 latentia,
3056 4163 3531 4238 perquirentem,
3576 4159 3685 4217 sed
3725 4161 3781 4216 et
3815 4156 3903 4213 t'u-

2365 4263 2585 4338 gientia
2603 4259 3095 4337 persequentem?
3118 4256 3269 4316 Audi
3292 4255 3642 4330 scripturam
3665 4264 3904 4325 sequen-

2367 4362 2514 4416 tem:
2541 4359 2778 4430 Semper,
2800 4369 2869 4414 ac
2896 4351 3130 4422 sidicat
3152 4352 3450 4424 potenter:
3481 4349 3647 4405 Bona
3672 4344 3906 4404 latentia

2364 4451 2703 4512 meditabor
2715 4446 3113 4518 ineffabiliter,
3127 4461 3232 4502 seu
3241 4441 3656 4519 perscrutabor
3663 4440 3906 4516 pertina-

2366 4547 2540 4620 citer3
2570 4544 2857 4619 quoniam
2881 4540 3128 4615 inventis
3150 4553 3384 4614 semper
3408 4535 3762 4594 invenienda
3784 4547 3906 4591 suc·

2365 4641 2602 4712 cedunt,
2628 4636 2886 4697 collectis
2912 4650 3145 4708 semper
3161 4618 3502 4705 colligenda
3521 4630 3906 4692 succrescunt,

2366 4738 2440 4828 et‘
2450 4731 2686 4792 affectui
2712 4733 2850 4806 post
2874 4730 3040 4788 bona
3074 4724 3491 4786 desiderabilia
3515 4721 3811 4793 volitanti,
3839 4735 3906 4777 ac

2364 4825 2686 4887 intellectui
2705 4827 2840 4898 post
2850 4822 3100 4898 pulchra
3118 4818 3579 4880 considerabilia
3591 4812 3903 4885 cursitanti,

2367 4921 2692 4980 innumerae
2720 4921 2924 4977 turmae
2938 4958 2959 4990 ,
2987 4915 3229 4974 infinitae
3255 4917 3502 4973 catervae
3528 4912 3827 4971 bonorum
3852 4908 3908 4963 et

2368 5015 2753 5091 pulchrorum
2779 5012 3107 5087 praevolant
3147 5013 3205 5069 et
3233 5009 3625 5085 praecurrunt.
3649 5009 3715 5065 Et
3741 5005 3906 5071 nota,

2357 5108 2537 5184 ‚quod
2584 5122 2708 5167 non
2757 5110 2843 5166 est
2888 5105 3081 5180 gravis
3124 5104 3249 5163 haec
3300 5101 3763 5179 sempiternitas»,
3805 5093 3908 5153 sed

2370 5203 2568 5263 suavis
2619 5201 2809 5261 tribus
2857 5201 2933 5262 de
2990 5199 3219 5261 causis:
3276 5200 3521 5272 propter
3571 5193 3903 5261 veritatem,

2372 5345 2422 5396 v,
2451 5334 2500 5382 τ.
2519 5356 2583 5370 —
2606 5331 2630 5367 ⁸
2652 5332 2810 5396 Rom„
2839 5341 2889 5395 v,
2917 5332 2966 5380 9.
2995 5355 3059 5368 -
3086 5330 3103 5359 ⁷
3133 5326 3387 5392 thid.,1o.
3411 5352 3468 5365 -
3498 5326 3518 5358 ·
3544 5320 3676 5375 psal.
3706 5330 3834 5380 un,
3858 5316 3908 5366 ’1.

2370 5432 2432 5445 -
2458 5407 2478 5435 ⁹
2504 5402 2647 5455 Psat.
2677 5415 2716 5468 1,
2737 5407 2787 5455 2.
2816 5429 2871 5439 —
2904 5404 2944 5435 ¹·
2970 5402 3108 5452 Psal.
3131 5410 3312 5461 um,
3343 5401 3417 5450 ¹3.
