4196 6294
1754 438 2116 506 PSALMUS
2160 438 2420 505 cxvnl.
3559 441 3672 502 421

496 613 525 649 α
552 597 679 653 Non
724 589 1061 659 obliviscar,
1084 584 1292 660 'inquit
1309 624 1328 654 ‚
1365 580 1810 655 justificationes
1854 582 1985 635 tuas
2004 619 2025 648 ,
2139 577 2427 651 quantum
2480 573 2558 631 ad
2615 571 3032 630 verecundiam
3052 613 3072 643 ,
3125 588 3246 647 qua
3297 577 3554 633 meretur
3599 588 3675 633 ne

490 688 634 764 quia
676 685 739 743 in
776 683 918 760 ipsis
961 678 1268 740 vivificasti
1299 693 1393 734 me
1424 696 1442 749 3
1468 695 1497 729 ι)
1532 689 1666 731 ecce
1688 670 2026 744 justificatio
2137 672 2406 728 vereatur
2433 668 2525 742 (c),
2552 665 2601 724 si
2628 680 2841 723 verum
2867 668 2954 725 est
2982 665 3147 741 quod
3176 670 3429 729 veretur.

487 780 747 851 interior.
788 782 866 836 De
924 775 1186 835 secunda
1249 785 1491 846 quoque
1552 767 1842 825 habemus
1898 765 2025 823 elo·

225 3399 333 3442 tudo

225 3462 334 3504 chre

489 875 697 951 quium
717 869 1060 947 prophetale
1080 871 1096 904 ¹
1120 888 1134 926 ε
1154 887 1182 920 α
1197 866 1359 924 Viam
1381 861 1865 937 justificationum
1894 862 2022 917 tua-

487 986 623 1027 rum
650 970 866 1026 instrue
893 982 989 1023 me
1014 985 1027 1019 :
1056 983 1086 1017 w
1119 977 1250 1021 ecce
1274 957 1610 1033 justificatio
1639 954 1911 1014 exterior.
1941 956 2021 1011 De

488 1063 655 1121 tertia
699 1060 955 1134 denique
995 1056 1286 1117 hahemus
1333 1050 1729 1111 testimonium
1759 1049 2019 1106 Psalmo-

486 1156 600 1217 diae
621 1157 643 1190 ²
677 1174 691 1212 z
739 1173 767 1208 α
789 1151 1115 1212 Exercebor
1150 1149 1213 1204 in
1247 1143 1761 1221 justificationibus
1797 1142 1910 1200 tuis
1947 1160 2015 1198 :n

484 1265 618 1308 ecce
649 1247 986 1322 ,iustificatio
1017 1242 1284 1302 exterior.

974 1402 1255 1460 Articulus
1281 1403 1530 1472 quartus.

549 1530 945 1603 verecundia,
983 1542 1103 1601 qua
1128 1525 1203 1599 (a)
1231 1526 1485 1581 meretur
1511 1536 1587 1578 ne
1616 1522 1888 1579 vereatur
1922 1521 2014 1594 (b),

482 1624 758 1696 enitescit,
790 1639 927 1681 cum
954 1619 1155 1694 adJicit
1182 1637 1196 1676 z
1234 1620 1302 1673 Ut
1330 1633 1436 1673 non
1461 1614 1783 1686 confundar,
1813 1615 1876 1672 id
1910 1617 2015 1684 est,

480 1718 764 1777 confundi
802 1732 1048 1774 merear.
1080 1713 1195 1771 Sed
1235 1708 1543 1785 quomodo
1570 1708 1759 1781 justus
1790 1723 1900 1781 pro
1928 1707 2016 1764 in-

469 1812 691 1888 justitia
746 1809 1138 1869 confundetur
1163 1850 1181 1879 ‚
1242 1804 1383 1880 quia
1446 1802 1682 1876 ,iustitiae
1745 1801 2013 1860 confusio

271 1917 451 1961 :nausa
475 1922 600 1964 non
627 1904 874 1963 debetur
895 1904 925 1959 ‘i
951 1906 1118 1972 Nota,
1148 1899 1314 1975 quod
1334 1896 1616 1956 confundi
1642 1900 1831 1969 potest
1852 1896 2014 1968 justi-

251 1983 445 2083 ξξξξζῗ,
479 2001 557 2058 tia
585 2002 826 2074 propter
853 1999 962 2056 tria
987 2015 1000 2053 ε
1029 1995 1170 2069 quia
1195 2008 1318 2050 non
1345 2007 1507 2062 vera,
1538 2006 1660 2047 non
1689 2005 1860 2064 pura,
1889 2004 2013 2046 non

229 2102 355 2208 {gxi
371 2115 447 2158 po·
475 2093 631 2151 viva.
675 2092 864 2151 Pfima
890 2093 1146 2148 meretur
1183 2086 1588 2144 confusionem
1613 2126 1632 2154 ,
1662 2086 1903 2157 propter
1928 2083 2013 2140 in-

475 2188 923 2259 discretionem3
954 2184 1236 2267 secunda,
1266 2185 1507 2258 propter
1533 2177 2005 2251 indevotionem3

471 2282 659 2353 tertia,
688 2286 928 2357 propter
968 2277 1491 2353 imperfectionem.
1525 2273 1717 2333 Prima
1743 2270 2010 2330 confusio

470 2379 706 2434 notatur
732 2375 755 2411 ⁸
803 2394 817 2432 ε
858 2393 886 2427 «
925 2372 1370 2447 confundantur
1413 2369 1817 2438 vehementer,
1870 2365 2009 2439 quia

470 2485 593 2527 non
629 2468 1040 2527 intellexerunt
1081 2464 1471 2541 opprobrium
1500 2462 1944 2538 sempiternum.
1975 2480 2004 2513 ι

471 2563 557 2621 uli
588 2562 834 2637 quidem
866 2577 991 2620 non
1016 2559 1348 2633 intelligunt
1376 2555 1765 2633 opprobrium
1790 2552 2007 2627 sempi-

470 2660 722 2729 ternum,
746 2656 851 2731 qui
870 2671 977 2730 per
1000 2669 1315 2712 erroneum
1334 2649 1699 2711 conscientiae
1716 2647 2006 2721 jndicium

470 2750 762 2827 accipiunt
782 2766 892 2824 pro
913 2749 1123 2806 virtute
1143 2747 1370 2817 vitium,
1396 2746 1491 2803 cui
1512 2743 1760 2801 debetur
1789 2757 2009 2816 oppro-

469 2845 666 2902 brium
696 2843 1154 2920 sempiternum,
1184 2842 1330 2899 sicut
1355 2842 1515 2914 patet
1539 2838 1599 2895 in
1639 2835 1766 2895 zelo
1805 2834 2012 2900 infide-

468 2936 615 2996 lium
659 2937 867 2994 fideles
902 2935 1410 3011 persequentium,
1458 2931 1531 2990 de
1568 2931 1786 3006 quibus
1820 2929 2003 2986 indis·

470 3033 622 3088 crete
657 3030 978 3087 zelantibus
1012 3029 1265 3101 legimus
1304 3025 1326 3059 ⁸
1364 3044 1379 3083 :
1426 3045 1454 3079 α
1486 3024 1732 3082 Videant
1769 3027 1824 3080 et
1865 3038 2003 3081 con·

469 3125 788 3185 fundantur
815 3124 1069 3184 zelantes
1106 3120 1335 3198 populi.
1372 3142 1401 3176 »
1439 3119 1707 3178 Secunda
1734 3117 2002 3177 confusio

466 3225 702 3279 notatur
737 3220 761 3257 ⁵
804 3238 818 3276 ε
854 3238 883 3273 α
922 3216 1323 3277 confundetur
1355 3215 1480 3287 sol,
1510 3230 1643 3272 cum
1671 3213 2006 3287 regnaverit

282 3335 440 3380 simni-
466 3314 749 3373 Dominus
778 3311 1158 3371 exercituum.
1190 3331 1219 3365 ›>
1243 3309 1396 3367 Sicut
1418 3307 1574 3374 enim
1603 3308 1694 3364 sol
1722 3305 2004 3366 naturalis

343 3400 439 3454 pul-
467 3406 846 3466 confunditur
908 3408 1150 3480 propter
1216 3402 1728 3460 obnubilationem
1780 3400 2002 3458 levium

466 3517 779 3578 vaporum,
806 3499 887 3556 ita
912 3499 1002 3557 sol
1022 3497 1284 3570 moralia,
1315 3496 1531 3555 scilicet
1551 3495 1792 3568 justitia,
1820 3511 2002 3569 prop-

467 3598 553 3652 ter
585 3593 1065 3652 obscurationem
1091 3590 1415 3648 venialium
1446 3592 1842 3664 peccatorum.
1875 3592 2003 3647 Ter-

463 3688 545 3745 tia
567 3686 836 3745 confusio
865 3685 1178 3744 annotatur
1196 3685 1255 3740 ⁶:
1294 3703 1322 3736 α
1348 3682 1767 3755 confundetur,
1788 3682 1999 3757 inquit,

461 3781 638 3840 lsrael
687 3780 749 3837 in
798 3780 1101 3838 voluntate
1147 3795 1273 3837 sua.
1319 3799 1347 3832 n
1402 3776 1577 3835 Plane
1625 3776 2002 3835 confunditur

463 3874 635 3933 lsrael
683 3874 745 3932 in
788 3889 896 3931 sua
947 3873 1248 3931 voluntate
1265 3916 1285 3939 ,
1335 3871 1579 3945 quando
1633 3870 2002 3928 rationabilis

463 3969 662 4026 anima
715 3966 1095 4024 confunditur
1148 3967 1212 4022 in
1266 3980 1385 4022 suoe
1454 3963 1771 4022 voluntatis
1825 3963 2003 4023 infor-

461 4063 679 4120 mitate.
726 4060 839 4120 Etsi
883 4060 1042 4118 enim
1078 4059 1151 4118 sit
1183 4060 1436 4117 formata
1475 4057 1684 4116 virtute
1731 4057 1999 4134 politica,

461 4156 677 4214 scilicet
702 4154 993 4229 aequitate,
1020 4170 1143 4211 non
1172 4155 1372 4210 tamen
1398 4155 1482 4210 est
1507 4151 1760 4210 formata
1790 4152 1999 4212 virtute

460 4250 814 4322 theologica,
834 4248 1107 4306 videlicet
1130 4247 1430 4315 charitate,
1451 4262 1582 4320 quse
1609 4250 1694 4304 est
1719 4246 2000 4305 virtutum

461 4341 652 4401 forma
680 4346 736 4400 et
760 4340 1042 4417 perfecfio
1060 4383 1079 4413 ‚
1111 4342 1174 4398 in
1203 4343 1491 4415 quantum
1517 4340 1830 4398 meritorie.

1104 4503 1362 4568 Epilogus.

530 4622 621 4683 Ait
660 4640 803 4698 ergo
846 4624 1163 4699 Propheta,
1194 4626 1481 4700 tanquam
1520 4640 1775 4701 persona
1813 4624 2000 4683 chari-

464 4719 575 4776 tate
616 4717 1010 4776 sanctificante
1051 4734 1374 4777 succensa:
1430 4721 1530 4778 Gor
1576 4735 1774 4791 meum,
1817 4735 2002 4795 quan·

464 4817 585 4868 tum
627 4811 706 4869 ad
753 4811 1205 4884 conscientiam,
1242 4829 1425 4887 quam
1461 4813 1823 4888 speculatum
1874 4815 1999 4871 Fiat

461 4907 894 4972 immaculatum,
938 4909 1226 4979 quantum
1263 4907 1341 4965 ad
1384 4906 1774 4979 munditiam,
1816 4923 1999 4982 quam

457 4997 791 5071 aemulatum
835 5001 897 5055 In
924 4998 1402 5072 jnstz'ficationibus
1433 5003 1572 5074 tuis,
1604 5004 1892 5076 quantum
1919 5001 2001 5060 ad

453 5091 770 5164 justitiam,
828 5108 1012 5180 quam
1057 5096 1324 5167 veretur;
1389 5096 1457 5153 Ut
1510 5111 1616 5153 non
1663 5095 1999 5169 confundar,

520 5241 531 5269 ¹
570 5239 702 5290 Psal.
733 5239 860 5303 hoc,
891 5243 970 5292 27.
999 5264 1060 5281 ·—
1086 5244 1106 5276 ¹
1133 5242 1280 5307 ibid„
1310 5244 1390 5293 23.
1423 5270 1475 5279 —
1510 5245 1528 5274 ³
1555 5246 1760 5305 lev-em„
1791 5257 1857 5295 xx
1895 5248 1965 5306 ,ll
1986 5281 2000 5295 .

458 5312 577 5433 :6⁸
609 5312 730 5374 Iso„
763 5323 914 5375 xxvx,
962 5318 1036 5365 Η.
1080 5342 1141 5353 -
1180 5316 1197 5345 ⁵
1238 5316 1357 5378 Ira„
1403 5328 1543 5378 xxiv,
1591 5318 1670 5367 23.
1711 5343 1773 5354 --
1815 5319 1835 5347 0
1868 5317 1970 5380 Os„

497 5417 513 5443 ,
575 5420 585 5430 .

2461 906 2934 987 CAPITULUM
2996 907 3343 967 SEXTUM.

2601 1088 2933 1135 mslcums
2967 1091 3189 1135 ramus·

2202 1242 2288 1294 8¹.
2314 1239 2519 1305 Defecit
2534 1240 2595 1294 in
2608 1238 2849 1294 salutare
2867 1241 3022 1293 tuum
3044 1240 3228 1295 waima
3239 1241 3501 1309 menete.
3525 1240 3668 1301 Ecce

2129 1333 2360 1389 sextum
2388 1330 2713 1404 capitulum
2730 1333 3090 1405 praesentans
3107 1334 3338 1390 sextum
3355 1332 3664 1392 ferculum.

2129 1427 2192 1482 ln
2217 1423 2565 1499 praecedenti
2604 1439 2866 1498 namque
2893 1424 3149 1499 capitulo
3185 1429 3535 1500 praesentata
3558 1426 3668 1486 fuit

2127 1517 2405 1576 bonitatis
2426 1517 2786 1575 transmissio
2801 1538 2818 1592 3
2848 1518 2912 1575 in
2936 1519 3208 1592 praesenti
3234 1535 3378 1578 vero
3405 1534 3668 1594 praesen-

2127 1614 2280 1669 tatur
2306 1611 2648 1670 defectionis
2666 1611 2953 1671 dimissio.
2973 1616 3039 1671 Et
3058 1613 3344 1688 quoniam
3370 1613 3664 1673 transmis-

2125 1705 2213 1763 sio
2240 1704 2540 1776 bonitatis‚
2567 1709 2653 1763 est
2678 1706 2920 1765 collatio
2951 1707 3212 1767 sanitatis
3226 1727 3244 1780 3
3276 1706 3540 1766 dimissio
3565 1706 3663 1764 de-

2122 1799 2386 1858 fectionis
2405 1842 2426 1871 ,
2453 1802 2539 1857 est
2563 1799 2787 1858 ablatio
2823 1800 3210 1873 infirmitatis3
3241 1803 3402 1874 patet
3436 1799 3661 1859 ordinis

2124 1895 2271 1952 ratio
2291 1912 2305 1950 :
2329 1910 2470 1952 nam
2493 1897 2738 1969 propter
2758 1894 2927 1952 illam
2947 1895 3449 1954 transmissionem
3476 1909 3663 1969 appe-

2122 1987 2259 2045 titur
2277 1987 2382 2045 illa
2396 1986 2679 2060 dimissio,
2695 1988 2818 2046 sive
2836 1993 3078 2063 propter
3093 1988 3260 2047 illam
3277 1988 3658 2049 collationem

2121 2081 2244 2139 haec
2259 2081 2496 2140 ablatio.
2528 2081 2858 2155 Capitulum
2873 2098 3129 2157 proesens
3152 2081 3524 2156 distinguitur
3543 2085 3658 2146 dis·

2118 2175 2393 2233 tinctione
2446 2175 2786 2248 bimembri,
2837 2175 2979 2249 quia
3029 2176 3150 2234 duo
3205 2180 3454 2251 possunt
3499 2179 3656 2239 circa

2121 2268 2505 2327 defectionem
2530 2268 2757 2341 notari,
2788 2268 3006 2327 scilicet
3034 2285 3213 2328 causa
3251 2269 3531 2329 deficiens
3548 2316 3567 2345 ,
3598 2278 3656 2332 et

2121 2380 2298 2423 causa
2339 2364 2604 2422 reficiens
2640 2383 2657 2421 ε
2705 2381 2883 2423 causa
2937 2364 3182 2440 quidem
3229 2365 3510 2426 deficiens
3565 2372 3656 2426 est

2117 2459 2379 2518 humana
2431 2458 2712 2532 pronitas,
2769 2474 2952 2534 quam
3002 2458 3262 2519 declarat
3315 2461 3654 2521 octonarius

2116 2554 2379 2629 primus3
2424 2569 2603 2611 causa
2657 2554 2926 2612 reficiens
2978 2558 3064 2612 est
3117 2554 3322 2613 divina
3371 2554 3608 2615 bonitas
3627 2597 3650 2627 ,

2118 2663 2301 2722 quam
2328 2646 2590 2706 declarat
2614 2647 2925 2705 secundus.
2957 2650 3024 2705 Et
3066 2647 3352 2722 quoniam
3386 2648 3653 2708 humana

2115 2745 2377 2819 pronitas
2415 2743 2686 2802 incurvat
2712 2743 2974 2803 animam
2992 2786 3011 2816 ,
3046 2743 3152 2802 sed
3178 2742 3385 2802 divina
3412 2745 3650 2804 bonitas

2116 2839 2288 2912 erigit
2326 2855 2433 2913 per
2477 2838 2840 2904 doctrinam,
2897 2838 3038 2896 inde
3084 2841 3172 2897 est
3213 2837 3377 2913 quod
3420 2838 3650 2914 primus

2115 2933 2450 2993 octonarius
2490 2932 2800 2991 inchoatur
2840 2948 2949 3007 per
2991 2933 3154 3007 Caph
3192 2933 3475 3005 litteram,
3518 2950 3649 3009 quae
3674 2951 3817 3007 caph.

2113 3029 2524 3102 interpretatur
2557 3027 2865 3084 incurvata
2878 3046 2898 3097 3
2938 3026 3235 3084 secundus
3272 3043 3380 3101 per
3406 3028 3647 3100 Lamed,
3677 3031 3856 3080 umd-

2115 3139 2246 3198 quoe
2281 3122 2693 3198 interpretatur
2733 3119 3019 3180 doctrina.
3051 3120 3397 3180 octonarius
3421 3121 3650 3196 primus

2114 3218 2279 3276 estin
2307 3216 2458 3276 duos
2485 3216 2890 3292 quaternarios
2918 3215 3388 3290 distinguendus.
3421 3215 3649 3277 Primus

2113 3312 2520 3387 quaternarius
2560 3310 2847 3382 ostendit,
2878 3310 3045 3386 quod
3088 3309 3354 3386 pronitas
3385 3310 3650 3371 humana

2112 3410 2198 3464 est
2235 3421 2414 3464 causa
2458 3404 2744 3464 defectiva
2753 3425 2772 3479 ;
2812 3404 3105 3463 secundus
3150 3403 3439 3477 ostendit,
3478 3405 3648 3480 quod

2110 3499 2376 3575 pronitas
2415 3499 2544 3574 ipsa
2595 3515 2720 3557 non
2765 3503 2855 3558 est
2897 3498 3193 3558 refectiva.
3233 3498 3406 3569 Quod
3449 3501 3648 3558 autem

2111 3594 2374 3670 pronitas
2428 3596 2755 3653 memorata
2805 3593 2878 3652 sit
2930 3610 3108 3652 causa
3149 3592 3457 3665 defectiva,
3501 3594 3646 3653 noti·

2111 3689 2247 3746 fleat
2274 3688 2560 3762 Propheta
2585 3703 2693 3763 per
2713 3690 2967 3762 quatuor
2987 3687 3383 3758 incitamenta,
3403 3687 3650 3746 totidem

2112 3781 2379 3840 versibus
2417 3782 2723 3839 subnotata
2759 3799 2773 3837 :
2816 3796 3073 3855 quorum
3110 3780 3372 3855 primum
3399 3783 3486 3838 est
3520 3781 3647 3856 spei

2113 3875 2406 3949 debilitas,
2439 3869 2765 3933 secundum
2785 3873 2928 3932 fidei
2957 3874 3202 3945 exilitas,
3224 3873 3459 3934 tertium
3480 3891 3645 3934 amo-

2109 3972 2189 4030 ris
2215 3970 2492 4044 inanitas,
2523 3972 2799 4043 quartum
2837 3967 3061 4026 laboris
3107 3967 3475 4027 diuturnitas.
3518 3969 3642 4029 Pri·

2110 4081 2243 4123 mus
2297 4079 2500 4122 versus
2539 4062 2803 4138 primum
2847 4061 3107 4136 explicat
3158 4061 3603 4122 incitamentum
3620 4105 3640 4136 ,

2109 4157 2460 4234 explicando
2512 4157 2639 4232 spei
2678 4155 2995 4227 defectum,
3042 4155 3364 4229 objectum,
3405 4155 3642 4229 subjec-

2107 4258 2257 4325 tum,
2287 4268 2359 4311 ac
2387 4250 2743 4310 defectivum
2768 4249 3040 4308 effectum
3056 4268 3074 4305 =
3099 4265 3358 4323 quorum
3382 4250 3644 4326 primum

2109 4349 2195 4406 est
2231 4344 2618 4420 vituperabile
2639 4384 2660 4415 ,
2701 4342 3031 4402 secundum
3068 4342 3488 4416 desiderabile,
3533 4346 3646 4402 ter-

2109 4439 2256 4498 tium
2280 4437 2638 4510 miserabile,
2668 4439 2944 4511 quartum
2969 4435 3475 4496 irremunerabile.

2603 4595 2887 4654 Articulus
2919 4598 3147 4670 primus.

2178 4725 2470 4792 Quantum
2506 4721 2585 4780 ad
2611 4720 2905 4795 primum,
2933 4720 3146 4780 dicitur
3174 4739 3190 4779 :
3241 4722 3467 4791 Defecit.
3502 4723 3646 4781 Ecce

2109 4816 2235 4891 spei
2264 4814 2543 4885 defectuS,
2578 4829 2703 4873 non
2737 4814 3029 4873 immerito
3065 4812 3507 4887 vituperandus.
3537 4817 3647 4874 De-

2107 4911 2292 4968 fectus
2318 4909 2425 4966 iste
2459 4908 2732 4967 incitatur
2760 4908 2822 4965 in
2849 4908 3097 4967 diversis
3123 4907 3519 4967 diversimode
3551 4907 3647 4970 :in

2108 5001 2470 5078 quibusdam
2499 5001 2577 5060 ab
2614 4999 2931 5073 irascibili;
2957 5001 3020 5059 in
3047 5000 3409 5075 quibusdam
3441 5017 3480 5059 a
3511 5017 3647 5060 con-

2109 5095 2468 5173 cupiscibili3
2507 5096 2571 5153 in
2597 5094 2961 5170 quibusdam
3006 5111 3043 5154 a
3076 5093 3435 5155 rationabili.
3465 5095 3644 5155 Primi

2108 5194 2243 5249 sunt
2287 5189 2653 5264 impatientes
2667 5209 2686 5262 3
2717 5188 2995 5262 secundi,
3039 5187 3503 5263 incontinentes3
3531 5193 3646 5248 ter-

2171 5317 2235 5382 (n)
2278 5318 2395 5369 Goet.
2439 5317 2558 5367 edit.
2602 5329 2773 5380 quam.
2815 5341 2875 5352 —
2924 5314 2995 5379 (ὁ)
3041 5316 3161 5366 Item
3203 5319 3268 5380 >ut
3312 5320 3535 5369 veretur.
3580 5343 3644 5362 -ι

2107 5393 2168 5455 (c)
2198 5391 2321 5440 Item
2349 5402 2502 5455 quam
2529 5390 2773 5451 meretur,
2801 5401 2886 5436 nec
2914 5386 3091 5439 habent
3124 5389 3473 5454 nejvereatur.
