4196 6294
1698 419 1954 522 caper
1997 419 2097 509 ¹X÷

309 559 629 638 Quantum
650 560 733 625 ad
760 559 1230 625 meditationem
1248 574 1443 623 sacrae
1465 556 1834 639 Scripturae,

306 670 456 736 dicit
486 693 502 736 :
538 670 800 753 comede
831 685 1097 753 panem,
1144 677 1200 735 et
1240 668 1373 734 bibe
1413 668 1642 734 vinum
1668 684 1690 728 .·
1719 683 1840 748 pa-

309 797 458 842 nem
486 827 508 859 ,
568 783 883 863 quantum
937 777 1020 864 ad
1064 775 1341 841 difficilia
1381 799 1397 853 ;
1451 778 1513 837 et
1570 774 1796 837 vinum
1818 820 1839 852 ,

309 890 626 969 quantum
656 887 735 951 ad
763 884 992 950 facilia.
1022 908 1053 947 α
1079 884 1321 964 Venite,
1343 883 1430 947 ait
1460 880 1840 963 Sapientia¹‚

310 997 374 1057 et
429 994 735 1059 comedite
792 1011 1025 1076 panem
1071 1010 1288 1060 meum
1317 1039 1338 1071 ,
1380 994 1444 1055 et
1497 989 1694 1053 bibite
1739 987 1844 1053 vi-

312 1119 495 1165 num.
527 1124 557 1161 n
595 1101 921 1178 Quantum
950 1101 1030 1166 ad
1051 1100 1395 1184 puritatem
1421 1097 1840 1176 conscientiae,

309 1207 460 1272 dicit
515 1230 531 1270 ι
587 1210 777 1275 Omni
821 1215 1086 1285 tempore
1135 1209 1506 1276 vestimenta
1551 1210 1664 1273 tua
1711 1207 1847 1270 sint

309 1316 629 1398 candida,
660 1317 725 1383 id
753 1321 882 1397 est,
916 1317 1297 1382 conscientia
1323 1314 1585 1380 munda.
1604 1322 1626 1355 ²
1653 1335 1684 1373 α
1707 1311 1847 1377 Non

310 1422 816 1505 inquinaverunt
844 1424 1222 1489 vestimenta
1248 1441 1396 1502 sua,
1428 1420 1845 1485 ambulabunt

311 1548 563 1594 mecum
608 1531 678 1595 in
729 1531 913 1595 albis.
957 1554 988 1591 n
1035 1530 1174 1609 Quo
1223 1534 1441 1594 contra
1493 1528 1724 1593 dicitur
1760 1526 1783 1562 ⁸
1819 1549 1834 1592 ε

315 1660 346 1697 (ι
397 1636 856 1703 vestimentum
908 1638 1186 1702 mixtum
1244 1636 1562 1718 sanguine
1605 1637 1723 1701 erit
1772 1637 1842 1700 in

313 1746 855 1826 combustionem,
886 1751 949 1811 et
974 1746 1158 1811 cibus
1185 1745 1383 1828 ignis,
1413 1769 1444 1804 n
1482 1744 1560 1809 Et
1586 1743 1741 1826 quia
1770 1742 1849 1807 ad

315 1853 695 1918 munditiam
718 1854 1118 1919 conscientiae
1150 1854 1440 1936 sequitur
1467 1852 1719 1915 interna
1740 1850 1848 1915 lae-

314 1960 478 2040 titia,
511 1961 652 2025 ideo
679 1962 828 2026 dicit
859 1984 876 2027 z
907 1963 993 2030 Et
1020 1962 1221 2030 oleum
1248 1960 1324 2027 de
1348 1961 1558 2042 capite
1587 1968 1694 2025 zuo
1719 1973 1850 2025 non

315 2066 592 2147 deficiat.
642 2066 820 2133 Unde
869 2067 935 2131 in
982 2054 1233 2132 Psalmo
1260 2067 1283 2102 ⁸
1317 2088 1332 2130 ε
1372 2090 1401 2127 a
1429 2064 1510 2130 Ut
1538 2063 1852 2129 exhilaret

314 2175 538 2239 faciem
569 2176 640 2239 in
665 2176 825 2241 oleo.
872 2198 905 2236 ι)
959 2176 1036 2240 Et
1064 2182 1133 2238 ἐ
1184 2198 1216 2236 α
1254 2173 1352 2239 Tu
1397 2178 1651 2250 autem,
1700 2190 1848 2236 cum

307 2283 597 2364 jejunaS‚
623 2301 801 2365 unge
841 2286 1031 2366 caput
1074 2287 1282 2347 tuum.
1321 2304 1351 2342 n
1403 2280 1725 2359 Quantum
1772 2279 1851 2343 ad

315 2389 649 2472 amplexus
686 2390 1111 2455 delectationis
1136 2391 1442 2469 internae,
1473 2388 1667 2454 dicit:
1695 2387 1845 2452 Per-

312 2496 524 2577 fruere
549 2497 689 2564 vita
728 2513 870 2563 cum
914 2514 1112 2564 uxore
1131 2545 1152 2577 ,
1183 2513 1375 2580 quam
1419 2494 1669 2578 diligis.
1701 2493 1852 2558 Haec

317 2622 481 2669 uxor
506 2610 600 2669 est
624 2604 884 2686 religio,
923 2606 995 2668 in
1036 2623 1164 2687 qua
1189 2604 1544 2669 vacandum
1572 2606 1670 2668 est
1696 2620 1846 2667 con-

314 2711 705 2795 templationi
735 2713 756 2747 ⁶
791 2731 809 2778 ε
850 2736 881 2772 α
917 2717 1153 2777 Laetare
1196 2732 1344 2778 cum
1390 2712 1659 2777 muliere
1696 2711 1847 2775 ado-

308 2818 631 2891 lescentiae
656 2825 810 2886 tuae.
840 2843 871 2880 n
908 2820 1057 2885 Haec
1100 2839 1264 2886 uxor
1299 2821 1523 2886 dilecta
1569 2822 1853 2902 figurata

316 2930 413 2990 est
438 2945 553 3008 per
579 2926 844 3006 Rachel,
874 2946 991 3010 pro
1026 2946 1156 3010 qua
1193 2929 1455 2993 servivit
1485 2929 1677 2994 Jacob
1707 2946 1850 3010 sep-

317 3035 448 3096 tem
474 3033 681 3099 anniS.
711 3033 945 3098 Deinde
970 3039 1283 3117 quantum
1324 3036 1405 3099 ad
1444 3037 1684 3101 activos
1702 3083 1724 3115 ,
1753 3036 1848 3099 di-

316 3140 401 3204 cit
432 3164 446 3205 :
484 3140 920 3226 Quodcumque
936 3147 1146 3225 potest
1173 3158 1403 3209 manus
1435 3149 1570 3223 tua,
1605 3144 1852 3211 instan-

317 3255 414 3316 ter
457 3265 734 3334 operare.
771 3251 1087 3316 Instanter
1133 3253 1415 3334 operari,
1459 3258 1555 3316 est
1601 3254 1851 3335 operari

319 3359 629 3436 celeriter,
659 3363 880 3424 contra
905 3360 1365 3442 negligentiam
1391 3362 1414 3397 '¹
1449 3379 1464 3424 ε
1499 3360 1615 3424 «In
1639 3362 1848 3425 omni-

318 3467 440 3530 bus
466 3468 766 3550 operibus
793 3466 923 3532 tuis
949 3472 1081 3532 esto
1107 3467 1325 3548 velox,
1356 3472 1418 3532 et
1443 3469 1653 3532 omnis
1680 3469 1852 3532 infir-

321 3574 506 3638 mitas
530 3594 659 3640 non
686 3581 972 3641 occurret
989 3577 1124 3640 tibi.
1152 3597 1185 3636 ι)
1207 3575 1552 3641 Ferventer
1578 3574 1600 3609 ⁸
1632 3597 1647 3640 ε
1679 3599 1709 3637 α
1731 3575 1853 3652 Qui

321 3680 530 3745 mollis
557 3687 675 3763 est,
693 3687 757 3748 et
781 3684 1124 3748 dissolutus
1155 3683 1227 3747 in
1259 3702 1449 3766 opere
1485 3701 1626 3764 su0,
1659 3685 1851 3748 frater

320 3792 417 3852 est
441 3807 557 3852 sua
575 3806 769 3871 opera
796 3789 1180 3873 dissipantis.
1205 3812 1235 3850 n
1267 3790 1597 3871 continue,
1619 3795 1694 3855 ut
1720 3810 1852 3857 non

321 3899 596 3978 tepescat
623 3901 646 3936 ⁹
686 3914 703 3958 :
757 3919 788 3958 α
833 3895 902 3960 Si
942 3915 1073 3961 non
1118 3898 1183 3961 in
1228 3898 1456 3963 timore
1497 3899 1750 3963 Domini
1791 3903 1852 3964 te

321 4003 599 4068 tenueris
637 4003 944 4068 instanter
965 4052 982 4083 ‚
1012 4004 1137 4068 cito
1176 4005 1584 4070 subvertetur
1625 4005 1853 4071 domus

318 4114 448 4175 tua.
476 4133 507 4171 »
534 4109 1091 4190 perseveranter‚¹⁰
1124 4132 1139 4175 ε
1169 4133 1200 4172 <1
1236 4111 1360 4188 Qui
1387 4117 1584 4177 certat
1609 4114 1680 4178 in
1704 4131 1854 4196 ago-

319 4235 436 4297 ne,
465 4237 597 4283 non
625 4218 1069 4298 coronabitur,
1102 4218 1227 4281 nisi
1253 4219 1364 4301 qui
1402 4218 1690 4301 legitime
1711 4240 1846 4287 cer-

320 4323 548 4387 taverit
568 4372 586 4404 ,
616 4345 647 4384 n
678 4324 744 4390 id
770 4327 902 4401 est,
933 4327 1448 4406 perseverantem
1480 4328 1545 4389 et
1575 4326 1846 4410 subJun-

320 4432 498 4512 gitur
539 4434 701 4498 ratio
730 4483 749 4515 ‚
792 4451 991 4517 quare
1044 4436 1291 4516 oportet
1335 4434 1648 4498 instanter
1688 4435 1851 4502 bene

317 4540 566 4623 operari
593 4539 664 4604 in
705 4540 1003 4624 praesenti
1035 4558 1053 4604 :
1084 4540 1234 4623 quia
1259 4540 1456 4606 breve
1480 4544 1575 4605 est
1600 4544 1851 4625 tempus

316 4647 560 4725 meriti3
593 4647 764 4713 unde
795 4670 811 4713 :
840 4647 1033 4731 Apud
1068 4648 1309 4729 inferos
1348 4664 1480 4716 non
1513 4655 1605 4715 est
1649 4664 1808 4731 opus
1830 4698 1847 4727 ‚

317 4754 399 4819 ad
444 4773 512 4820 se
564 4755 987 4820 exercendum
1046 4756 1128 4820 ad
1181 4755 1504 4839 pietatem.
1567 4756 1605 4792 ¹¹
1674 4778 1705 4817 α
1751 4755 1852 4821 Me

317 4866 562 4945 oportet
585 4864 876 4946 operari,
906 4864 1106 4929 donec
1132 4863 1265 4928 dies
1291 4864 1406 4928 est.
1429 4885 1460 4923 ι)
1492 4862 1572 4927 Et
1600 4862 1738 4927 ideo
1764 4863 1855 4927 ait

319 4970 657 5054 Apostolus
673 4970 754 5036 ¹²:
782 4995 812 5032 α
837 4970 1185 5054 Operemur
1202 4970 1480 5049 bonum,
1513 4970 1668 5051 dum
1694 4973 1854 5034 tem-

322 5097 441 5161 pus
460 5079 791 5159 habemuS,
821 5078 902 5143 ad
928 5097 1172 5160 omnes,
1195 5077 1477 5143 maxime
1518 5081 1730 5142 autem
1772 5078 1855 5143 ad

389 5279 399 5307 ¹
433 5280 597 5341 Prov„
617 5290 694 5342 1x,
722 5280 772 5329 5.
799 5302 859 5316 -
887 5279 911 5314 ¹
937 5279 1111 5342 Apoc„
1141 5288 1239 5342 111,
1266 5278 1312 5328 4.
1343 5302 1404 5314 -
1429 5275 1453 5312 ⁸
1477 5276 1702 5341 Isa.,1x,
1725 5280 1772 5328 5.
1792 5303 1855 5315 —

322 5349 345 5384 ⁸
372 5349 501 5399 Psal.
529 5362 642 5415 0111,
673 5354 749 5402 15.
774 5376 838 5388 —
862 5351 885 5386 ⁸
912 5350 1120 5412 Mam„
1150 5353 1234 5411 v¹‚'
1261 5351 1338 5398 ¹7.
1365 5375 1428 5385 —
1454 5348 1474 5379 ⁸
1499 5348 1664 5409 Prov.‚
1695 5360 1744 5410 V,
1777 5352 1853 5400 18.

320 5446 383 5458 —
409 5420 426 5451 ⁷
455 5419 636 5481 Eccli„
663 5433 815 5486 xxxx,
843 5424 921 5474 27.
944 5446 1006 5460 -
1032 5421 1055 5457 ⁸
1082 5423 1251 5483 Prov„
1280 5431 1431 5483 xvxu,
1463 5422 1510 5471 9.
1539 5446 1602 5458 -
1630 5421 1648 5449 ⁹
1675 5418 1854 5482 an-112,

555 5527 682 5575 ΤΟΠ
728 5528 813 5576 11.

3366 427 3481 489 657

1953 554 2331 620 domesticos
2354 555 2528 620 fidei.
2562 576 2594 615 n
2625 556 2766 623 Non
2802 562 2895 625 est
2921 558 3125 638 ratic,
3157 559 3238 623 ad
3264 557 3483 640 inqui-

1953 663 2224 726 rendum
2244 666 2306 727 et
2335 662 2815 728 discernendum
2845 665 2998 748 quid
3026 666 3271 729 bonum
3286 712 3307 744 ,
3329 664 3485 747 quid

1954 770 2198 833 malum
2220 770 2267 809 ¹³
2300 792 2315 833 ε
2356 792 2385 829 α
2414 768 2768 852 Palpabunt
2793 773 2973 854 quasi
3005 771 3071 836 in
3094 771 3396 851 tenebriS,
3425 777 3489 835 et

1955 895 2084 942 non
2127 878 2192 940 in
2225 877 2468 942 lumine
2486 900 2502 956 3
2548 883 2613 942 et
2653 897 2864 944 errare
2910 899 3017 945 eos
3061 881 3272 960 faciet,
3302 881 3489 962 quasi

1956 985 2187 1049 ebrios,
2237 1008 2268 1045 »
2317 985 2396 1049 Et
2442 990 2485 1025 ¹⁸
2530 1004 2546 1049 :
2597 1010 2627 1047 (ι
2673 985 2979 1052 Dominus
3027 987 3376 1051 immiscuit
3420 987 3487 1049 in

1956 1092 2166 1156 medio
2212 1094 2352 1174 ejus
2401 1092 2697 1175 spiritum
2745 1093 3105 1176 vertiginis.
3144 1116 3174 1154 n
3212 1094 3353 1161 Non
3396 1101 3490 1162 est

1955 1200 2286 1281 sapientia
2324 1205 2386 1266 et
2426 1201 2702 1266 scientia
2730 1220 2749 1266 ι
2780 1202 3058 1267 scientia
3080 1248 3098 1278 ‚
3130 1202 3364 1266 scilicet
3410 1202 3491 1265 ad

1957 1308 2515 1390 contemplandum
2535 1307 2738 1372 Deum
2761 1309 2831 1372 in
2853 1309 3152 1391 operibus
3178 1310 3310 1374 suis
3330 1332 3346 1389 ;
3372 1326 3490 1373 nec

1957 1416 2308 1496 sapientia,
2356 1416 2437 1480 ad
2482 1416 3039 1500 contemplandum
3073 1416 3143 1480 in
3182 1435 3269 1480 se.
3314 1415 3491 1481 Unde

1963 1520 2156 1585 lsaias
2183 1523 2228 1563 ¹⁶
2263 1543 2327 1585 :a
2354 1521 2601 1588 Divitiae
2627 1524 2847 1588 salutis
2874 1523 3184 1605 sapientia
3209 1527 3272 1588 et
3300 1523 3493 1588 scien-

1960 1631 2087 1709 tia3
2119 1631 2310 1695 timor
2335 1630 2585 1695 Domini
2631 1633 2769 1714 ipse
2798 1635 2893 1697 est
2918 1631 3293 1704 thesaurus*
3314 1654 3348 1692 «
3378 1630 3494 1696 Po-

1959 1739 2079 1800 test
2106 1738 2310 1821 quaeri
2336 1738 2412 1802 de
2436 1738 2559 1802 boc
2577 1785 2595 1816 ‚
2627 1739 2800 1821 quod
2828 1738 2978 1804 dicit
3009 1761 3025 1802 ε
3058 1739 3300 1806 Mortui
3322 1738 3495 1806 nihil

1960 1853 2275 1912 noverunt
2333 1846 2631 1928 amplius.
2701 1844 2966 1911 Videtur
3026 1865 3162 1913 esse
3221 1846 3451 1912 falsum
3470 1895 3491 1927 ‚

1961 1952 2114 2036 quia
2142 1953 2360 2017 anima
2398 1958 2686 2038 separata
2710 1973 2750 2018 a
2784 1972 3047 2037 corpore
3078 1958 3173 2020 est
3205 1953 3491 2019 liberior:

1961 2060 2071 2125 sed
2123 2060 2474 2126 substantia
2522 2067 2763 2146 quanto
2806 2061 3065 2127 liberior
3112 2082 3150 2127 a
3190 2079 3492 2144 corpore,

1960 2172 2138 2233 tanto
2164 2171 2375 2251 magis
2402 2170 2628 2235 idonea
2656 2169 3045 2253 cognitioni:
3077 2188 3233 2253 ergo
3256 2171 3494 2235 mortui

1960 2280 2111 2340 sunt
2136 2278 2346 2359 magis
2372 2278 2501 2360 apti
2527 2278 2605 2344 ad
2634 2277 3150 2360 cognoscendum
3179 2301 3194 2341 ε
3228 2282 3342 2343 aut
3365 2278 3492 2360 igi-

1961 2390 2067 2449 tur
2093 2387 2307 2451 anima
2334 2387 2526 2470 perit,
2563 2391 2675 2453 aut
2700 2388 3048 2470 cognoscit.
3080 2387 3238 2454 Item
3268 2389 3347 2454 de
3374 2388 3496 2454 hoc

1960 2498 2055 2557 est
2082 2494 2391 2559 dubitatio
2407 2544 2426 2576 ‚
2458 2496 2632 2580 quod
2657 2512 2786 2563 non
2805 2496 3038 2565 liabent
3062 2498 3234 2565 ultra
3266 2514 3498 2564 merce-

1961 2599 2103 2667 dem
2135 2623 2150 2664 t
2181 2601 2303 2666 hoc
2347 2605 2444 2667 est
2487 2604 2864 2679 haereticum
2913 2605 3243 2670 manifeste
3271 2654 3292 2685 ‚
3348 2606 3497 2688 quia

1964 2706 2086 2772 hoc
2126 2708 2288 2772 tollit
2331 2709 2616 2774 divinam
2652 2712 2989 2794 justitiam.
3034 2712 3193 2777 Item
3228 2712 3305 2776 de
3330 2712 3455 2777 hoc
3474 2761 3493 2794 ,

1964 2815 2135 2897 quod
2162 2816 2346 2897 dicit,
2377 2817 2541 2900 quod
2588 2834 2765 2886 amor
2794 2824 2854 2886 et
2892 2819 3116 2888 odium
3154 2818 3350 2885 simul
3388 2836 3494 2902 pe-

1964 2926 2238 2991 rierunt.
2308 2925 2538 2991 Contra
2591 2950 2607 2992 ε
2664 2928 2827 2993 Mala
2890 2929 3189 2997 voluntas
3247 2947 3498 3012 semper

1967 3036 2183 3097 manet
2213 3055 2228 3096 ε
2276 3034 2446 3099 mala
2482 3036 2780 3101 voluntas
2820 3040 2915 3102 est
2958 3055 3072 3119 per
3111 3055 3396 3102 amorem
3434 3043 3498 3103 et

1964 3141 2188 3206 odium
2217 3165 2233 3206 ε
2271 3162 2427 3226 ergo
2447 3191 2469 3224 ,
2499 3149 2618 3209 etc.
2651 3142 2807 3210 Item
2844 3144 2922 3210 de
2969 3143 3079 3209 illa
3104 3143 3495 3209 exhortatio-

1960 3268 2042 3315 ne
2075 3273 2088 3315 :
2133 3251 2347 3331 Vade,
2381 3259 2444 3321 et
2481 3253 2723 3321 comede
2749 3271 2982 3336 panem
3027 3258 3211 3320 tuum
3232 3298 3250 3335 ,
3278 3257 3335 3319 et
3362 3251 3494 3320 bibe

1960 3360 2208 3425 vinum.
2240 3359 2307 3424 Si
2332 3361 2610 3427 velimus
2641 3361 2720 3426 ad
2746 3361 2868 3426 hoc
2900 3360 3302 3444 respondere,
3326 3361 3497 3443 quod

1959 3464 2119 3530 illud
2158 3465 2389 3531 dicitur
2413 3468 2483 3531 in
2506 3486 2780 3551 persona
2805 3468 3102 3552 Epicuri,
3132 3472 3284 3533 tunc
3327 3472 3498 3552 patet

1959 3574 2286 3655 responsio
2309 3594 2326 3654 ;
2359 3575 2468 3640 sed
2491 3576 2547 3639 si
2571 3575 2873 3642 volumus
2907 3577 3221 3641 sustinere
3247 3576 3316 3640 in
3345 3595 3494 3660 per-

1959 3698 2123 3766 sona
2144 3701 2282 3762 sua,
2312 3681 2651 3748 dicendum
2674 3731 2691 3764 ,
2720 3683 2890 3766 quod
2932 3700 3082 3748 cum
3111 3682 3290 3763 dicit,
3324 3683 3495 3766 quod

1961 3790 2200 3853 mortui
2227 3808 2357 3855 non
2391 3793 2745 3871 noverunt,
2777 3789 3157 3872 intelligitur
3183 3794 3496 3874 quantum

1959 3898 2040 3963 ad
2062 3917 2138 3963 ea
2149 3918 2349 3996 ,quae
2388 3901 2635 3966 suntin
2670 3899 2794 3965 hoc
2839 3900 3081 3966 mundo
3105 3948 3124 3981 ,
3162 3901 3313 3984 quia
3358 3901 3498 3965 haec

1959 4007 2284 4075 mundana
2312 4027 2445 4074 non
2471 4012 2821 4088 noverunt,
2846 4026 2960 4073 nec
2990 4009 3232 4074 suntin
3258 4026 3496 4073 memo-

1957 4113 2054 4178 ria
2101 4114 2571 4181 mundanorum
2586 4163 2604 4197 ‚
2649 4134 2766 4181 nec
2810 4115 3050 4180 habent
3095 4115 3495 4182 affectionem

1958 4221 2036 4286 ad
2082 4222 2408 4287 mundana
2447 4244 2464 4302 ;
2507 4225 2572 4286 et
2617 4221 2740 4287 hoc
2783 4225 2956 4306 patet
3002 4240 3117 4307 per
3174 4223 3450 4288 litteram
3468 4272 3490 4304 ‚

1957 4329 2112 4411 quia
2135 4329 2286 4394 dicit
2310 4352 2324 4394 ε
2347 4329 2471 4396 Nec
2497 4329 2722 4399 habam
2734 4337 2986 4414 partem
3010 4333 3086 4398 in
3104 4332 3218 4400 hoc
3245 4333 3490 4400 soeculo.

1959 4434 2138 4512 Quod
2176 4436 2474 4519 objicitur
2516 4438 2594 4513 de
2635 4438 2747 4503 illa
2789 4439 3230 4504 exhortatione
3247 4484 3294 4519 ,-
3315 4439 3455 4504 dico
3469 4487 3491 4520 ‚

1958 4542 2129 4622 quod
2156 4542 2266 4606 illa
2289 4544 2648 4610 exhortatio
2674 4565 2802 4612 non
2844 4550 2938 4611 est
2965 4547 3253 4613 absolute
3286 4546 3451 4613 dicta
3471 4596 3491 4630 ,

1959 4649 2068 4715 sed
2094 4650 2412 4717 conclusio
2429 4670 2512 4717 ex
2528 4653 2830 4735 praedicta
2859 4655 3266 4721 conclusione
3293 4654 3489 4721 illata.

1961 4755 2139 4821 Unde
2173 4755 2364 4821 dicit:
2405 4757 2582 4825 Vade
2624 4774 2798 4844 erqo,
2834 4762 2957 4827 hoc
3003 4765 3099 4829 est
3140 4761 3391 4828 dicere:
3427 4761 3495 4827 Si

1959 4861 2155 4926 homo
2214 4881 2343 4928 non
2406 4868 2609 4948 potest
2664 4866 3060 4950 distinguere
3081 4918 3100 4951 ,
3148 4872 3369 4935 utrum
3428 4868 3496 4933 in

1959 4971 2256 5052 praesenti
2300 4970 2427 5036 Deo
2473 4971 2752 5054 placeat,
2796 4979 2859 5038 et
2901 4976 2971 5040 in
3013 4977 3231 5042 futuro
3277 4975 3500 5042 debeat

1959 5075 2325 5158 praemiafi;
2371 5078 2425 5140 si
2459 5078 2614 5159 hoc,
2655 5080 2957 5165 inquam,
3001 5083 3160 5148 scire
3204 5100 3334 5147 non
3379 5100 3501 5166 po·

1963 5288 2138 5339 xxvn,
2167 5279 2211 5327 4.
2241 5303 2304 5315 —
2344 5277 2387 5314 ¹⁰
2415 5278 2455 5327 ΙΙ
2494 5277 2637 5340 Tim„
2676 5290 2744 5339 ιι,
2772 5281 2820 5329 5.
2861 5304 2924 5316 -
2957 5280 3001 5316 ¹¹
3040 5279 3208 5344 Joan„
3245 5293 3326 5346 ix,
3360 5285 3406 5334 4.
3441 5311 3505 5323 —

1965 5349 2005 5382 ¹²
2032 5347 2169 5411 Gal„
2200 5360 2271 5411 vt,
2302 5352 2377 5398 10.
2412 5375 2475 5386 —
2510 5350 2545 5380 ¹³
2572 5350 2679 5414 Joh,
2710 5361 2803 5414 xn,
2842 5354 2923 5401 25.
2952 5377 3014 5389 -
3046 5351 3080 5383 ¹⁴
3109 5353 3229 5416 Iso„
3261 5366 3347 5404 xxx
3378 5392 3393 5419 ‚
3424 5359 3501 5408 ¹⁴.

1962 5447 2025 5458 —
2054 5420 2092 5455 ¹⁸
2121 5421 2242 5480 Ita„
2275 5431 2461 5485 xxxin,
2490 5424 2536 5471 6.

3187 5517 3265 5577 42
