4196 6294
475 1711 621 1764 Impa-

409 1771 577 1816 tientia.

657 519 775 584 348

651 651 732 710 ad
780 653 1097 722 affectum:
1139 653 1473 713 secundum
1510 652 1593 713 ad
1634 651 1914 725 affatuum
1962 652 2201 713 tertium

651 746 730 806 ad
766 747 1886 826 despectum3quartnmadeffectum.

1149 911 1428 966 Articulus
1461 911 1696 983 primus.

721 1034 1091 1107 impatientia
1122 1034 1299 1106 igliur
1332 1037 1716 1108 praenotatur,
1756 1048 1897 1091 cum
1933 1032 2150 1090 dicitur
2177 1050 2196 1091 :

651 1130 825 1196 Aufer
873 1145 907 1183 a
955 1145 1054 1186 me.
1103 1130 1306 1186 Petens
1350 1127 1513 1185 enim
1556 1126 1775 1186 auferri
1816 1125 2199 1200 impatientiae

650 1239 770 1279 sure
799 1238 1037 1280 causam
1056 1266 1075 1294 ,
1115 1224 1520 1298 praesupponit
1554 1222 1980 1297 impatientiam
2020 1222 2200 1282 fuisse

655 1320 975 1374 causatam.
1023 1318 1187 1375 Unde
1231 1321 1402 1390 rogat
1446 1316 1665 1376 auferri
1706 1332 1949 1375 causam
1998 1316 2200 1388 illius,

649 1415 961 1484 quatenus,
980 1411 1179 1470 ablata
1203 1427 1403 1482 causa,
1434 1410 1732 1469 auferatur
1757 1411 2018 1469 effectus.
2045 1413 2196 1469 Nam

649 1504 1086 1578 proculdubiof,
1116 1505 1229 1562 nisi
1255 1505 1493 1563 sentiret
1532 1505 1893 1577 illationem,
1942 1519 2066 1563 non
2091 1520 2198 1579 pe-

649 1602 795 1656 teret
817 1599 1203 1672 ablationem,
1235 1598 1493 1657 dicendo
1518 1600 1734 1668 :Auser
1759 1616 1914 1657 ame.
1945 1601 2013 1657 Et
2032 1604 2197 1668 nota,

652 1693 819 1767 quod
844 1709 968 1752 non
995 1693 1216 1751 insulse
1254 1695 1401 1768 petit
1444 1693 1869 1767 impatientiam
1904 1692 2123 1752 auferri
2161 1709 2199 1752 a

650 1804 712 1844 se
738 1787 953 1862 triplici
982 1789 1248 1846 ratione:
1280 1788 1569 1863 quoniam
1593 1787 1960 1863 impatientia
1978 1791 2063 1846 est
2087 1788 2200 1845 im·

650 1881 867 1955 pietaS,
897 1882 1209 1956 iniquitas,
1241 1885 1299 1939 et
1325 1881 1636 1940 infirmitas
1665 1900 1682 1939 :
1712 1898 1822 1957 per
1863 1886 2199 1956 respectum

651 1973 731 2032 ad
759 1976 946 2032 Deum
963 2020 981 2049 ,
1011 1976 1093 2033 ad
1119 1976 1503 2051 proximum,
1532 1975 1614 2033 ad
1640 1975 1919 2049 seipsum.
1968 1978 2046 2033 De
2073 1975 2197 2049 pri·

649 2086 752 2137 mo
773 2075 1173 2143 competenter
1194 2071 1495 2146 accipitur,
1516 2070 1685 2145 quod
1703 2069 1918 2127 dicitur
1938 2073 1956 2108 ¹
1985 2088 2000 2127 :
2036 2089 2066 2124 α
2083 2073 2199 2127 Au·

647 2162 736 2219 fel·
786 2164 1148 2239 impietatem
1192 2167 1267 2224 de
1305 2165 1475 2225 vultu
1525 2166 1715 2239 regis,
1766 2169 1822 2222 et
1860 2164 2197 2223 firmabitur

640 2258 868 2335 Justitia
894 2263 1142 2319 thronus
1170 2263 1298 2335 ejus
1324 2281 1338 2319 ε
1360 2282 1390 2317 »
1415 2279 1485 2321 ac
1508 2262 1555 2319 si
1580 2262 1872 2321 diceretur
1897 2262 2190 2336 apertius:

646 2363 825 2428 Aufer
852 2359 1184 2429 impietatem
1224 2356 1604 2430 impatientiae
1645 2356 1720 2414 de
1760 2355 2006 2413 rationis
2043 2355 2194 2414 facie

644 2454 913 2526 respectu
940 2451 1315 2525 superiorum
1336 2495 1352 2521 ,
1384 2455 1436 2507 et
1452 2452 1679 2522 justitia
1704 2451 2016 2522 firmabitur
2045 2452 2192 2507 thro·

645 2564 746 2604 nus
784 2547 899 2616 eJ'us
935 2548 1206 2619 respectu
1232 2543 1619 2616 inferiorum3
1666 2544 1809 2618 quia
1836 2543 1886 2600 si
1912 2543 2192 2617 pietatem

644 2640 823 2699 habet
850 2640 929 2698 ad
955 2655 1130 2696 suum
1159 2639 1429 2713 superius
1450 2681 1469 2709 ,
1499 2653 1623 2695 non
1649 2637 1895 2695 habebit
1921 2636 2191 2712 impieta-

650 2737 770 2792 tem
797 2733 876 2791 ad
902 2749 1078 2790 suum
1106 2731 1367 2789 inferiuS.
1399 2733 1479 2788 De
1508 2731 1772 2790 secundo
1800 2736 2193 2803 congruenter

641 2826 1005 2899 intelligitur,
1034 2825 1201 2899 quod
1227 2825 1502 2883 scribitur
1524 2828 1547 2861 ²
1580 2842 1596 2881 :
1620 2824 2083 2883 «convertimini
2112 2823 2193 2881 ad

642 2921 982 2991 Dominum,
1014 2924 1071 2978 et
1098 2919 1274 2978 dicite
1304 2921 1358 2977 ei
1390 2938 1404 2976 :
1436 2922 1688 2977 Omnem
1713 2919 1880 2978 aufer
1902 2918 2190 2992 iniquita·

641 3020 781 3073 tem.
814 3035 843 3069 ι
880 3014 1053 3084 Quod
1095 3015 1176 3073 ait
1219 3033 1234 3071 :
1285 3014 1678 3074 Convertimini
1707 3058 1728 3081 ,
1771 3012 2055 3087 accipitur
2098 3028 2190 3069 re·

639 3112 844 3184 spectu
871 3108 998 3180 sui;
1030 3108 1198 3183 quod
1224 3108 1393 3167 addit
1423 3125 1438 3166 ε
1469 3110 1543 3166 ad
1568 3110 1889 3178 Dominum,
1918 3108 2191 3181 respectu

639 3204 774 3274 Dei3
805 3202 974 3276 quod
1001 3209 1200 3260 autem
1244 3201 1592 3276 superaddit
1618 3221 1633 3258 :
1660 3204 1732 3258 Et
1757 3201 1927 3257 dicite
1953 3205 2034 3272 ei,
2074 3216 2190 3256 om·

639 3314 757 3354 nem
783 3300 944 3365 mater
971 3300 1343 3369 iniquitatem,
1370 3299 1640 3370 respectu
1658 3294 1936 3368 proximi.
1966 3297 2044 3352 De
2071 3297 2185 3351 ter-

637 3391 721 3448 tio
751 3390 1145 3448 condecenter
1173 3390 1511 3463 exponitur,
1540 3389 1709 3463 quod
1734 3388 2090 3463 proponitur
2115 3388 2139 3425 ⁸
2169 3407 2183 3446 :

642 3505 670 3537 α
700 3483 934 3542 Auferet
959 3501 995 3542 a
1021 3489 1078 3542 te
1125 3484 1406 3541 Dominus
1445 3499 1687 3542 omnem
1712 3482 2094 3555 languorem,
2132 3486 2188 3539 et

636 3595 844 3636 omnes
871 3578 1241 3635 infirmitates
1269 3578 1502 3651 AEgypti
1525 3576 1835 3651 pessimas.
1860 3597 1889 3631 n
1916 3579 2189 3648 Languor

633 3672 886 3746 pertinet
912 3672 991 3729 ad
1042 3672 1486 3745 perversitatem
1519 3670 2041 3744 concupiscentioe3
2079 3669 2187 3727 sed

632 3767 947 3824 infirmitas
1003 3765 1264 3840 pessima
1297 3809 1316 3836 ,
1384 3764 1463 3823 ad
1526 3763 1968 3840 perversitatem
2036 3779 2179 3821 con-

632 3860 886 3918 scientiae
901 3901 923 3930 ,
944 3875 1079 3934 quae
1103 3874 1539 3933 nonnunquam
1561 3856 1776 3916 accidit
1797 3861 2043 3932 peccato
2073 3857 2182 3914 im·

633 3954 947 4030 patientiae.

1105 4094 1391 4152 Articulus
1427 4093 1709 4151 secundus.

702 4238 1083 4311 impatientiae
1109 4252 1306 4307 causa,
1329 4236 1552 4295 scilicet
1574 4235 1937 4294 contumelia
1962 4235 2185 4293 subno-

631 4338 805 4404 tatur,
837 4348 975 4390 cum
1004 4331 1217 4389 dicitur
1244 4352 1259 4390 :
1292 4331 1649 4403 opprobrium
1672 4349 1690 4386 :
1721 4330 1865 4404 quia
1890 4328 2179 4387 nimirum

630 4431 874 4502 propter
917 4425 1243 4500 opprobria
1293 4424 1784 4499 exprobrantium
1824 4423 2184 4497 plerumque

625 4521 766 4593 justi
804 4524 1083 4577 corruunt
1119 4518 1182 4575 in
1222 4517 1603 4593 impatientiae
1650 4517 1880 4574 vitium.
1933 4520 2001 4574 Et
2042 4520 2186 4575 nota

1704 513 2120 585 Exposl'rlo
2160 514 2246 583 IN
2288 515 2815 585 PSALTERIUM.

2309 651 2546 726 bolum,
2576 653 2864 715 dimicare
2889 672 3015 718 non
3038 663 3251 734 potest.
3274 660 3367 720 Ad
3390 661 3720 719 secundum
3747 678 3857 738 op·

2309 746 2628 820 probrium
2654 750 2885 823 aspicit,
2912 753 3082 827 quod
3108 754 3326 813 Rachel
3350 755 3434 813 ait
3451 755 3475 791 ⁸
3502 773 3519 814 :
3551 775 3582 809 a
3606 756 3859 815 Abstulit

2311 842 2462 899 Deus
2509 843 2903 917 opprobrium
2946 862 3150 905 meum
3164 891 3185 922 ,
3230 869 3262 903 ι
3305 848 3585 906 videlicet
3630 865 3856 924 oppro-

2309 934 2513 994 brium
2538 937 2875 997 sterilitatis
2905 940 3140 999 Steriles
3178 941 3295 1000 dici
3320 947 3598 1016 possunt,
3638 944 3743 1017 qui
3769 945 3855 1002 sic

2312 1029 2824 1104 contemplationis
2843 1034 3093 1105 gratiam
3114 1034 3390 1108 diligunt,
3421 1036 3589 1108 quod
3608 1037 3856 1094 actionis

2310 1123 2569 1183 fructum
2610 1126 2937 1200 negligunt.
2967 1130 3058 1188 Ad
3105 1129 3341 1188 tertium
3387 1135 3649 1204 spectat,
3687 1132 3856 1205 quod

2310 1219 2594 1276 Dominus
2622 1225 2918 1279 asseverat
2944 1224 2967 1258 ⁸
3008 1241 3024 1280 :
3069 1245 3098 1278 ι
3136 1224 3357 1295 Hodie,
3385 1225 3608 1298 inquit,
3637 1225 3854 1284 abstuli

2308 1313 2704 1385 opprobrium
2736 1317 2971 1390 AEgypti
2998 1334 3036 1376 a
3063 1318 3266 1390 vohiS,
3304 1338 3333 1374 »
3365 1318 3481 1378 hoc
3508 1327 3596 1377 est
3622 1336 3849 1394 oppro-

2307 1404 2509 1464 brium
2533 1408 2888 1480 gentilitatis.
2929 1411 3106 1480 Quasi
3145 1411 3392 1484 gentiles
3418 1416 3668 1487 possunt
3694 1413 3850 1486 dici,

2310 1499 2417 1573 qui
2443 1515 2570 1560 non
2588 1506 2726 1561 sunt
2747 1518 2785 1561 a
2806 1504 3147 1563 carnalibus
3166 1506 3475 1565 desideriis
3502 1507 3850 1566 circumcisi.

2818 1663 3105 1720 Articulus
3142 1668 3354 1721 tertius,

2380 1785 2761 1845 Contumeliae
2788 1802 2965 1846 causa
2983 1831 3004 1855 ,
3032 1793 3097 1846 ut
3121 1794 3266 1864 puta
3292 1790 3595 1850 calumnia
3614 1791 3852 1851 denota-

2306 1882 2425 1950 tur,
2454 1895 2593 1937 cum
2631 1879 2873 1938 additur
2904 1900 2920 1938 :
2957 1884 3029 1938 Et
3069 1889 3462 1956 contemptum,
3512 1885 3657 1959 quia
3696 1901 3847 1944 non·

2306 1989 2618 2047 nunquam
2644 1973 2708 2030 in
2734 1974 3123 2032 contumelias
3150 1977 3562 2050 proximorum
3591 1978 3848 2052 irruunt,

2307 2068 2412 2142 qui
2438 2068 2695 2141 abJ‘ectas
2738 2085 2949 2127 eorum
2995 2069 3457 2129 circumstantias
3503 2072 3852 2132 calumniari

2306 2176 2430 2221 non
2464 2165 2752 2221 metuunt.
2801 2165 2867 2222 Et
2909 2167 3091 2235 nota,
3144 2165 3311 2238 quod
3356 2165 3852 2226 calumniatorum

2306 2260 2676 2330 contemptus
2721 2257 2946 2315 versari
2989 2258 3140 2315 solet
3168 2258 3324 2317 circa
3357 2260 3614 2335 triplices
3652 2263 3849 2337 proxi-

2304 2366 2544 2408 morum
2572 2350 2833 2408 deiectus
2863 2371 2882 2408 :
2911 2354 3116 2427 utpote
3154 2353 3312 2411 circa
3339 2353 3604 2412 defectus
3634 2373 3848 2430 corpo-

2302 2443 2493 2512 rales,
2538 2444 2897 2517 temporales
2915 2487 2936 2515 ,
2986 2445 3245 2503 morales
3293 2466 3308 2503 :
3362 2465 3621 2522 quorum
3676 2452 3849 2523 primi

2301 2538 2593 2613 pertinent
2620 2539 2701 2596 ad
2729 2539 3024 2597 defectum
3050 2547 3303 2607 naturoe:
3335 2544 3615 2615 secundi,
3642 2546 3720 2602 ad
3749 2547 3849 2604 de-

2300 2631 2519 2691 fectum
2546 2631 2826 2703 fortunoe3
2857 2634 3044 2703 tertii,
3064 2635 3144 2692 ad
3166 2635 3465 2694 defectum
3491 2639 3842 2711 prudentiae.

2300 2726 2495 2785 Primo
2523 2725 2712 2784 modo
2739 2726 3004 2800 loquitur
3032 2729 3207 2787 Lia'1:
3244 2751 3272 2784 α
3300 2731 3593 2800 Quoniam
3620 2733 3850 2790 audivit

2302 2820 2583 2879 Dominus
2635 2836 2734 2877 me
2779 2820 2988 2878 haberi
3019 2825 3425 2897 contemptui,
3456 2825 3619 2883 dedit
3647 2829 3844 2886 Domi·

2299 2930 2412 2973 nus
2441 2913 2620 2971 etiam
2656 2913 2834 2972 istum
2874 2915 3040 2973 mihi.
3064 2936 3095 2972 i>
3130 2920 3273 2975 Ecce
3301 2924 3674 2993 contemptus
3717 2937 3848 2980 cor-

2298 3007 2520 3082 poralis
2545 3006 2807 3064 desectus
2833 3009 3178 3082 pertinentis
3206 3011 3287 3068 ad
3310 3016 3604 3071 naturam.
3634 3018 3848 3073 Secun-

2299 3102 2381 3162 do
2408 3102 2593 3160 modo
2618 3100 2884 3176 loquitur
2902 3103 3180 3177 Sapiens⁸
3198 3123 3213 3161 :
3233 3124 3262 3159 α
3282 3107 3400 3164 Hoc
3424 3111 3508 3165 est
3523 3108 3846 3182 pessimum

2299 3196 2448 3254 inter
2470 3196 2672 3253 omnia
2700 3212 2833 3269 quae
2861 3197 2973 3253 sub
3012 3198 3144 3255 sole
3187 3198 3372 3271 fiunt,
3422 3202 3590 3274 quod
3634 3204 3846 3261 eadem

2298 3291 2523 3350 cunctis
2552 3291 2833 3349 eveniunt
2856 3312 2872 3350 :
2895 3294 3056 3351 unde
3086 3299 3143 3352 et
3168 3296 3352 3353 corda
3371 3297 3636 3355 filiorum
3657 3298 3848 3357 homi·

2296 3401 2442 3443 num
2491 3385 2814 3458 implentur
2860 3386 3085 3445 malitia
3123 3394 3180 3446 et
3218 3394 3562 3465 contemptu
3617 3393 3680 3449 in
3723 3393 3847 3451 vita

2297 3494 2426 3535 sua.
2475 3499 2503 3533 u
2550 3482 2692 3537 Ecce
2733 3484 3106 3555 contemptus
3159 3485 3502 3556 temporalis
3536 3486 3799 3544 defectus
3823 3530 3844 3559 ,

2294 3574 2608 3647 spectantis
2643 3573 2724 3631 ad
2762 3573 3081 3633 fortunam.
3127 3578 3315 3634 Tertio
3352 3579 3536 3636 modo
3581 3580 3847 3655 loquitur

2295 3666 2577 3724 Salomon
2594 3665 2652 3724 ⁹:
2690 3688 2717 3720 α
2736 3670 3011 3726 Doctrina
3039 3686 3155 3739 ¹sua
3183 3673 3559 3744 cognoscitur
3587 3674 3676 3730 vir
3685 3694 3705 3747 3
3737 3678 3845 3750 qui

2294 3764 2494 3819 autem
2516 3776 2705 3818 vanus
2723 3766 2781 3819 et
2797 3779 3005 3820 excors
3024 3766 3140 3836 est,
3159 3765 3387 3838 patebit
3408 3769 3791 3841 contemptui.
3808 3791 3839 3823 ι

2294 3857 2439 3914 Ecce
2476 3859 2847 3930 contemptus
2886 3856 3131 3916 moralis
3174 3858 3437 3920 defectus
3482 3861 3845 3936 respicientis

2294 3950 2373 4011 ad
2401 3951 2797 4025 prudentiam.

2789 4113 3079 4170 Articulus
3114 4116 3360 4187 quartus.

2365 4237 2611 4296 Effectus
2632 4235 2899 4309 justitiae,
2928 4236 3031 4309 qui
3061 4235 3172 4295 fuit
3215 4239 3451 4297 occasio
3489 4240 3799 4299 calumniae
3820 4285 3842 4314 ,

2294 4335 2680 4401 connotatur‚
2711 4346 2850 4388 cum
2874 4330 3330 4404 superadditur:
3359 4335 3506 4401 Quia
3534 4339 3844 4394 testimonia

2297 4432 2394 4484 tua
2423 4428 2716 4498 exquisivi.
2748 4423 3102 4483 Testimonia
3128 4426 3227 4483 Dei
3266 4427 3550 4502 exquirit,
3590 4430 3695 4503 qui
3735 4447 3845 4505 per

2294 4518 2394 4577 Dei
2421 4517 2755 4576 testimonia
2796 4520 2981 4575 Deum
3025 4519 3333 4593 perquirit.
3373 4523 3512 4590 Quae
3547 4528 3684 4581 sunt
3717 4525 3841 4583 haec

2293 4611 2627 4671 testimonia
2646 4653 2666 4682 ‚
2702 4611 2815 4668 nisi
2844 4611 3124 4670 virtutum
3152 4613 3470 4673 moralium
3498 4622 3555 4674 et
3582 4616 3838 4675 intellec·

2293 4706 2545 4765 tualium
2570 4705 2882 4776 exercitia,
2924 4704 3142 4763 divinae
3182 4707 3474 4766 voluntati
3517 4713 3575 4767 et
3611 4712 3840 4771 veritati

2294 4800 2622 4860 attestantia
2638 4801 2667 4856 ’.Ρ
2692 4799 2854 4857 Talia
2878 4800 2979 4857 Dei
3006 4800 3342 4860 testimonia
3363 4803 3553 4874 justus
3584 4806 3842 4880 exquisi-

2293 4895 2407 4966 vit,
2436 4909 2573 4952 cum
2601 4893 2801 4966 ipsum
2824 4908 2933 4967 per
2954 4894 3445 4955 calumniatorem
3471 4899 3713 4957 Satanas
3740 4916 3843 4958 ex-

2291 4988 2517 5063 petivit.
2548 4990 2616 5045 Et
2641 4990 2817 5057 nota,
2844 4987 3015 5061 quod
3043 4990 3193 5046 Deus
3220 4990 3369 5048 solet
3394 4992 3627 5064 exquiri
3654 4993 3841 5067 tripli·
3869 5015 3994 5056 nm
4011 5013 4084 5056 tri.

2295 5083 2437 5141 citer
2470 5098 2487 5138 :
2541 5079 2819 5139 videlicet
2865 5080 3366 5153 intellectualiter,
3419 5085 3838 5160 affectualiter,
3882 5076 4082 5183 2³53·

2294 5173 2667 5248 manualiter3
2697 5173 2763 5231 id
2789 5176 2898 5243 est,
2926 5174 3384 5248 considerando,
3417 5177 3839 5253 desiderandO,
3884 5152 4006 5243 tau-q.¹²

2295 5268 2622 5345 operando.
2675 5271 2756 5328 De
2799 5270 3189 5345 exquisitione
3231 5272 3427 5345 prima
3469 5274 3840 5349 psalmogra-

2295 5405 2345 5458 v,
2376 5397 2518 5515 28—
2543 5395 2560 5426 ⁷
2589 5393 2731 5454 Gen..
2760 5406 2911 5459 xxix,
2937 5396 3019 5447 ³3.
3046 5421 3109 5436 —
3130 5398 3150 5427 ⁸
3176 5397 3362 5460 Ereta,
3388 5408 3461 5462 tx,
3484 5402 3515 5450 3
3539 5427 3598 5439 —
3625 5401 3648 5437 ⁹
3670 5401 3841 5466 Pron„

2295 5478 2391 5531 ιιι,
2455 5505 2470 5518 .

430 4623 602 4676 oppm.
630 4614 844 4688 triplex
860 4612 1274 4688 opprobrium,
1302 4611 1470 4685 quod
1491 4611 1828 4685 specialiter
1843 4614 1931 4668 est
1969 4627 2187 4669 caven-

419 4684 579 4800 ἕζζζ
631 4708 784 4765 dum
812 4724 849 4765 a
876 4707 1054 4765 bonis
1085 4725 1100 4763 :
1131 4705 1411 4764 videlicet
1458 4705 1851 4780 opprobrium
1880 4704 2185 4763 remissio-

423 4820 580 4852 onen-
634 4804 725 4861 nis
739 4847 757 4875 ,
775 4800 1135 4872 omissioniS,
1155 4805 1213 4858 et
1232 4801 1683 4858 commissionis
1714 4803 1780 4858 ln
1800 4799 1995 4873 primo
2017 4798 2186 4856 debi-

422 4872 568 4982 ἐξ·
635 4899 769 4956 litas
784 4918 801 4970 3
821 4898 883 4955 in
908 4896 1175 4955 secundo
1195 4895 1464 4953 sterilitas
1484 4915 1501 4968 ;
1524 4895 1587 4952 in
1612 4896 1783 4952 tertio
1811 4894 1979 4969 quasi
1999 4895 2185 4965 genti-

635 4993 788 5049 litas.
816 4992 906 5050 Ad
933 4992 1197 5065 primum
1229 4990 1497 5063 respicit,
1527 4989 1695 5064 quod
1723 4989 1912 5047 David
1955 4989 2097 5046 dicit
2119 4989 2141 5024 ⁴
2166 5008 2182 5046 :

642 5092 844 5145 «Nunc
861 5085 1105 5155 vadam,
1124 5089 1182 5142 ct
1196 5084 1462 5141 auferam
1485 5084 1883 5158 opprobrium
1901 5083 2133 5157 populi,
2152 5104 2180 5139 n

636 5178 911 5237 videlicet
958 5177 1353 5253 opprobrium
1396 5176 1735 5236 debilitatis.
1782 5176 2041 5251 Populus
2081 5177 2187 5235 de-

636 5273 775 5331 bilis
801 5276 909 5343 est,
936 5272 1040 5348 qui
1067 5273 1352 5333 adversus
1378 5270 1802 5345 Philisthaeum,
1831 5271 1896 5329 id
1923 5275 2033 5344 est,
2063 5271 2189 5329 dia·

698 5401 711 5434 ¹
752 5400 923 5463 Pron„
957 5410 1081 5463 xxti,
1112 5404 1162 5450 5.
1194 5425 1259 5438 -
1292 5399 1312 5429 ²
1340 5398 1473 5457 One..
1512 5409 1620 5459 xm,
1656 5401 1706 5449 3.
1737 5422 1793 5436 -
1830 5399 1854 5434 ⁸
1887 5397 2055 5461 Deae„
2091 5410 2185 5460 vu,

640 5475 714 5523 15.
748 5499 803 5509 —
836 5472 900 5523 ιΙ
933 5472 1074 5536 Req„
1100 5483 1236 5532 xvu,
1267 5474 1347 5522 36.
1376 5495 1440 5509 -
1462 5470 1649 5534 ὕδει,
1669 5484 1795 5533 xxx,
1825 5471 1904 5523 23.
1933 5496 1987 5507 -
2019 5473 2040 5503 ⁸
2062 5471 2185 5532 los„
