4196 6294
357 597 606 666 incipiant
629 597 815 665 psalmi
840 600 905 652 de
929 597 1192 665 passione,
1211 596 1345 652 etin
1377 610 1481 664 quo
1510 596 1690 649 termi-

357 679 568 726 nentur.

298 746 445 807 Quod
492 744 679 809 triplici
729 745 793 796 de
843 757 998 796 causa
1033 743 1201 809 iustus
1246 756 1355 795 non
1403 740 1687 794 exauditur.

359 819 508 879 Quod
548 817 649 868 tria
676 816 900 869 curanda
924 818 987 880 (a)
1012 816 1206 868 suntin
1227 814 1479 868 oratione.
1505 816 1580 864 De
1602 813 1692 864 tri-

358 889 482 954 plici
519 903 691 953 cruce,
720 889 862 940 etde
902 888 1066 940 tribus
1100 887 1376 953 generibus
1402 887 1688 937 hominum.

358 961 563 1025 Triplici
600 962 663 1012 de
700 974 855 1011 causa
896 960 954 1011 iit
989 961 1233 1011 transitus
1267 960 1333 1011 ad
1375 957 1689 1024 allegoriam.

361 1031 632 1084 Proximus
661 1032 874 1083 diversis
907 1032 1077 1084 modis
1104 1031 1371 1097 accipitur.

300 1103 447 1164 Quod
475 1117 628 1155 canes
654 1104 859 1155 diversa
886 1104 1176 1168 significant
1207 1103 1297 1168 (b).
1327 1101 1476 1164 Quod
1519 1104 1692 1152 tumor

359 1175 523 1227 tribus
547 1175 718 1227 modis
743 1179 951 1245 sanatur
982 1176 1061 1237 (c).
1080 1176 1313 1236 Quatuor
1332 1176 1505 1239 partes
1531 1171 1661 1223 Mis-

359 1260 429 1298 sae
476 1246 563 1310 (d).
609 1245 948 1298 Liberationis
994 1246 1184 1298 diversi
1218 1245 1360 1296 modi
1412 1243 1496 1308 (e).
1543 1243 1690 1304 Quod

357 1319 520 1369 tribus
534 1319 707 1393 modis
727 1319 956 1371 Christus
981 1319 1045 1382 (sl
1068 1318 1339 1369 inhabitat.
1361 1318 1529 1378 Quare
1555 1318 1691 1380 Papa

359 1389 704 1442 communicet
722 1392 924 1444 sedens.
944 1390 1119 1443 Passio
1142 1389 1328 1442 Christi
1345 1402 1494 1441 coena
1509 1386 1592 1453 (e).
1613 1389 1689 1438 De

359 1461 679 1526 quadruplici
710 1462 832 1515 vita.

296 1533 541 1583 Dominus
558 1535 692 1599 reqit
711 1548 808 1600 me,
830 1533 1013 1586 Psalm.
1037 1537 1117 1587 22.
1137 1535 1213 1587 De
1234 1536 1384 1599 pastu
1401 1546 1504 1599 quo
1525 1530 1692 1584 Chris-

363 1607 446 1655 tus
471 1604 657 1669 pascit.

297 1676 373 1727 De
400 1675 706 1727 sufficientia
724 1675 998 1728 Christiani
1019 1676 1109 1741 (μ).
1129 1675 1409 1741 Bahylonis
1435 1674 1685 1741 significa-

358 1747 429 1797 tio
457 1748 641 1813 triplex
675 1748 733 1810 (e)
765 1750 838 1799 De
867 1748 1156 1800 diversitate
1184 1749 1463 1812 virgarum.
1500 1749 1694 1798 Prono-

356 1831 480 1870 men
509 1821 617 1883 Ipse
644 1818 766 1883 quid
797 1823 957 1870 notet.
996 1821 1071 1870 De
1108 1833 1288 1870 mensa
1315 1832 1474 1869 sacrae
1515 1819 1688 1881 Scrip-

358 1891 487 1940 turoe
514 1894 568 1940 et
602 1892 822 1955 quatuor
855 1891 1070 1956 dapibus
1095 1890 1186 1957 (Ιι).
1212 1892 1287 1941 De
1312 1890 1559 1942 ebrietate
1581 1903 1691 1941 cor-

356 1960 526 2025 porali
563 1966 615 2013 et
643 1961 911 2026 spirituali.

295 2029 505 2082 Domini
529 2034 604 2082 esi
631 2034 790 2096 terra,
815 2032 1002 2084 Psalm.
1023 2034 1104 2082 23.
1136 2034 1240 2085 Sex
1269 2031 1453 2098 psalmi
1478 2028 1690 2082 nomine

357 2102 555 2155 sabbati
581 2103 921 2155 intitulantur.
960 2105 1316 2156 iuramentum
1357 2106 1483 2169 quot
1524 2102 1692 2154 modis

358 2174 592 2228 illicitum
640 2176 719 2240 (e).
759 2177 1030 2236 Quomodo
1074 2177 1265 2242 aliquid
1312 2177 1511 2227 dicatur
1560 2174 1687 2225 tolli.

357 2247 526 2307 Quare
556 2247 862 2314 principium
895 2253 947 2300 et
973 2249 1089 2300 finis
1116 2249 1363 2301 horarum
1386 2249 1550 2300 tribus
1585 2246 1694 2298 die-

353 2318 452 2370 bus
477 2319 823 2372 subticeantur
853 2323 908 2385 (1)
944 2325 1064 2373 ante
1096 2322 1308 2374 Pascha.

292 2388 374 2441 Ad
403 2393 469 2454 ie,
494 2392 722 2455 Domine,
748 2391 929 2457 levavi,
958 2393 1149 2444 Psalm.
1170 2396 1248 2444 24.
1269 2393 1345 2443 De
1364 2391 1582 2443 diversis
1599 2405 1693 2456 po-

355 2462 503 2527 pulis.
528 2464 800 2524 Quomodo
827 2465 957 2530 erigi
983 2465 1098 2529 quis
1121 2465 1282 2531 possit
1314 2465 1380 2517 ad
1409 2466 1573 2516 Deum
1601 2464 1687 2529 (e).

355 2536 430 2585 De
463 2535 648 2598 triplici
685 2536 931 2600 petitione
965 2537 1054 2603 (e).

292 2605 444 2666 Quod
470 2606 801 2671 imperativus
835 2622 941 2659 non
975 2610 1180 2673 semper
1213 2609 1513 2675 imperative
1546 2607 1691 2673 poni-

353 2680 456 2728 tur.
507 2678 771 2743 Multiplici
807 2680 964 2732 modo
997 2681 1180 2733 dicitur
1220 2684 1356 2733 Deus
1385 2682 1560 2732 videre
1602 2680 1688 2747 (e).

354 2748 505 2808 Quod
535 2763 727 2802 nomen
756 2749 947 2816 Corpus
983 2756 1102 2804 octo
1128 2754 1295 2805 modis
1333 2752 1598 2817 accipitur.

286 2818 468 2870 ludica
507 2835 603 2881 me,
644 2821 872 2881 Domine,
905 2825 1142 2888 quoniam
1179 2838 1267 2889 eqo
1305 2826 1358 2874 in
1392 2824 1690 2883 innocentia,

355 2889 542 2941 Psalm.
561 2894 641 2941 25.
658 2891 792 2952 Quid
810 2892 876 2943 sit
898 2893 1063 2958 intus,
1088 2893 1196 2945 sive
1217 2898 1364 2946 extra
1380 2893 1576 2945 versari
1597 2894 1686 2959 (e).

283 2963 405 3013 Duo
445 2963 734 3026 praestanda
769 2965 858 3027 (e).
900 2964 1337 3030 Concupiscentia
1381 2965 1548 3017 fomes
1592 2966 1694 3017 du-

350 3031 470 3095 plex
510 3032 589 3096 (e).
630 3035 690 3084 ln
742 3036 850 3085 Deo
889 3035 1239 3087 misericordia
1288 3040 1340 3088 et
1377 3037 1569 3088 veritas
1601 3038 1688 3103 (e).

349 3104 602 3157 Vanitatis
627 3105 892 3172 multiplex
912 3121 1077 3174 genus
1109 3108 1187 3172 (e).
1218 3111 1292 3162 De
1335 3112 1555 3176 quatuor
1577 3122 1693 3175 qum

346 3176 466 3228 odit
491 3180 630 3229 Deus
663 3179 749 3245 (e).
779 3181 1006 3231 Geminas
1039 3195 1238 3233 manus.

276 3251 366 3301 Βο
391 3248 555 3314 figura
581 3263 696 3315 quoe
719 3251 1169 3317 Anthropopathos
1192 3252 1394 3316 dicitur,
1416 3267 1511 3319 per
1538 3267 1692 3319 quam

345 3322 617 3388 passiones
643 3323 826 3374 mentis
853 3326 961 3375 Deo
990 3324 1331 3388 attribuimus,
1369 3327 1423 3376 et
1456 3326 1682 3392 quinque

350 3393 539 3446 modis.
570 3396 646 3445 De
676 3395 880 3446 diversa
919 3397 1293 3462 significatione
1331 3397 1483 3464 ignis.
1513 3400 1588 3450 De
1620 3398 1692 3449 si·

355 3467 682 3533 gnificatione
711 3469 903 3521 altaris.

287 3539 540 3591 Dominus
565 3539 897 3607 illuminaiiO,
929 3541 1115 3594 Psalm.
1145 3546 1226 3595 26.
1265 3544 1340 3594 De
1371 3544 1536 3609 figura
1562 3543 1695 3595 Ana·

354 3611 538 3675 phora,
570 3613 778 3676 quando
811 3614 991 3664 eadem
1019 3614 1174 3666 dictio
1203 3615 1472 3679 repetitur.

289 3680 449 3743 Quod
489 3682 662 3732 Paries
699 3682 858 3735 habet
890 3685 1062 3749 plures
1098 3685 1513 3750 significationes.
1544 3686 1691 3747 Quod

355 3751 542 3804 Anima
570 3753 787 3805 diversis
809 3757 975 3807 modis
994 3757 1224 3808 sumitur.
1244 3758 1571 3823 Voluptatem
1591 3760 1692 3809 Do·

354 3824 486 3875 mini
512 3824 687 3875 videre
724 3827 847 3891 quid
879 3829 944 3878 sit
973 3829 1058 3892 (e).
1097 3829 1227 3888 Quid
1267 3831 1476 3881 nomine
1516 3829 1692 3894 templi

359 3895 630 3961 Scriptura
647 3897 898 3962 significet
921 3903 934 3960 l
948 3901 1009 3962 ἢ.
1040 3901 1188 3960 Quod
1217 3901 1448 3953 Christus
1473 3906 1526 3953 et
1551 3908 1695 3965 petra

357 3971 413 4018 et
435 3981 621 4019 saxum
649 3973 701 4019 et
725 3969 854 4033 lapis
887 3971 1088 4022 dicitur.
1118 3975 1193 4024 De
1219 3974 1405 4037 triplici
1433 3974 1610 4024 labore
1639 3973 1693 4023 in

351 4038 616 4103 proesenti.
658 4038 864 4092 Clamor
902 4043 1179 4108 quotuplex
1217 4046 1299 4109 (e).
1348 4046 1486 4105 Quot
1521 4044 1689 4096 modis

350 4108 577 4162 declinet
595 4112 735 4160 Deus
758 4110 824 4161 ab
852 4111 1078 4164 homine.
1113 4115 1218 4165 Lex
1242 4115 1425 4179 triplex
1448 4116 1531 4181 (e).

283 4179 377 4235 Ad
409 4182 456 4230 ie
481 4180 740 4244 elamabo,
775 4182 962 4232 Psalm.
996 4187 1077 4234 27.
1112 4191 1251 4236 lnter
1277 4186 1694 4250 deprecationem

349 4255 408 4303 et
435 4253 719 4305 orationem
746 4254 870 4320 quid
892 4255 1194 4308 discriminis
1226 4258 1307 4321 (e).
1329 4260 1497 4320 Quare
1525 4259 1694 4323 potius

347 4323 553 4376 dicatur
573 4328 708 4376 Deus
733 4326 789 4376 in
815 4325 947 4377 coelo
975 4341 1128 4391 quam
1155 4329 1294 4380 alibi.
1324 4331 1492 4391 Quare
1516 4344 1696 4381 versus

348 4395 609 4448 orientem
641 4397 904 4462 potissime
951 4399 1204 4451 orandum
1237 4401 1324 4466 (e).
1367 4403 1440 4453 De
1486 4402 1694 4453 diversa

347 4468 715 4519 benedictione
746 4470 1003 4520 creatoris
1042 4476 1094 4522 et
1134 4477 1397 4525 creaturae.
1434 4473 1566 4532 Quid
1593 4488 1689 4524 no·

345 4536 494 4588 mine
531 4538 673 4590 floris
701 4540 1028 4605 significatur.
1060 4543 1210 4602 Quod
1236 4544 1289 4594 in
1317 4545 1544 4597 Ecclesia
1575 4548 1697 4597 sunt

345 4608 455 4659 tria
483 4623 675 4675 genera
700 4612 994 4664 bominum.

275 4680 489 4747 Afferie
518 4681 752 4746 Domino,
777 4685 884 4748 filii
909 4686 1021 4750 Dei,
1043 4684 1234 4738 Psalm.
1262 4690 1341 4742 28.
1367 4688 1694 4742 Oblatimmm

346 4755 404 4803 et
432 4751 758 4806 offerentium
786 4756 1087 4824 differentiae
1113 4760 1201 4823 (e).‚

278 4823 445 4887 Quod
474 4826 692 4890 apostoli
719 4827 955 4880 dicuntur
986 4830 1172 4882 arietes
1208 4834 1420 4897 propter
1455 4837 1690 4899 quatuor.

343 4899 496 4948 Deus
523 4897 771 4949 Dominus
807 4900 1077 4964 dupliciter
1105 4905 1189 4966 (e).
1224 4904 1355 4964 Quid
1396 4920 1487 4970 pro
1522 4906 1694 4971 proxi·

341 4967 472 5032 mis,
489 4967 597 5019 sive
615 4968 874 5035 bonisint,
891 4973 1000 5023 sive
1018 4974 1160 5036 mali,
1179 4976 1289 5027 Deo
1314 4976 1589 5029 debeamus
1612 4980 1688 5042 (e).

342 5041 550 5092 Contra
590 5040 947 5094 fluctuationes
986 5046 1175 5096 mentis
1218 5060 1334 5111 quae
1376 5047 1478 5098 sint
1516 5062 1694 5101 reme-

343 5113 439 5163 dia
476 5112 560 5174 (e).
584 5111 931 5177 Multipliciter
957 5115 1158 5169 intonat
1186 5120 1329 5170 Deus
1370 5120 1454 5185 (e).

1780 458 2040 529 mom.

1755 669 1843 720 180

1753 1027 1840 1077 181

1756 1602 1845 1652 182

1756 1958 1845 2008 183

1758 2320 1845 2370 184

1756 2535 1845 2586 184

1755 2895 1844 2945 185

1756 3182 1846 3233 186

1756 3614 1845 3664 187

1759 4116 1847 4167 188

1759 4619 1849 4669 189

1759 4764 1848 4813 189

1759 5123 1847 5172 190

278 5184 463 5246 Quare
493 5182 669 5235 Sancti
695 5183 929 5237 dicantur
946 5187 1245 5252 unicornes,
1272 5193 1324 5241 et
1340 5205 1498 5256 quare
1527 5193 1696 5246 Chris·
1771 5195 1776 5202 ’

346 5259 436 5307 tus
482 5252 681 5306 dicatur
720 5255 853 5308 filius
899 5259 1246 5314 unicornium.
1295 5263 1596 5330 Quomodo,
1643 5269 1695 5317 ct

336 5361 403 5419 (α)
436 5357 556 5404 leem
581 5363 817 5419 captanda.
837 5384 888 5398 -
921 5365 976 5422 (b)
1014 5367 1093 5414 At.
1131 5371 1197 5414 Dc
1232 5369 1484 5415 diversitate
1523 5383 1773 5416 cauumm.
1795 5392 1848 5405 --

292 5430 334 5481 c)
356 5425 445 5470 Al.
467 5424 597 5476 Quod
615 5426 748 5474 timor
765 5428 908 5472 tribus
925 5431 1070 5474 modis
1100 5435 1244 5477 nnat.
1263 5453 1315 5466 -
1335 5431 1397 5488 (d)
1423 5432 1503 5478 At.
1523 5437 1636 5479 'heo
1655 5438 1850 5491 mipo-

277 5487 476 5532 titionu
498 5487 666 5535 Missa.
689 5511 741 5523 -
762 5490 814 5545 (a)
836 5493 931 5536 Hoc
941 5492 1125 5540 minimo
1143 5499 1354 5548 notarunt
1372 5500 1472 5544 cot.
1487 5497 1596 5548 odit.
1615 5518 1666 5532 -
1690 5497 1749 5554 (Ι)
1765 5498 1847 5543 Δὶ.

2015 608 2112 661 pro
2130 593 2318 661 quibus
2334 591 2689 655 interdicant,
2708 588 2797 641 vel
2819 589 2991 655 potius
3012 589 3340 661 extinctum

2015 667 2223 717 flamma
2245 664 2404 731 ignis3
2436 668 2490 715 et
2520 663 2584 714 de
2611 660 2774 713 tribus
2803 659 2994 727 pueris,
3013 662 3078 713 de
3104 661 3341 728 proprie-

2015 738 2207 791 tatibus
2233 743 2285 790 et
2310 741 2492 788 natura
2518 734 2673 787 cervi.

1952 811 2027 862 De
2064 810 2281 862 diversis
2320 807 2526 860 Domini
2558 805 2789 857 vocibus.
2827 807 2905 858 De
2947 804 3342 872 proprietatibus

2015 895 2180 948 aquae.
2210 883 2285 933 De
2311 879 2670 931 benedictione
2698 878 2750 928 in
2777 892 2921 943 pace.

1952 955 2102 1015 Quod
2112 953 2329 1019 apostoli
2338 953 2573 1003 dicuntur
2581 950 2764 1001 arietes
2775 953 2984 1014 propter
2992 950 3342 1014 quatuor.Proe

2016 1027 2139 1092 quid
2168 1029 2313 1078 notet
2349 1026 2433 1090 (e).
2461 1024 2590 1076 Attii
2614 1022 2878 1087 multiplex
2911 1020 3213 1087 significatio
3256 1023 3341 1086 (e).

2017 1100 2156 1159 Quot
2166 1098 2333 1149 modis
2346 1097 2545 1148 dicatur
2563 1094 2768 1147 vitulus.
2790 1094 2865 1144 De
2884 1107 3160 1158 progressu
3187 1092 3299 1145 Dei.

1954 1169 2207 1222 Eaealiabo
2238 1174 2304 1231 ie,
2337 1169 2564 1233 Domine,
2592 1166 2776 1218 Psalm.
2801 1168 2881 1217 29.
2912 1165 2991 1216 Ad
3025 1165 3234 1216 domum
3269 1164 3346 1215 fa-

2015 1242 2247 1293 ciendam
2298 1243 2516 1306 quatuor
2554 1236 2859 1289 necessaria.
2914 1238 2986 1286 De
3029 1236 3344 1303 plenitudine

2015 1314 2271 1364 donorum
2298 1312 2353 1362 in
2393 1311 2595 1362 Christo
2625 1307 2717 1372 (k).
2750 1312 2807 1360 ln
2834 1306 3103 1359 Dominica
3142 1308 3342 1359 Palma-

2014 1397 2131 1434 rum
2160 1383 2361 1435 tristitia
2382 1382 2634 1443 ‚miscetur
2670 1378 2862 1431 laetitiae
2898 1380 2977 1443 (e).
3009 1380 3146 1438 Quot
3178 1379 3345 1430 modis

2013 1470 2097 1507 res
2116 1455 2362 1522 signetur.
2394 1456 2530 1515 Quot
2554 1451 2722 1516 modis
2752 1465 2938 1518 vesper
2963 1450 3179 1505 dicatur.
3210 1453 3347 1513 Quot

2013 1528 2182 1580 modis
2210 1541 2364 1578 mane
2404 1528 2621 1577 dicatur.

1953 1600 2103 1662 Quod
2129 1613 2249 1651 caro
2278 1598 2465 1650 Christi
2492 1598 2674 1648 dicitur
2702 1610 2898 1648 saccus.
2929 1596 3148 1647 Ornatus
3163 1593 3343 1662 templi

2013 1672 2069 1722 in
2097 1670 2264 1722 Natali
2292 1669 2495 1721 Domini
2528 1670 2608 1732 (e).
2637 1671 2711 1720 De
2736 1667 2922 1732 triplici
2946 1667 3097 1719 stola.

1953 1742 2010 1793 In
2033 1744 2101 1802 ie,
2136 1741 2357 1804 Domine,
2382 1740 2595 1805 speravi,
2615 1754 2711 1790 non
2732 1737 3028 1801 confundar,
3049 1738 3232 1790 Psalm.
3264 1741 3342 1791 30.

2015 1814 2165 1873 Quod
2193 1816 2412 1879 quatuor
2437 1811 2603 1862 modis
2637 1825 2755 1876 spes
2780 1810 2981 1862 dicitur.
3011 1810 3147 1871 Quot
3176 1810 3344 1862 modis

2016 1886 2191 1937 odium
2228 1885 2442 1936 dicatur.
2486 1883 2636 1943 Quod
2672 1883 2879 1934 miseria
2915 1883 3043 1933 Adae
3086 1882 3142 1933 in
3182 1883 3345 1934 tribus
3390 1938 3403 1953 ·

2015 1956 2262 2008 consistit.
2321 1955 2478 2008 Taedii
2526 1958 2817 2006 sanctorum
2871 1954 3143 2006 hominum
3193 1969 3347 2007 causa

2014 2028 2285 2091 multiplex
2315 2031 2394 2092 (e).
2426 2029 2499 2078 De
2526 2026 2795 2090 multiplici
2820 2040 2964 2077 vase.
3032 2020 3041 2027 ”

1954 2101 2028 2153 De
2056 2099 2243 2163 triplici
2270 2098 2594 2150 deductione.
2626 2098 2699 2149 De
2728 2096 2996 2163 multiplici
3014 2096 3238 2150 civitate.
3268 2099 3345 2150 De

2014 2171 2283 2238 multiplici
2309 2171 2538 2223 inimice.
2649 2166 2657 2173 ’

1954 2244 2102 2294 Beati
2116 2258 2327 2309 quorum
2347 2244 2586 2302 remissoe,
2608 2241 2793 2293 Psalm.
2811 2244 2889 2293 31.
2910 2244 2985 2293 De
3013 2241 3176 2293 tribus
3190 2243 3343 2306 vitiis,

2017 2319 2069 2366 et
2096 2315 2162 2366 de
2189 2316 2351 2366 tribus
2373 2314 2610 2367 antidotis
2638 2314 2837 2365 homini
2873 2314 3005 2365 datis
3034 2320 3214 2366 contra
3236 2315 3339 2367 illa.

2016 2387 2167 2447 Quod
2193 2386 2367 2437 vitatio
2394 2384 2507 2436 vitii
2539 2390 2617 2435 est
2640 2385 2696 2435 in
2732 2384 2951 2437 duobus.
2990 2386 3263 2437 Peccatum
3291 2387 3347 2437 in

2016 2458 2245 2522 homine,
2273 2458 2338 2508 ab
2356 2456 2589 2524 homine,
2618 2457 2864 2509 hominis.

1955 2532 2092 2592 Quot
2122 2532 2291 2583 modis
2314 2531 2489 2582 videre
2517 2532 2656 2582 Deus
2683 2531 2899 2582 dicatur.
2940 2530 3073 2591 Quid
3095 2544 3188 2596 per
3212 2534 3344 2582 tem-

2015 2619 2112 2670 pus
2140 2607 2487 2669 opportunum
2532 2604 2841 2669 intelligatur
2871 2605 2954 2669 (e).
2981 2606 3128 2670 Aqua
3163 2607 3346 2669 quotu·

2015 2676 2150 2741 plex.
2182 2679 2254 2727 De
2281 2691 2374 2727 sex
2399 2676 2674 2741 generibus
2695 2676 2989 2728 hominum.

1955 2748 2214 2813 Exultate,
2230 2748 2385 2813 justi,
2413 2748 2468 2798 in
2496 2749 2726 2807 Domina,
2756 2749 2943 2801 Psalm.
2974 2752 3053 2800 32.
3085 2749 3159 2799 De
3176 2748 3347 2799 multi·

2014 2820 2136 2885 plici
2151 2820 2490 2872 confessione.
2518 2822 2588 2870 De
2609 2821 2836 2872 novitate
2852 2820 3174 2886 quadruplici
3191 2835 3346 2886 quam

2016 2891 2246 2944 Christus
2276 2891 2446 2943 attulit
2483 2891 2567 2953 (e).
2601 2892 2677 2943 De
2705 2892 2976 2957 multiplici
3000 2895 3158 2942 terra.

1954 2965 2028 3015 De
2056 2964 2325 3029 multiplici
2353 2977 2443 3014 ore
2472 2964 2568 3014 Dei
2603 2963 2688 3028 (e).
2717 2965 2794 3015 De
2819 2963 3090 3028 multiplici
3108 2963 3262 3017 fame.

1953 3035 2246 3087 Benedicam
2274 3037 2544 3086 Dominum
2574 3035 2627 3085 in
2652 3038 2791 3086 omni
2809 3039 3043 3100 tempore,
3061 3036 3248 3088 Psalm.
3264 3039 3344 3087 33.

2015 3108 2163 3168 Quod
2194 3108 2302 3159 laus
2337 3106 2433 3158 Dei
2471 3106 2699 3159 consistit
2739 3107 2795 3158 in
2839 3107 3000 3159 tribus
3022 3146 3037 3172 ,
3079 3108 3270 3161 scilicet
3292 3108 3348 3158 in

2015 3180 2397 3243 benedictione,
2426 3179 2482 3229 in
2509 3180 2888 3245 magnificentia
2924 3183 2977 3230 et
3001 3180 3057 3230 in
3090 3180 3349 3231 bonomm

2013 3251 2392 3316 prosecutione.
2412 3252 2485 3301 De
2499 3251 2765 3315 multiplici
2782 3251 3086 3316 pulsatione.
3108 3253 3183 3304 De
3202 3251 3348 3318 quin-

2017 3337 2117 3389 que
2146 3322 2421 3388 generibus
2459 3323 2793 3387 paupertatis.

1954 3396 2029 3447 De
2040 3395 2158 3446 cibo
2168 3392 2422 3458 corporali
2432 3399 2484 3444 et.
2498 3393 2765 3459 spirituali,
2777 3396 2828 3443 et
2842 3407 3022 3445 eorum
3033 3392 3341 3446 discrimine.

2014 3469 2090 3518 De
2119 3465 2387 3531 multiplici
2413 3466 2595 3532 gratia.
2636 3466 2785 3524 Quod
2809 3465 3110 3530 martyrium
3135 3465 3231 3518 tria
3258 3466 3346 3517 de-

2014 3538 2107 3590 bet
2132 3538 2344 3590 babere.
2387 3537 2463 3588 De
2497 3536 2684 3603 triplici
2724 3538 2887 3602 gradu
2929 3537 3247 3591 liberationis
3286 3537 3342 3603 (Ι)

2014 3609 2347 3675 antiquorum
2385 3613 2607 3675 patrum.

1953 3682 2148 3744 Iudico,
2195 3683 2422 3747 Domine,
2456 3684 2679 3732 nocentes
2704 3697 2802 3746 me,
2830 3682 3015 3734 Psalm.
3044 3685 3123 3733 34.
3155 3684 3229 3734 De
3258 3683 3348 3735 tri-

2014 3754 2136 3818 plici
2155 3753 2371 3817 judicio,
2414 3758 2525 3804 tum
2555 3753 2611 3804 in
2636 3755 2905 3820 praesenti,
2941 3759 3050 3806 tum
3074 3755 3131 3805 in
3153 3755 3345 3808 futuro.

2017 3827 2212 3887 Quibus
2239 3842 2302 3878 ex
2331 3827 2500 3878 causis
2533 3828 2680 3878 navis
2707 3827 3038 3892 periclitetur.

1959 3899 2129 3950 Armis
2155 3902 2207 3949 et
2233 3902 2378 3950 scuto
2414 3899 2749 3963 pugnandum
2788 3899 3034 3951 adversus
3077 3898 3346 3950 mundum.

2018 3970 2211 4035 lnopiae
2260 3974 2312 4021 et
2352 3970 2664 4035 paupertatis
2707 3970 3001 4024 discrimen.
3045 3971 3120 4021 De
3161 3970 3348 4037 triplici

2015 4044 2298 4094 sterilitate.
2323 4044 2397 4094 De
2408 4042 2609 4108 ¹jejunio
2632 4043 2835 4095 Christi.
2865 4044 2938 4094 De
2966 4043 3153 4108 triplici
3177 4047 3343 4095 tenta·

2013 4116 2155 4166 tione
2182 4114 2408 4165 hominis
2432 4115 2498 4165 ad
2528 4116 2711 4177 Deum,
2740 4123 2793 4167 et
2820 4116 2915 4167 Dei
2944 4116 3008 4166 ad
3031 4115 3313 4168 hominem.

1953 4186 2223 4249 Multiplex
2249 4185 2491 4236 Ecclesiae
2515 4186 2812 4251 magnitudo
2844 4187 2922 4250 (e).
2951 4187 3214 4252 Multiplex
3236 4202 3349 4252 gra·

2016 4258 2184 4309 vitatis
2208 4271 2389 4322 genus.
2421 4257 2568 4317 Quod
2597 4257 2945 4323 multipliciter
2988 4258 3172 4310 dicitur
3210 4261 3348 4311 Deus

2016 4341 2289 4393 exurgere.

1954 4402 2101 4452 Dixit
2125 4401 2359 4465 iniustus,
2390 4405 2446 4452 ui
2472 4402 2752 4469 delinquat,
2780 4403 2968 4456 Psalm.
2991 4406 3071 4456 35.
3095 4404 3242 4457 Unde
3269 4404 3344 4457 di·

2017 4481 2160 4529 catur
2187 4492 2386 4530 servus.
2423 4478 2686 4544 Multiplex
2713 4483 3044 4544 peccatorum
3070 4495 3251 4546 genus.

1955 4550 2056 4602 Cur
2073 4551 2129 4600 in
2155 4550 2402 4602 sacrificio
2429 4552 2688 4603 Abraham
2714 4551 2988 4617 abjiciebat
3017 4566 3141 4604 aves
3157 4555 3185 4603 ἵ
3219 4556 3344 4605 Duae

2018 4622 2112 4673 alae
2140 4622 2262 4686 Dei,
2304 4626 2356 4673 et
2381 4636 2473 4674 sex
2497 4623 2742 4675 hominis.
2778 4624 2927 4684 Quod
2963 4638 3115 4677 mons
3154 4639 3347 4677 novem

2017 4693 2185 4744 modis
2217 4693 2421 4746 dicitur.

1955 4764 2296 4887 Dedebrietate
2325 4766 2590 4831 spirituali,
2611 4772 2665 4819 et
2691 4765 2962 4833 corporali.
2981 4769 3057 4821 De
3078 4767 3347 4836 multiplici

2053 4849 2192 4888 omo.

1954 4908 2077 4960 Noli
2103 4907 2337 4959 oemulari
2364 4908 2418 4959 in
2456 4908 2874 4974 malignantibus,
2917 4911 3107 4964 Psalm.
3145 4915 3227 4965 36.
3270 4913 3347 4965 De

2015 4979 2282 5042 multiplici
2308 4981 2662 5036 minutatione.
2682 4985 2758 5035 De
2777 4982 3046 5050 multiplici
3064 4983 3245 5036 herba.
3270 4987 3347 5037 De

2017 5051 2284 5117 multiplici
2311 5052 2474 5106 olere.

1955 5124 2029 5175 De
2059 5123 2324 5188 multiplici
2350 5139 2491 5178 arcu.
2524 5128 2601 5179 De
2629 5126 2947 5194 quadruplici
2976 5128 3079 5181 via.
3108 5131 3183 5181 De
3218 5126 3349 5182 mul·

2014 5196 2175 5260 tiplici
2205 5209 2329 5247 casu
2356 5197 2437 5262 (e).
2470 5200 2544 5250 De
2572 5203 2791 5265 quatuor
2821 5201 3096 5266 generibus
3122 5201 3346 5256 eleemo-

2019 5280 2182 5332 synae.
2206 5267 2472 5333 Multiplex
2498 5272 2824 5323 exultationis
2855 5286 3036 5338 genus.

3407 736 3488 789 191

3405 878 3496 928 192

3407 1093 3497 1145 193

3408 1524 3497 1575 ¹94

3408 2028 3496 2078 195

3410 2460 3497 2510 196

3410 2893 3497 2943 19Ἰ

3408 3325 3499 3376 198

3414 3831 3501 3880 199

3408 4117 3499 4166 200

3407 4482 3495 4531 201

3407 4697 3500 4747 202

3409 5058 3499 5110 203

1956 5377 2094 5419 Deus.
2113 5397 2164 5408 —
2189 5373 2245 5431 (a)
2274 5374 2353 5420 Al.
2383 5376 2563 5422 Christi.
2593 5400 2644 5412 -
2664 5379 2723 5434 (k)
2750 5378 2831 5423 Al.
2850 5379 3053 5436 pedibus.
3073 5402 3125 5415 —
3144 5381 3190 5437 (i)
3208 5380 3289 5426 Al.
3308 5382 3503 5428 subtice-

1955 5441 2043 5483 tur.
2062 5459 2115 5471 -
2144 5438 2202 5494 (j)
2220 5436 2302 5482 Al.
2319 5440 2550 5490 Quomodo
2566 5442 2781 5497 templum
2796 5444 3003 5491 multat.
3021 5464 3074 5479 -
3091 5444 3244 5501 (Qu.
3265 5445 3501 5492 Christi.—

1955 5500 2005 5556 (ι)
2036 5499 2150 5546 cm.
2166 5498 2277 5544 odie.
2296 5502 2366 5546 n·
2382 5503 2548 5559 triptici
2567 5504 2842 5552 musmo.
