4196 6294
758 411 880 475 410

1804 406 2214 479 mosum
2257 412 2338 479 m
2379 397 2906 489 PsAL‘r'smuu.

756 543 1160 603 testimonium
1183 543 1564 619 tripartitum,
1582 542 1803 602 scilicet
1820 543 2063 604 inferius
2081 587 2103 617 ,
2125 562 2299 622 supe·
2410 550 2594 612 didici
2621 554 2998 631 disciplinam
3025 583 3045 619 ε
3073 584 3101 618 n
3134 580 3273 624 ecce
3298 569 3637 644 exemplum
3661 569 3901 630 ethicum.

754 638 898 710 rius,
926 639 984 695 et
1010 637 1299 710 exterius3
1321 638 1439 697 hoc
1465 641 1571 709 est,
1596 642 1865 712 respectu
1885 638 2001 710 sui,
2028 644 2299 714 respectu

755 731 886 799 Dei,
920 735 980 792 et
1015 734 1287 805 respectu
1323 730 1603 806 proximi.
1644 731 1838 790 Prima
1860 732 2126 791 conditio
2153 734 2300 809 legi-

754 827 850 884 tur
868 826 887 862 ¹
909 842 924 883 ε
950 845 979 879 α
1006 826 1064 884 Si
1080 825 1313 884 bonum
1343 827 1513 884 estin
1538 827 1724 885 oculis
1744 826 1967 896 vestris,
1989 828 2189 888 afferte
2220 829 2290 904 (a)

750 918 1089 978 mercedem
1116 936 1353 978 meam:
1383 940 1413 975 a
1454 936 1589 979 ecce
1616 920 2076 995 beneplacitum,
2110 939 2294 996 quan-

751 1016 879 1071 tum
906 1013 985 1070 ad
1011 1013 1255 1072 interius
1280 1013 1701 1073 testimonium.
1731 1014 2003 1073 Secunda
2028 1016 2294 1076 conditio

749 1107 1024 1165 scribitur
1057 1110 1081 1143 ²
1122 1125 1139 1163 ε
1182 1126 1212 1162 ι
1248 1108 1404 1166 Fecit
1447 1112 1561 1167 Asa
1600 1107 1770 1182 quod
1812 1108 2047 1168 bonum
2086 1113 2145 1168 et
2170 1108 2298 1184 pla·

750 1200 933 1259 citum
965 1204 1090 1260 erat
1129 1201 1192 1259 in
1232 1205 1550 1276 conspectu
1590 1202 1691 1260 Dei
1722 1221 1738 1259 :
1770 1222 1802 1257 ι
1834 1218 1969 1261 ecce
2010 1201 2294 1278 benepla-

748 1296 932 1353 citum
957 1336 977 1366 ,
1030 1298 1321 1369 quantum
1384 1294 1466 1353 ad
1533 1296 1805 1369 superius
1866 1296 2290 1355 testimonium.

745 1388 934 1447 Tertia
974 1388 1236 1448 conditio
1276 1388 1526 1448 traditur
1564 1390 1644 1447 ab
1682 1389 1964 1464 Apostolo
1991 1391 2014 1427 ⁸
2044 1408 2061 1449 2
2096 1410 2127 1446 α
2153 1394 2293 1450 Pro-

744 1482 1015 1541 videmus
1030 1483 1195 1542 bona
1219 1498 1345 1541 non
1370 1482 1569 1541 solum
1591 1499 1795 1541 coram
1816 1486 1959 1555 Deo,
1984 1484 2091 1543 sed
2112 1485 2288 1544 etiam

743 1590 946 1635 coram
969 1576 1315 1635 hominibus
1341 1595 1357 1633 z
1385 1596 1416 1632 w
1449 1593 1585 1635 ecce
1609 1577 2072 1653 beneplacitum,
2101 1595 2288 1655 quan-

740 1674 867 1729 tum
894 1669 975 1729 ad
1000 1671 1259 1729 exterius
1290 1671 1716 1731 testimonium.

1209 1829 1493 1885 Articulus
1529 1829 1813 1887 secundus.

809 1950 901 2009 Ad
943 1950 1417 2011 humiliationem
1449 1953 1735 2028 pertinet,
1784 1954 1953 2029 quod
1991 1956 2285 2030 praedictis

741 2050 1170 2119 consequenter
1219 2046 1471 2106 cohaeret
1527 2066 1542 2105 ε
1603 2048 1746 2116 Quia
1798 2050 2108 2107 humiliasti
2159 2067 2242 2108 me
2258 2093 2281 2124 ,

741 2139 963 2198 scilicet
998 2140 1354 2199 conscientia
1403 2141 1720 2214 castigante
1735 2182 1756 2212 ,
1805 2157 1929 2199 non
1975 2143 2286 2218 eoncupis-

740 2233 929 2292 centia
984 2233 1334 2308 instigante3
1386 2234 1598 2301 dolore
1652 2235 2056 2295 inflammante
2076 2279 2096 2309 ,
2156 2251 2281 2296 uon

740 2327 1126 2387 delectatione
1158 2328 1421 2388 inflante.
1466 2332 1533 2388 Et
1572 2333 1730 2389 nota
1782 2330 1950 2404 quod
1998 2331 2281 2390 Dominus

737 2420 904 2481 aliter
921 2421 1195 2480 humiliat
1221 2422 1626 2498 incipientem,
1655 2423 1822 2482 aliter
1848 2423 2278 2499 proficientem,

622 2552 627 2557 «
735 2516 905 2576 aliter
947 2518 1266 2592 perfectum
1300 2536 1315 2576 z
1360 2517 1620 2592 primum
1640 2560 1659 2589 ‚
1705 2517 1787 2577 ad
1825 2518 2275 2593 poenitendum3

733 2611 1084 2681 secundum,
1111 2610 1193 2670 ad
1219 2612 1606 2685 patiendum3
1637 2612 1901 2685 tertium,
1930 2612 2011 2671 ad
2038 2629 2279 2689 compa·

730 2706 1019 2766 tiendum.
1076 2710 1156 2766 De
1198 2707 1394 2783 primo
1439 2724 1758 2782 possumus
1802 2708 2071 2784 accipere
2121 2711 2279 2770 illud

730 2802 1047 2863 psalmistae
1067 2803 1089 2838 ⁶
1120 2822 1135 2861 ε
1172 2823 1202 2859 ι
1229 2803 1526 2877 Cognovi,
1551 2804 1831 2877 Domine,
1862 2805 2007 2879 quia
2032 2805 2277 2881 aequitas

723 2895 951 2969 judicia
978 2900 1106 2969 tua,
1147 2897 1291 2955 etin
1326 2897 1566 2956 veritate
1592 2902 1695 2957 tua
1733 2899 2055 2958 humiliasti
2080 2918 2220 2973 me,
2240 2923 2268 2957 n

727 2990 948 3048 scilicet
988 2989 1397 3049 humiliatione
1440 2991 1815 3065 poenitentiee.
1875 2995 1953 3050 De
2008 2995 2273 3053 secundo

725 3087 880 3142 recte
908 3084 1047 3142 satis
1074 3085 1409 3160 exponitur,
1438 3085 1607 3160 quod
1632 3086 1987 3161 proponitur
2004 3087 2024 3121 ⁸
2056 3105 2072 3143 z
2105 3106 2134 3141 α
2160 3092 2275 3147 Cur

727 3178 947 3238 vocatis
991 3196 1089 3238 me
1134 3181 1337 3240 Noemi
1359 3223 1377 3252 ,
1414 3180 1481 3239 id
1528 3183 1639 3252 est,
1685 3180 2037 3254 pulchram,
2084 3199 2272 3257 quam

725 3272 1008 3331 Dominus
1063 3273 1428 3344 humiliavit,
1487 3293 1514 3329 ι
1576 3273 1797 3330 scilicet
1858 3273 2271 3335 humiliatione

721 3365 1014 3439 patientias
1031 3369 1061 3423 ⁴?
1089 3369 1168 3424 De
1195 3366 1363 3424 tertio
1393 3371 1661 3440 patenter
1699 3366 2078 3441 intelligitur,
2102 3370 2270 3444 quod

721 3458 937 3533 legitur
962 3461 984 3495 ⁶
1027 3477 1043 3517 ε
1099 3479 1130 3515 α
1172 3459 1393 3533 Time0,
1441 3476 1518 3517 ne
1571 3460 1786 3519 iterum
1826 3478 1963 3519 cum
2016 3478 2269 3535 venero,

719 3551 991 3611 humiliet
1031 3568 1128 3610 me
1165 3556 1314 3610 Deus
1355 3552 1520 3625 apud
1564 3570 1704 3626 VOS,
1735 3575 1765 3610 ι)
1813 3555 2036 3614 scilicet
2076 3558 2270 3616 humi—

717 3643 958 3704 liatione
1017 3646 1489 3720 compatientioe3
1546 3647 1706 3706 unde
1755 3650 2021 3724 sequitur
2077 3668 2093 3708 ε
2145 3673 2175 3706 α
2203 3655 2270 3711 Et

718 3737 961 3813 lugeam
983 3738 1206 3798 multos
1228 3756 1302 3797 ex
1327 3740 1430 3812 iis,
1463 3742 1566 3815 qui
1596 3746 1730 3800 ante
1756 3747 2152 3817 peccaverunt
2165 3786 2185 3817 ,
2211 3750 2268 3804 et

718 3847 842 3890 non
868 3836 1116 3907 egerunt
1148 3833 1575 3908 poenitentiam.
1599 3856 1627 3888 n

1210 3993 1495 4051 Articulus
1535 3996 1745 4054 tertius.

785 4117 876 4177 Ad
904 4116 1398 4177 illuminationem
1430 4121 1698 4194 refertur,
1726 4124 1895 4197 quod
1929 4124 2091 4183 illico
2125 4127 2262 4186 sub-

714 4210 991 4269 infertur:
1038 4213 1107 4268 Ut
1145 4214 1385 4285 discam,
1414 4213 1634 4273 scilicet
1677 4216 1865 4289 gratia
1906 4217 2254 4287 illustrante,

713 4319 837 4362 non
870 4303 1097 4362 malitia
1131 4308 1477 4365 excoecante.
1517 4308 1619 4366 Hic
1654 4325 1972 4383 possumus
2013 4315 2256 4385 notare,

712 4396 881 4472 quod
913 4396 1218 4472 tripliciter
1261 4400 1543 4474 contingit
1569 4401 1828 4475 discere,
1856 4404 2132 4465 videlicet
2158 4423 2256 4465 ex-

710 4492 1060 4566 perimento,
1087 4494 1384 4569 exemp10,
1413 4495 1621 4555 intimo
1660 4497 2018 4558 documento
2049 4519 2064 4558 :
2098 4518 2253 4577 quo-

710 4601 845 4645 rum
870 4585 1132 4661 primum
1152 4587 1448 4661 praecipue
1465 4590 1647 4648 habet
1662 4590 1865 4658 locum
1882 4592 1943 4650 in
1963 4593 2224 4669 physicis
2235 4616 2253 4669 ;

710 4679 1038 4737 secundum
1053 4722 1072 4751 ,
1118 4680 1183 4738 in
1218 4680 1453 4754 ethicis3
1496 4684 1762 4757 tertium,
1791 4684 1854 4743 in
1893 4686 2129 4746 divinis.
2174 4693 2254 4749 De

708 4771 904 4846 primo
944 4774 966 4809 '¹
1002 4790 1018 4832 z
1073 4792 1102 4827 α
1138 4775 1551 4848 Experimento
1595 4776 1811 4850 didici,
1857 4781 2025 4854 quod
2073 4782 2253 4841 bene-

709 4868 922 4929 dixerit
946 4871 1094 4929 mihi
1120 4874 1271 4931 Deus
1297 4876 1541 4949 propter
1558 4878 1633 4946 te,
1658 4896 1687 4930 n
1714 4876 1935 4937 scilicet
1962 4884 2252 4955 quantum

709 4962 790 5022 ad
824 4964 1375 5039 multiplicationem
1418 4968 1767 5028 animalium
1794 4990 1809 5028 ε
1856 4989 1990 5032 ecce
2018 4975 2250 5048 experi-

708 5060 975 5117 mentum
1012 5058 1345 5134 physicum.
1384 5063 1463 5120 De
1491 5064 1754 5124 secundo
1781 5067 1804 5101 ⁸
1835 5084 1851 5124 ε
1888 5086 1919 5122 α
1960 5069 2247 5143 Exemplo

773 5205 790 5240 ¹
808 5204 981 5270 Zach„
1010 5217 1084 5270 ¹1,
1118 5209 1193 5256 12.
1213 5232 1279 5244 -
1303 5208 1326 5242 ⁹
1349 5209 1388 5258 ll
1422 5209 1667 5275 Paralip„
1693 5222 1801 5276 xlv,
1830 5216 1879 5263 2.
1899 5238 1961 5251 -
1987 5214 2008 5246 ⁸
2036 5215 2079 5265 ll
2110 5215 2249 5281 Cor„

708 5289 835 5336 vm,
877 5281 955 5328 11.
994 5302 1058 5315 —-
1098 5279 1120 5314 ⁸
1161 5279 1302 5330 psal.
1343 5280 1471 5345 hoc,
1515 5284 1595 5334 73.
1635 5310 1690 5320 —
1731 5285 1753 5319 ⁸
1781 5285 1931 5350 Ruth,
1972 5298 2019 5352 1,
2056 5291 2137 5340 21.
2185 5316 2247 5329 -

709 5352 728 5381 ⁸
754 5350 796 5402 11
832 5349 971 5414 Gor„
1001 5359 1061 5415 11,
1093 5350 1171 5401 21.
1200 5375 1262 5388 -
1288 5351 1311 5387 '¹
1340 5352 1484 5418 Gen„
1508 5364 1637 5420 xxx,
1666 5357 1745 5406 27.
1774 5383 1838 5396 -
1861 5359 2072 5424 ’Pr-ov„
2100 5371 2245 5424 xxiv,

2407 647 2486 704 De
2516 647 2682 706 tertio
2710 650 2768 708 ⁹:
2804 672 2834 708 ι
2859 656 3073 715 Notum
3099 660 3274 718 vobis
3297 660 3473 732 facio,
3500 662 3719 735 fratres,
3744 666 3903 722 Evan-

2406 740 2649 813 gelium,
2674 745 2840 817 quod
2858 752 3325 823 evangelizatum
3349 759 3437 813 est
3454 772 3490 814 a
3513 774 3631 828 me,
3653 759 3786 833 quia
3803 776 3903 817 non

2407 838 2493 891 est
2530 838 2859 897 secundum
2893 842 3200 903 hominem
3227 865 3243 904 τ
3272 865 3469 924 neque
3516 851 3674 910 enim
3704 869 3805 926 ego
3840 854 3901 911 ab

2405 926 2646 988 homine
2687 935 2884 1008 accepi
2939 937 3115 1009 illud,
3168 956 3361 1016 neque
3418 943 3620 1016 didici,
3671 946 3770 1003 sed
3816 963 3903 1021 per

2402 1022 2824 1085 revelationem
2847 1033 2981 1089 «lesu
3005 1032 3208 1092 Christi
3239 1054 3254 1092 :
3286 1057 3314 1090 n
3362 1053 3496 1096 ecce
3525 1039 3788 1098 intimum
3815 1040 3902 1097 do-

2404 1122 2765 1177 numentum.

2887 1274 3169 1332 Articulus
3205 1286 3448 1349 quartus.

2470 1400 2560 1457 Ad
2581 1400 3060 1474 justificationem
3085 1411 3310 1482 spectat
3334 1412 3501 1485 quod
3523 1417 3697 1472 restat
3724 1433 3738 1471 ε
3763 1418 3906 1471 Iusti·

2396 1497 2673 1564 flectiones
2722 1501 2872 1570 tuas,
2918 1515 3042 1558 non
3084 1505 3597 1575 praevaricationes
3640 1524 3809 1567 meas
3850 1512 3904 1565 Et

2397 1592 2560 1659 nota,
2582 1588 2748 1663 quod
2762 1590 3204 1664 justificationes
3230 1596 3369 1655 istas
3395 1599 3686 1658 debemus
3711 1601 3904 1660 discere

2396 1680 2611 1756 triplici
2647 1683 2916 1744 ratione:
2958 1689 3100 1762 quia
3142 1690 3404 1764 dirigunt
3439 1694 3502 1751 in
3537 1695 3820 1767 consiliu,
3854 1696 3905 1751 in

2388 1773 2648 1847 judiciis,
2675 1777 2738 1835 in
2767 1780 3054 1839 exercitiis
3083 1801 3099 1839 ε
3131 1801 3389 1859 quorum
3415 1786 3679 1862 primum
3716 1792 3907 1864 spectat

2395 1868 2474 1926 ad
2502 1870 3026 1950 deliberationem3
3056 1880 3407 1952 secundum,
3435 1882 3516 1940 ad
3544 1883 3901 1950 electionem

2394 1963 2625 2022 tertium
2644 2008 2664 2037 ,
2721 1967 2802 2025 ad
2856 1971 3287 2032 executionem.
3339 1978 3417 2033 De
3471 1977 3671 2049 primo
3733 1976 3907 2035 scribit

2394 2056 2893 2136 psalmographus
2914 2066 2958 2106 ¹0
2989 2082 3043 2122 t«
3071 2067 3392 2125 Consilium
3423 2086 3631 2128 meum
3652 2070 3904 2145 justifica-

2391 2149 2580 2208 tiones
2604 2157 2717 2211 tuae
2732 2173 2750 2226 ;
2781 2177 2808 2210 n
2843 2172 2979 2216 ecce
3007 2160 3322 2220 consilium
3350 2162 3807 2222 deliberationis.
3842 2167 3906 2222 De

2389 2245 2654 2303 secundo
2691 2247 2957 2309 similiter
3001 2252 3084 2310 ait
3124 2253 3626 2329 psalmographus
3656 2257 3696 2293 ¹¹
3740 2276 3753 2315 :
3787 2276 3813 2310 ι
3834 2256 3906 2315 Ad

2391 2339 2795 2402 confitendum
2838 2344 2946 2402 tibi
3002 2363 3182 2422 super
3226 2348 3451 2422 judicia
3497 2351 3905 2423 justificationis

2388 2435 2504 2492 tuoe
2537 2452 2552 2492 ε
2583 2456 2611 2489 n
2648 2452 2782 2495 ecce
2803 2438 3099 2511 judicium
3127 2441 3442 2499 electionis.
3476 2446 3554 2501 De
3582 2446 3752 2503 tertio
3779 2461 3905 2519 quo-

2387 2543 2506 2600 que
2552 2530 2862 2602 psallimus
2888 2534 2933 2568 ¹⁸
2965 2550 2981 2590 ε
3019 2554 3047 2587 α
3088 2536 3417 2596 Exercebor
3458 2537 3521 2594 in
3560 2538 3905 2611 justificatio·

2386 2620 2562 2680 nibus
2590 2623 2704 2681 tuis
2735 2643 2750 2682 ε
2781 2645 2809 2680 »
2843 2641 2978 2683 ecce
3005 2628 3346 2687 exercitium
3373 2632 3756 2691 executionis,

3026 2789 3282 2855 Epilogus.

2454 2911 2519 2965 Et
2544 2907 2663 2966 hoc
2690 2915 2804 2980 est,
2832 2911 3001 2985 quod
3026 2912 3295 2987 psallitur
3320 2930 3428 2988 per
3454 2917 3804 2990 prophetam
3829 2918 3902 2974 in·

2382 3000 2687 3061 timentem
2717 3005 2943 3077 peccati
2983 3006 3415 3081 displicentiam
3447 3027 3462 3065 ι
3492 3011 3704 3067 Bonum
3737 3013 3860 3067 mihi
3887 3029 3901 3065 :

2383 3114 2518 3157 ecce
2544 3098 2985 3174 beneplacitum
3011 3106 3216 3160 contra
3235 3103 3688 3179 maleplacitum
3709 3122 3904 3165 remor·

2380 3194 2563 3251 sionis
2573 3215 2590 3266 3
2623 3198 2757 3266 quia
2779 3198 3090 3253 humiliasti
3113 3214 3194 3253 me
3214 3216 3232 3253 ε
3263 3214 3398 3256 ecce
3427 3199 3761 3259 humiliatio
3788 3216 3903 3258 con-

2379 3291 2469 3347 tra
2505 3287 2872 3347 inflationem
2918 3290 3324 3349 delectationis
3335 3311 3354 3363 3
3396 3298 3459 3349 ut
3492 3294 3703 3352 discam
3732 3313 3752 3353 .·
3787 3311 3903 3353 ecce

2376 3382 2730 3440 illuminatio
2777 3388 2983 3442 contra
3027 3385 3481 3444 excaecationem
3529 3388 3901 3459 assensionis:

2366 3475 2782 3547 justificationes
2810 3484 2933 3534 tuas
2964 3498 2982 3534 ε
3021 3494 3156 3536 ecce
3177 3479 3514 3551 Justificatio
3543 3488 3752 3542 contra
3777 3498 3900 3557 prae·

2373 3568 2799 3628 varicationem
2826 3570 3203 3645 operationis,

2905 3794 3239 3840 vsnslcmms
3273 3796 3393 3839 vm.

2442 3952 2530 4007 72.
2548 3952 2752 4007 Bonum
2764 3951 2902 4008 mihi
2915 3953 3002 4009 lex
3014 3955 3124 4009 oris
3140 3955 3242 4024 tui,
3257 3959 3366 4012 etc.
3379 3956 3795 4013 Praeeesserunt
3806 3953 3899 4012 tria

2372 4042 2833 4101 conversationis
2869 4043 3122 4116 indicia,
3147 4045 3424 4105 videlicet
3455 4049 3790 4109 tentationis
3819 4063 3897 4105 re-

2369 4134 2656 4205 sistentia,
2701 4137 3003 4196 tentatoris
3044 4138 3324 4212 victoria,
3371 4146 3755 4214 peccatorum
3796 4140 3898 4198 dis-

2367 4230 2669 4306 plicentia,
2695 4231 2942 4290 totidem
2967 4233 3236 4291 versibus
3260 4238 3606 4309 praenotata.
3645 4236 3897 4295 Succedit

2367 4331 2645 4400 quartum
2661 4369 2679 4396 ,
2722 4328 2942 4386 scilicet
2978 4329 3399 4389 mandatorum
3443 4332 3864 4407 complacentia
3879 4371 3896 4399 ,

2365 4435 2549 4493 quam
2568 4420 2844 4479 subnotat
2861 4423 3200 4495 quadrifida
3220 4440 3425 4484 versus
3445 4427 3748 4499 praesentis
3771 4440 3894 4483 eon·

2363 4513 2626 4571 tinentia.
2671 4516 2952 4573 causatur
2992 4521 3189 4575 autem
3228 4517 3559 4593 praehabita
3601 4519 3893 4578 mandato-

2362 4621 2498 4664 rum
2548 4606 2980 4681 complacentia
3027 4626 3102 4668 ex
3155 4611 3588 4687 quadripartita
3639 4614 3892 4688 ipsorum

2362 4700 2798 4761 circumstantia
2830 4721 2845 4759 ι
2874 4707 3047 4778 puta,
3077 4706 3219 4780 quia
3255 4708 3610 4778 corrective,
3646 4708 3788 4783 quia
3815 4706 3891 4764 di-

2357 4795 2607 4867 rectiva,
2643 4797 2786 4871 quia
2820 4797 3103 4870 erectim,
3151 4800 3293 4874 quia
3335 4800 3655 4875 perfectiva
3697 4820 3713 4860 ε
3761 4816 3890 4858 nam

2356 4888 2734 4947 mundanum
2763 4890 3040 4950 affectum
3067 4893 3397 4967 corrigunt,
3428 4899 3730 4969 aspectum
3757 4892 3888 4951 diri-

2356 4986 2535 5054 gunt,
2564 4983 2832 5042 auditum
2860 4986 3124 5061 erigunt,
3155 4989 3213 5046 et
3239 4988 3318 5046 ad
3343 4988 3555 5047 mundi
3593 4992 3885 5062 contemp·

2356 5081 2481 5134 tum
2509 5076 2845 5150 accingunt.

2355 5208 2436 5256 32.
2474 5231 2536 5244 --
2573 5207 2596 5242 ⁸
2632 5206 2769 5272 Gal„
2800 5221 2835 5273 1,
2867 5211 2944 5261 12.
2978 5236 3040 5248 -
3079 5213 3119 5247 ¹⁸
3147 5211 3284 5263 Psal.
3313 5212 3439 5274 hoc,
3470 5214 3550 5264 24.
3581 5239 3642 5251 —
3673 5213 3714 5249 ¹¹
3746 5210 3882 5269 ibid„

2354 5280 2434 5329 62.
2461 5303 2524 5315 -
2554 5278 2588 5308 '²
2613 5278 2764 5343 ibid„
2789 5282 2875 5331 23.

2415 5362 2484 5426 (α)
2514 5363 2634 5415 caet.
2670 5363 2798 5414 edil.
2826 5365 3036 5419 auferte.
