4196 6294
658 454 779 517 224

667 609 699 647 ι
725 582 1171 654 Habitantibus
1194 584 1263 650 in
1290 584 1560 667 regione
1600 584 1852 650 umbrae
1889 584 2138 650 mortis,
2158 604 2191 643 ι

657 692 770 758 Est
783 692 969 776 regio
994 693 1340 773 bonorum,
1370 692 1605 759 scilicet
1630 692 1701 756 in
1727 691 2051 776 praesenti,
2078 709 2199 755 un-

657 799 737 863 de
761 800 913 865 boc'
940 822 956 865 ε
985 822 1016 861 α
1037 799 1354 881 Regiones
1378 799 1541 865 albae
1565 804 1718 865 sunt
1741 799 1820 865 ad
1839 817 2135 864 messem.
2155 820 2188 858 ι

659 905 771 971 Est
806 907 995 989 regio
1022 907 1336 973 malorum
1349 955 1372 988 ,
1407 908 1579 973 unde
1618 908 1698 973 de
1740 907 1872 972 fllio
1924 906 2200 990 prodigo

659 1014 891 1079 dicitur
919 1021 965 1095 ¹,
1008 1015 1180 1098 quod
1220 1036 1251 1074 α
1274 1013 1430 1080 abiit
1465 1015 1545 1097 (a)
1578 1015 1645 1078 in
1682 1014 2019 1096 regionem
2055 1013 2196 1077 lon-

660 1122 994 1205 ginquam.
1017 1143 1049 1182 »
1084 1120 1196 1186 Est
1218 1121 1405 1204 regio
1430 1122 1794 1205 spirituum,
1827 1120 1893 1185 id
1919 1124 2035 1196 est,
2066 1120 2199 1185 vita

658 1233 931 1307 aeterna3
982 1229 1155 1295 unde
1212 1229 1472 1310 dicitur,
1513 1230 1683 1313 quod
1730 1228 2017 1295 Christus
2054 1232 2201 1310 post

655 1336 1084 1402 ascensionem
1111 1337 1268 1402 abiit
1294 1336 1365 1400 in
1382 1337 1721 1420 regionem
1743 1354 1959 1416 suam,
1987 1336 2053 1401 id
2076 1340 2195 1417 est,

656 1445 727 1508 in
749 1443 1006 1510 coelum.

733 1556 794 1616 4.
820 1553 1136 1627 Quoniam
1154 1551 1637 1620 declinaverunt
1657 1554 1735 1619 in
1751 1568 1848 1619 me
1873 1552 2198 1636 iniquita-

455 1682 602 1725 poen..
654 1667 751 1729 tes
767 1661 867 1742 (b).
895 1659 1058 1726 Nota
1083 1678 1295 1744 poenae
1314 1660 1801 1740 immissionem,
1836 1660 2007 1725 unde
2032 1660 2192 1725 hoc:

654 1769 1042 1851 Iniquitates
1053 1787 1083 1851 ;
1106 1768 1523 1833 immissionis
1547 1767 2007 1833 abundantiam
2027 1816 2043 1844 ,
2072 1786 2199 1832 un-

654 1876 780 1940 de:
811 1876 1340 1956 Declinaverunt,
1369 1878 1447 1940 ut
1470 1876 1577 1940 hic
1606 1876 1984 1959 exponitur;
2015 1894 2194 1940 acre-

654 1983 872 2048 dinem
894 2002 1126 2067 poenae,
1152 1985 1321 2050 unde
1345 1984 1468 2049 hoc
1490 2006 1506 2050 z
1528 1984 1778 2051 Molesti
1801 1990 1985 2051 erant
2004 1984 2191 2061 milit}

654 2109 908 2174 poenam
934 2092 1179 2157 illatam
1201 2111 1284 2157 ex
1310 2110 1600 2172 rancore,
1629 2090 1841 2157 unde:
1874 2094 1957 2156 In
1982 2092 2112 2157 ira.

462 2205 625 2277 aenne
731 2200 794 2264 7.
822 2200 987 2282 Quis
1004 2198 1187 2267 dabit
1210 2200 1375 2266 mihi
1389 2215 1638 2281 pennas
1658 2200 1828 2267 sicut
1853 2198 2197 2266 columboe?

413 2278 504 2309 ’ω
550 2296 562 2310 ’
654 2306 816 2370 Sunt
852 2324 1083 2389 pennae
1120 2306 1379 2372 virtutis
1398 2354 1415 2385 ,
1461 2310 1538 2371 ut
1579 2306 1717 2386 hic;
1766 2313 1917 2372 sunt
1964 2325 2194 2390 pennae

653 2412 1150 2496 praedicationis,
1190 2407 1364 2479 unde
1394 2414 1516 2479 boc
1541 2424 1564 2459 ⁸
1597 2435 1612 2478 ε
1651 2437 1684 2475 α
1705 2412 1979 2494 Volavit‚
2013 2415 2193 2480 vola-

655 2521 766 2587 vit·
785 2539 980 2605 super
1016 2539 1257 2605 pennas
1297 2526 1676 2601 ventorum3
1704 2544 1735 2582 n
1771 2526 1922 2587 sunt
1962 2541 2195 2607 pennae

655 2629 1097 2712 protectionis,
1122 2629 1293 2694 unde
1319 2629 1443 2694 boc
1464 2630 1488 2665 ⁴
1519 2647 1536 2693 ε
1575 2653 1608 2692 ι
1631 2628 1766 2695 Sub
1793 2630 2030 2695 umbra
2056 2631 2190 2695 ala-

654 2755 803 2802 rum
822 2740 1082 2802 tuarum
1108 2741 1373 2819 protege
1395 2755 1534 2815 me3
1557 2758 1589 2797 n
1617 2741 1768 2802 sunt
1793 2755 2025 2821 pennae
2036 2784 2057 2817 ,
2087 2737 2193 2803 vel

653 2844 773 2909 alae
797 2844 1279 2910 resurrectionis
1301 2891 1321 2920 ‚
1349 2844 1522 2910 unde
1545 2844 1669 2909 boc
1698 2850 1722 2885 ⁵
1754 2867 1769 2909 ε
1811 2867 1843 2906 α
1868 2843 1933 2910 Si
1962 2863 2193 2929 sump-

652 2968 796 3015 sero
812 2969 1054 3034 pennas
1077 2968 1253 3016 meas
1271 2950 1611 3030 dilicu103»
1646 2956 1711 3018 et
1737 2952 1880 3017 haec
1905 2951 1927 2986 ⁶
1959 2974 1975 3017 ε
2009 2976 2041 3014 α
2063 2952 2193 3018 Sex

652 3059 771 3124 alae
798 3058 918 3124 uni
935 3106 953 3134 ‚
980 3063 1044 3123 et
1069 3077 1185 3123 sex
1210 3059 1329 3124 alae
1356 3058 1570 3137 alteri,
1599 3082 1631 3120 ι)
1671 3059 2055 3142 significant.

732 3175 832 3234 10.
887 3167 1229 3250 Proecipita
1244 3213 1266 3245 ,
1312 3167 1581 3234 Domine
1597 3216 1615 3249 ,
1668 3167 1893 3234 divide
1930 3168 2193 3252 linquas

539 3340 622 3387 ,ω
650 3291 890 3344 eorum.
919 3274 1032 3340 Est
1059 3273 1292 3357 triplex
1324 3274 1537 3338 unitas
1551 3321 1573 3353 ,
1604 3274 1840 3339 scilicet
1866 3275 1935 3349 in
1962 3276 2146 3340 bonis
2168 3324 2186 3356 ‚

407 3353 583 3458 ...ἃ
648 3383 718 3446 in
745 3381 964 3460 mans,
1002 3381 1076 3454 ia
1103 3379 1432 3445 Trinitate.
1476 3380 1563 3446 ne
1590 3382 1799 3464 prima
1825 3382 2059 3448 dicitur
2093 3384 2116 3418 ⁷
2170 3404 2188 3448 ι

657 3513 687 3551 α
716 3489 874 3555 Ecce
900 3507 1102 3572 quam
1137 3489 1383 3552 bonum
1409 3491 1473 3552 et
1498 3506 1696 3571 quam
1713 3490 2081 3572 jucundum
2110 3512 2181 3568 μ»

647 3599 725 3664 de
751 3597 1027 3663 secunda
1050 3602 1076 3636 ⁸
1106 3615 1124 3658 z
1165 3617 1198 3657 α
1222 3594 1673 3661 Convenerunt
1713 3596 1783 3661 in
1820 3616 2026 3663 unum
2074 3598 2186 3663 ad-

646 3722 871 3770 versus
891 3704 1236 3769 Dominum
1258 3724 1276 3783 ;
1300 3726 1331 3764 ι)
1366 3703 1445 3768 de
1470 3704 1660 3769 tertia
1690 3725 1706 3769 t
1732 3726 1763 3765 α
1777 3703 1852 3769 In
1878 3704 2189 3771 Trinitate

645 3815 985 3878 veneretur
1010 3811 1228 3877 unitas
1246 3857 1269 3889 ,
1299 3810 1458 3875 etin
1484 3810 1725 3877 unitate
1751 3811 2049 3877 Trinitas.
2076 3834 2109 3872 n

724 3923 823 3984 12.
857 3921 940 3987 Et
963 3935 1095 3987 non
1122 3919 1391 4001 detecit.
1425 3917 1538 3983 Ille
1565 3919 1679 4002 qui
1718 3920 1827 3985 bic
1858 3919 2145 4004 loquitur
2163 3969 2184 4002 ,

642 4033 859 4113 peccat
902 4027 974 4092 in
1015 4028 1266 4092 occulto
1285 4075 1306 4108 ,
1353 4045 1436 4092 ex
1480 4027 1887 4094 simulatione
1904 4075 1922 4106 ‚
1962 4030 2136 4094 unde
2164 4052 2181 4095 z

642 4136 866 4214 Dola-33
887 4135 958 4198 in
972 4134 1485 4199 manifestatione
1508 4133 1582 4218 (e)
1597 4181 1620 4214 ,
1640 4152 1724 4199 ex
1739 4134 2184 4216 obstinatione,

641 4244 813 4310 unde
840 4262 858 4308 ε
878 4245 973 4309 De
981 4243 1246 4326 platei33
1278 4242 1701 4320 abundanter,
1712 4243 1911 4309 unde:
1939 4244 2180 4325 Usura;

1694 447 2110 516 Exposl‘rlo
2155 446 2239 514 IN
2282 446 2813 516 PSALTERmm.

2311 583 2700 669 Quandoque
2735 586 3376 669 perdamnationem,
3404 584 3576 652 unde
3599 584 3724 650 hoc
3751 583 3795 625 ⁸⁸
3825 602 3844 644 t

2319 714 2350 752 α
2368 690 2483 771 Ite,
2514 691 2854 774 maledicti,
2886 695 2956 759 in
2980 694 3201 777 ignem
3220 697 3560 760 aeternum.
3584 713 3617 751 ι
3644 691 3854 770 Quan-

2310 797 2519 881 doque
2536 817 2651 882 per
2673 801 3087 885 opprobrium
3112 806 3176 867 et
3201 801 3553 881 infamiam,
3579 799 3752 865 unde
3780 798 3853 862 in

2309 903 2457 986 lege
2482 906 2974 974 maledicebatur
2999 908 3232 974 sterilis
3251 957 3270 987 ‚
3303 927 3453 993 quae
3491 919 3626 972 non
3648 906 3847 970 relin-

2308 1015 2545 1096 quebat
2570 1034 2786 1081 semen
2812 1037 3004 1101 super
3025 1022 3287 1084 terram.
3320 1018 3714 1101 Quandoque
3734 1019 3865 1098 per'

2309 1120 2705 1205 opinionem,
2725 1125 2898 1190 unde
2922 1124 3206 1191 Christus
3221 1126 3453 1191 dicitur
3474 1123 3853 1189 maledictus

2307 1231 2664 1296 secundum
2738 1233 3103 1317 opinionem
3132 1283 3154 1315 ,
3226 1234 3381 1318 quia
3431 1232 3732 1316 pependit
3779 1232 3853 1295 in

2306 1336 2491 1419 ligno
2542 1360 2558 1403 t
2608 1359 2762 1405 nam
2811 1342 3141 1408 dicebatur
3168 1344 3214 1380 ¹²
3249 1340 3649 1422 maledictus,
3698 1338 3855 1423 qui-

2308 1464 2590 1531 cumque
2620 1449 3018 1532 pependisset
3060 1449 3130 1514 in
3165 1450 3372 1531 ligno.
3414 1447 3622 1515 Nota:
3654 1447 3849 1513 Male·

2306 1553 2577 1635 dictum,
2610 1555 2794 1638 quasi
2818 1556 2989 1622 malo
3017 1556 3362 1621 addictum.

2394 1667 2489 1726 14.
2530 1665 2624 1729 Tu
2641 1679 2788 1730 vero
2807 1712 2824 1742 ‚
2853 1664 3058 1732 homo.
3090 1663 3509 1729 Altitudinem
3533 1661 3849 1746 peccantis

2307 1770 2619 1848 ostendit,
2667 1776 2742 1835 ut
2791 1770 3007 1853 magis
3064 1788 3264 1836 reum·
3306 1769 3597 1835 ostendat
3634 1791 3650 1834 ε
3695 1787 3847 1834 nam

2309 1881 2547 1961 quanto
2573 1878 2819 1960 gradus
2843 1878 3052 1959 altior,
3079 1881 3256 1942 tanto
3273 1876 3467 1942 etiam
3489 1894 3673 1943 casus
3698 1894 3851 1959 gra-

2307 1986 2473 2050 vior.
2500 1983 2890 2066 Dignitatem
2918 1984 3194 2050 ostendit
3219 2002 3335 2068 per
3356 1988 3688 2065 naturam,
3720 2003 3845 2050 un·

2307 2091 2385 2157 de
2408 2114 2423 2157 :
2447 2094 2681 2171 Hom03
2712 2111 2828 2176 per
2848 2091 3338 2172 fideiunitatem‚
3354 2091 3562 2157 unde:
3604 2091 3847 2159 Unani-

2306 2203 2466 2278 mi33
2500 2218 2612 2284 per
2651 2203 3064 2283 potestatem,
3108 2198 3284 2263 unde
3317 2220 3336 2264 t
3368 2182 3776 2281 Duoemeuae
3806 2219 3850 2265 a

2305 2306 2767 2385 familiaritate,
2794 2306 2965 2371 unde
2998 2328 3013 2371 ε
3044 2306 3249 2374 Notus
3277 2322 3490 2382 meus;
3518 2324 3559 2371 a
3586 2324 3848 2372 conver-

2306 2416 2571 2495 satione,
2601 2414 2773 2479 unde
2797 2413 2906 2479 hic
2938 2415 3023 2497 (v.
3055 2415 3151 2497 15)
3187 2432 3206 2478 ι
3236 2414 3368 2496 Qui
3388 2414 3586 2480 simul
3606 2430 3847 2481 ”tecum

2303 2521 2519 2590 dulces
2545 2522 2843 2609 capiebas
2881 2523 3069 2590 cibos.
3103 2521 3215 2587 Est
3258 2521 3437 2587 cibus
3481 2540 3739 2587 amarus
3781 2526 3847 2587 et

2303 2625 2502 2709 utilis,
2534 2630 2772 2696 scilicet
2795 2630 3212 2714 poenitentiae,
3242 2630 3413 2695 unde
3433 2629 3556 2695 boe
3581 2630 3627 2668 ¹³
3657 2651 3673 2695 z
3712 2629 3845 2696 «Gi-

2304 2755 2526 2801 nerem
2552 2741 2860 2821 tanquam
2890 2755 3123 2820 panem
3157 2736 3646 2801 manducabam.
3667 2758 3699 2797 n
3733 2736 3865 2804 Est.

2303 2843 2483 2908 cibus
2510 2844 2723 2909 malus
2742 2849 2805 2909 et
2832 2843 3032 2909 dulcis
3049 2891 3066 2922 ,
3093 2844 3530 2926 fermentatus,
3561 2843 3845 2909 doctrina

2302 2950 2789 3031 haereticorum,
2837 2951 3011 3016 unde
3050 2945 3175 3016 hoc
3207 2972 3222 3015 :
3261 2974 3292 3013 α
3318 2949 3515 3015 Labia
3562 2950 3844 3016 meretri-

2302 3077 2453 3123 cum
2490 3058 2730 3124 stillant
2769 3057 2898 3123 mel
2941 3059 3049 3142 (9).
3083 3079 3116 3118 ι
3163 3057 3276 3124 Est
3312 3057 3494 3123 cibus
3540 3058 3747 3123 bonus
3779 3060 3844 3122 et

2300 3167 2503 3231 dulcis
2529 3166 2815 3232 doctrina
2839 3156 3333 3250 praedicatorum
3361 3214 3380 3247 ‚
3409 3166 3523 3249 qui
3547 3166 3841 3250 quando-

2301 3292 2427 3357 que
2457 3279 2553 3338 est
2578 3274 2816 3340 solidus
2837 3323 2853 3355 ,
2898 3275 3288 3359 quandoque
3312 3274 3594 3359 liquidus
3610 3323 3631 3356 ,
3672 3274 3844 3341 unde

2300 3383 2483 3448 hoc¹‘
2514 3404 2530 3447 ε
2570 3406 2602 3445 α
2629 3382 2753 3448 Lac
2780 3387 3005 3466 potum
3038 3382 3118 3466 (Ιι)
3152 3382 3296 3447 dedi
3323 3382 3527 3462 vobis,
3573 3401 3706 3450 non
3736 3401 3841 3448 es·-

2299 3507 2476 3568 cam3
2506 3493 2571 3555 et
2590 3488 2710 3555 hoc
2738 3491 2784 3532 ¹⁸
2816 3513 2832 3555 z
2875 3514 2906 3552 (ι
2932 3489 3174 3558 Parasti
3218 3490 3291 3555 in
3330 3494 3671 3574 conspectu
3698 3509 3842 3556 meo

2300 3615 2611 3663 mensam.
2643 3621 2675 3659 n
2722 3600 2831 3663 Est
2877 3598 3057 3663 cibus
3109 3597 3353 3663 bonum
3397 3617 3558 3683 opus
3602 3647 3621 3677 ‚
3669 3598 3840 3664 unde

2297 3703 2421 3770 hoc
2444 3704 2490 3742 ¹⁸
2521 3727 2536 3769 ε
2579 3728 2609 3768 α
2628 3705 2808 3770 Meus
2833 3705 3015 3771 cibus
3038 3709 3156 3783 est,
3186 3708 3264 3770 ut
3288 3705 3517 3771 faciam
3540 3706 3838 3773 volunta-

2295 3817 2426 3877 tem
2453 3812 2652 3896 patris
2677 3814 2827 3878 mei.
2858 3834 2890 3873 n
2927 3812 3038 3877 Est
3065 3812 3248 3877 cibus
3272 3813 3639 3897 praedicatio
3661 3813 3840 3881 Chri-

2294 3919 2399 3997 sti,
2425 3921 2596 3985 unde
2621 3920 2746 3985 hoc
2770 3921 2815 3956 ¹⁸¹
2848 3941 2864 3984 :
2900 3943 2933 3982 ι
2958 3919 3102 4001 Ego
3128 3919 3337 3986 babeo
3364 3921 3615 4002 cibum,
3643 3918 3839 4005 quem

2296 4044 2411 4092 vos
2434 4027 2711 4092 nescitis.
2741 4049 2772 4088 n
2808 4027 2918 4093 Est
2943 4026 3122 4121 cibus
3152 4025 3640 4105 Sacramentum
3678 4028 3834 4093 alta-

2293 4133 2407 4215 ris,
2439 4133 2611 4199 unde
2622 4133 2749 4201 hoc
2771 4134 2856 4201 ¹⁸:
2886 4157 2918 4196 α
2946 4135 3104 4201 Caro
3117 4153 3265 4201 mea
3289 4154 3441 4202 vere
3469 4139 3567 4202 est
3591 4136 3828 4203 cibus.»

2293 4239 2405 4306 Est
2429 4241 2609 4306 cibus
2655 4242 3026 4307 aeternitatis
3048 4290 3069 4323 ,
3107 4241 3343 4308 scilicet
3380 4242 3516 4309 vita
3553 4247 3796 4309 aeterna
3813 4290 3832 4323 ‚

3900 2608 4045 2654 multi-

3900 2673 4016 2728 plex-

2292 4348 2465 4414 unde
2492 4349 2617 4414 hoc
2631 4349 2709 4414 ¹⁹:
2748 4372 2780 4411 α
2795 4347 3111 4428 satiabor,
3127 4367 3279 4415 cum
3302 4351 3672 4434 apparuerit
3700 4350 3836 4433 glo-

2291 4456 2390 4520 ria
2414 4460 2549 4522 tua.
2582 4479 2614 4518 n
2650 4455 2885 4521 Tribus
2933 4456 3138 4522 modis
3183 4457 3351 4524 Deus
3394 4476 3508 4523 cor
3556 4458 3837 4525 hominis
3888 4485 3976 4529 cm
3998 4484 4063 4525 ho·

2291 4564 2533 4630 emollit
2562 4586 2579 4628 ι
2618 4582 2733 4648 per
2762 4565 3247 4648 inspirationem
3270 4612 3289 4645 ‚
3332 4564 3570 4632 bonam
3601 4566 3830 4633 volun·
3876 4547 4049 4665 ffi.

2289 4674 2488 4737 tatem
2522 4672 2826 4752 creand03
2871 4663 2985 4755 per
3012 4671 3461 4756 aspirationem
3474 4722 3492 4754 ‚
3541 4674 3832 4739 excitan-
3858 4672 4062 4780 Ἤ

2289 4781 2408 4862 do;
2435 4800 2550 4865 per
2575 4781 2967 4847 occasionem
2984 4829 3006 4861 ,
3033 4782 3269 4847 bonam
3290 4783 3466 4849 viam
3487 4783 3832 4866 aperiendo
3857 4798 3948 4843 tur.

2289 4887 2371 4953 ad
2416 4890 2887 4972 perfectionem.
2934 4887 3055 4954 Per
3095 4889 3575 4973 inspirationem
3614 4890 3827 4974 ponit;

2349 5016 2422 5081 (ιι)
2456 5013 2605 5080 Vulq.
2626 5015 2887 5079 profectus
2909 5019 3070 5067 est.-
3098 5014 3169 5082 (b)
3193 5017 3320 5068 caat.
3345 5015 3467 5067 edit.
3496 5028 3604 5066 non
3635 5014 3833 5066 babent

2289 5088 2342 5138 in
2370 5100 2447 5138 me
2478 5088 2789 5151 iniquitates.
2816 5114 2879 5126 —
2916 5088 2982 5152 (c)
3015 5088 3139 5153 Leqe
3174 5088 3464 5140 manifesto.
3491 5114 3556 5125 —
3597 5088 3676 5151 (d)
3707 5090 3832 5139 caet.

2289 5158 2411 5210 edit.
2440 5172 2548 5209 non
2581 5158 2775 5211 habent
2811 5160 2870 5211 si
2894 5160 3128 5210 t'm'mt’cus
3154 5175 3292 5211 meus
3315 5159 3660 5211 maledixisset
3681 5159 3828 5224 mihi,

2287 5235 2342 5282 et
2366 5230 2593 5297 glossam
2619 5231 2675 5282 in
2699 5232 2839 5284 hunc
2865 5232 3039 5284 locum
3058 5232 3290 5284 referunt
3306 5232 3376 5283 ad
3394 5232 3530 5285 Psal.
3560 5244 3745 5284 xxxxx.
3764 5257 3829 5272 -

2290 5301 2358 5366 (e)
2399 5303 2516 5368 Leq.
2549 5303 2901 5356 assertionem.
2921 5331 2985 5342 -
3006 5305 3072 5370 (s)
3128 5304 3253 5355 Goet.
3302 5302 3425 5353 edit.
3470 5301 3740 5368 maledicti.
3766 5329 3830 5341 —

2287 5374 2363 5437 (9)
2384 5374 2506 5424 eat.
2541 5373 2664 5425 edit.
2700 5375 3021 5427 moerentium
3041 5373 3214 5426 stillat.
3267 5373 3415 5439 Vulq.
3462 5375 3630 5425 Favus
3674 5374 3831 5426 distil-

2287 5446 2427 5510 lans,
2456 5446 2592 5498 labia
2617 5447 2922 5500 meretricis.
2949 5472 3013 5486 -
3037 5446 3103 5511 (Ιι)
3126 5447 3250 5497 Goet.
3277 5444 3402 5496 edit.
3432 5450 3575 5511 potu.

642 4355 1147 4437 perseveranter,
1179 4350 1353 4416 unde
1382 4372 1399 4414 ε
1429 4350 1575 4419 Non
1605 4350 1858 4431 defecit.

723 4466 823 4528 13.
884 4460 959 4528 Si
1003 4460 1318 4527 inimicus
1369 4457 1815 4526 maledixisset
1867 4460 2036 4527 mihi
2067 4460 2179 4544 (d).

399 4614 612 4664 Mnedio-
644 4569 840 4636 Nota:
869 4567 1220 4634 Maledictio
1246 4567 1321 4630 flt
1345 4583 1463 4648 per
1486 4565 2035 4650 imprecationem,
2063 4587 2184 4633 un-

398 4680 461 4722 “0
508 4681 617 4732 ‘¹⁰⁰‘
642 4680 721 4745 de
736 4677 893 4743 boc·
918 4700 934 4743 ε
961 4700 993 4739 α
1009 4673 1391 4765 Benedicite,
1419 4676 1484 4737 et
1500 4673 1699 4739 nolite
1725 4674 2119 4741 maledicere.
2141 4698 2173 4737 n

433 4741 579 4782 modis

466 4806 560 4850 aa.
644 4785 1034 4868 Quandoque
1056 4800 1172 4867 per
1197 4780 1534 4846 elationem
1555 4781 1655 4864 (e),
1686 4781 1855 4847 unde
1912 4782 2035 4848 boc
2061 4784 2109 4824 ¹⁰
2159 4804 2177 4849 ε

650 4921 680 4957 α
695 4893 977 4960 Maledici
1000 4893 1072 4976 (Π
1092 4909 1370 4974 regnum
1399 4888 1510 4954 Dei
1535 4908 1666 4954 non
1690 4890 2123 4972 possidebunt.
2141 4917 2172 4955 υ

706 5024 722 5056 ¹
750 5021 916 5081 loun„
950 5030 1019 5081 xv,
1050 5019 1129 5068 35.
1156 5042 1222 5055 --
1243 5016 1262 5047 ²
1283 5015 1422 5074 Lac„
1451 5027 1537 5078 κν,
1569 5016 1647 5066 13.
1669 5042 1731 5053 -
1759 5016 1782 5052 ⁸
1806 5015 1946 5068 Psal.
1972 5030 2101 5082 xvn,
2131 5024 2180 5070 1.

638 5119 698 5132 -
727 5092 750 5128 δ
785 5091 922 5142 Psal.
956 5102 1043 5154 xv,
1079 5092 1127 5141 8.
1154 5115 1218 5126 -
1245 5088 1264 5118 ⁵
1290 5086 1429 5136 Psal.
1455 5098 1709 5147 cxxxvm,
1740 5090 1790 5138 9.
1817 5113 1878 5125 —
1911 5090 1932 5120 ⁸
1955 5089 2077 5155 Iso„
2108 5103 2178 5155 vi,

641 5171 690 5214 22.
716 5190 777 5202 -
815 5164 832 5193 '¹
858 5162 997 5213 Psal.
1035 5172 1244 5223 cxxxii,
1280 5163 1327 5208 1.
1363 5183 1426 5195 -
1462 5158 1481 5187 ⁸
1508 5157 1648 5208 Psal.
1688 5170 1759 5223 11,
1796 5162 1845 5209 2.
1872 5186 1934 5199 —
1970 5164 1989 5193 ⁹
2021 5161 2176 5224 Rom„

638 5247 737 5301 ιη,
765 5237 843 5285 14.
871 5260 935 5274 -
964 5234 1002 5269 ¹⁸
1032 5234 1049 5282 Ι
1080 5231 1218 5295 Gor„
1245 5242 1321 5295 v1,
1357 5233 1434 5280 1ο.
1458 5255 1525 5269 -
1553 5229 1597 5265 ¹¹
1619 5230 1830 5295 March„
1858 5243 1981 5296 xxv,
2009 5236 2087 5284 41.
2116 5258 2180 5272 —-

641 5309 680 5342 ¹⁸
707 5307 871 5367 Dent„
908 5316 1022 5366 ιιι,
1048 5306 1144 5368 233
1174 5301 1313 5366 Gal„
1343 5313 1436 5365 111,
1463 5303 1540 5352 lo.
1567 5327 1631 5341 -
1664 5302 1702 5332 ¹³
1731 5302 1871 5354 Psal.
1903 5316 1974 5368 cr,
2007 5308 2088 5355 10.
2117 5328 2178 5342 -

643 5380 683 5414 ¹⁸
709 5380 724 5429 1
755 5378 893 5437 Cor..
926 5387 1004 5438 ιιι,
1033 5379 1081 5426 2.
1107 5400 1171 5412 —
1203 5375 1237 5406 ¹⁵
1262 5370 1399 5422 Psal.
1428 5383 1561 5436 1¹11,
1584 5375 1632 5423 5.
1655 5398 1717 5412 -
1747 5374 1784 5404 ¹⁶
1806 5376 1971 5439 laam,
1998 5386 2069 5438 w,
2096 5377 2185 5427 34..

641 5478 696 5488 -
732 5449 773 5486 ¹²
806 5448 956 5510 ibid„
983 5450 1061 5501 32.
1081 5473 1145 5485 —
1177 5444 1217 5480 ¹⁸
1247 5442 1395 5507 ibid„
1425 5455 1498 5507 vl,
1526 5449 1606 5496 55.
1629 5468 1692 5483 —
1727 5446 1762 5481 ⁸⁰
1787 5446 1927 5497 Psal.
1954 5456 2068 5509 xvx,
2095 5449 2173 5496 15.
