4196 6294
687 441 805 502 390

684 572 899 631 divina:
932 571 1236 632 memoriae
1275 570 1647 629 attitulatum.
1678 570 1758 625 De
1796 566 2063 626 secundo
2088 567 2230 625 scri-

681 665 907 733 biturff:
945 686 975 720 α
1001 664 1286 724 Dominus
1311 664 1375 722 in
1395 664 1532 723 loco
1560 663 1763 720 sancto
1786 678 1927 720 suo:
1953 682 1981 716 n
2006 666 2064 719 et
2089 677 2232 736 pro·

684 760 971 819 euldubio
999 759 1060 817 in
1097 759 1375 817 hocloco
1403 757 1632 815 habitat
1665 755 1767 814 ille
1795 755 2234 815 sacramentali-

682 860 789 928 ter,
819 856 881 913 in
912 871 1035 930 quo
1063 854 1373 928 plenitudo
1413 851 1733 910 divinitatis
1767 851 1996 909 habitat
2020 866 2233 925 corpo-

681 951 921 1009 raliter:
964 966 1099 1008 ecce
1143 950 1345 1008 locum
1380 950 1746 1005 sacramento
1789 944 2090 1003 dominico
2132 945 2233 1002 de-

682 1047 974 1119 putatum.
1009 1047 1086 1103 De
1114 1043 1282 1102 tertio
1300 1040 1353 1098 ³:
1380 1060 1408 1095 α
1434 1043 1622 1111 Quam
1649 1039 1927 1097 terribilis
1955 1043 2040 1097 est
2063 1038 2233 1097 locus

683 1140 833 1197 iste!
864 1160 893 1194 ιο
930 1138 1148 1212 inquit;
1185 1158 1213 1189 «
1240 1151 1364 1194 non
1393 1138 1479 1193 est
1516 1133 1614 1191 hic
1643 1132 1838 1205 aliud,
1878 1132 1990 1190 nisi
2018 1133 2235 1191 domus

685 1234 807 1302 Dei,
836 1235 895 1291 et
924 1237 1096 1306 porta
1129 1230 1264 1288 coeli
1281 1250 1299 1303 3
1319 1251 1347 1285 n
1371 1233 1428 1287 et
1444 1228 1710 1304 loquitur
1735 1226 1917 1285 Jacob
1935 1226 2169 1285 deloco
2194 1242 2234 1283 a

686 1326 902 1384 coelesti
950 1326 1183 1398 agmine
1228 1323 1480 1381 visitato.
1531 1321 1669 1392 Quis
1709 1326 1909 1380 autem
1963 1319 2230 1387 dubitat,

686 1422 830 1496 quin
869 1420 1070 1478 divina
1102 1418 1330 1477 familia
1367 1418 1569 1476 locum
1595 1415 1817 1489 visitet,
1856 1416 1918 1474 in
1952 1432 2074 1491 quo
2112 1421 2229 1476 Do-

684 1515 878 1574 minus
906 1514 1174 1573 habitat?

1172 1674 1458 1729 Articulus
1495 1675 1744 1742 quartus.

753 1800 1034 1868 Quartum
1064 1797 1434 1869 subnotatur,
1470 1813 1605 1854 cum
1642 1795 1946 1853 subditur:
1986 1799 2233 1867 Pereqri-

681 1895 926 1949 nationis
950 1908 1108 1949 meoe:
1128 1892 1238 1949 ista
1263 1889 1657 1965 peregrinatio
1688 1893 1774 1947 est
1795 1890 2095 1947 viatorum
2122 1888 2232 1946 fes-

685 1986 911 2056 tinatio,
933 1985 1037 2060 qui
1058 1985 1264 2059 spiritu
1286 1984 1682 2053 ambulantes,
1713 1987 1769 2042 et
1797 1997 2035 2040 crucem
2060 1998 2233 2040 suam

686 2077 953 2152 quotidie
998 2077 1366 2151 bajulantes,
1409 2078 1859 2153 peregrinantur
1904 2077 1979 2134 de
2022 2076 2120 2134 die
2170 2075 2234 2133 in

689 2171 877 2244 diem,
914 2171 1248 2230 festinantes
1285 2172 1517 2244 ingredi
1545 2171 1610 2230 in
1646 2171 1811 2229 illam
1845 2170 2136 2245 requiem.
2167 2173 2235 2227 Et

686 2269 849 2337 nota,
880 2266 1044 2340 quod
1074 2268 1161 2323 est
1187 2265 1581 2340 peregrinatio
1607 2265 1925 2340 tripartita:
1956 2264 2235 2339 quoedam

687 2358 1191 2433 improperabilis;
1233 2359 1510 2433 quaedam
1544 2358 1898 2416 miserabilis
1908 2376 1926 2430 ;
1958 2359 2236 2433 quaedam

686 2452 1063 2511 venerabilia.
1094 2452 1287 2510 Prima
1306 2456 1392 2510 est
1416 2453 1491 2510 de
1517 2451 1775 2526 hospitio
1795 2451 1857 2509 in
1877 2452 2200 2527 hospitium
2212 2472 2231 2525 3

687 2546 968 2617 secunda,
1000 2545 1076 2604 de
1103 2545 1248 2604 vitio
1273 2547 1336 2603 in
1364 2546 1752 2620 supplicium;
1781 2546 1970 2618 tertia,
2002 2547 2077 2603 de
2115 2562 2236 2605 me·

685 2642 798 2700 rito
827 2641 907 2698 ad
933 2640 1261 2714 praemium.
1304 2643 1383 2697 De
1408 2640 1604 2714 primo
1632 2641 1695 2697 ⁸:
1736 2660 1765 2695 α
1796 2640 2101 2698 Minimum
2123 2657 2233 2716 pro

686 2750 908 2807 magno
930 2735 1161 2809 placeat
1190 2733 1318 2806 tibi,
1351 2736 1407 2791 et
1432 2733 1861 2809 improperium
1887 2735 2233 2810 peregrina-

688 2828 863 2887 tionis
894 2844 1019 2885 non
1049 2828 1257 2886 audies
1288 2847 1303 2885 :
1331 2828 1452 2886 vita
1484 2843 1747 2902 nequam
1780 2828 2122 2903 hospitandi
2161 2829 2236 2887 de

689 2922 873 2981 domo
916 2922 979 2979 in
1018 2921 1313 2981 domum:
1356 2943 1385 2976 ι)
1420 2937 1555 2979 ecce
1591 2920 1987 2995 peregrinatio
2017 2922 2236 2997 impro-

688 3016 989 3091 perabilis.
1021 3019 1099 3074 De
1127 3015 1392 3074 secundo
1412 3016 1463 3073 ⁴:
1490 3034 1519 3069 α
1545 3017 1674 3074 Non
1702 3020 2096 3074 exoraverunt
2122 3033 2234 3091 pro

688 3111 942 3185 peccatis
968 3110 1089 3170 suis
1115 3110 1342 3186 antiqui
1364 3109 1653 3185 gigantes,
1677 3109 1782 3185 qui
1801 3108 2078 3168 destructi
2102 3116 2240 3170 sunt

691 3205 1052 3264 confidentes
1082 3222 1201 3263 suae
1237 3204 1467 3277 virtuti,
1511 3208 1567 3263 et
1603 3219 1727 3261 non
1763 3205 2027 3278 pepercit
2063 3220 2236 3279 pere-

692 3299 1007 3371 grinationi
1034 3299 1314 3358 illorum:
1345 3319 1372 3354 n
1408 3316 1540 3358 ecce
1568 3299 1963 3373 peregrinatio
1991 3300 2236 3359 misera-

693 3394 847 3451 bilis.
891 3396 972 3451 De
1018 3393 1187 3451 tertio
1212 3393 1272 3450 ⁸:
1314 3413 1343 3446 α
1384 3393 1697 3453 ordinatus
1733 3397 1820 3452 est
1856 3395 1932 3452 ab
1974 3395 2238 3453 ecclesiis

694 3504 893 3568 comes
918 3487 1405 3562 peregrinationis
1431 3491 1642 3546 nostrae
1669 3487 1733 3546 in
1767 3489 1924 3547 hanc
1951 3489 2234 3563 gratiam,

695 3595 837 3656 quse*
853 3581 1215 3641 ministratur
1240 3598 1277 3640 a
1303 3581 1479 3640 nobis
1503 3582 1585 3640 ad
1609 3582 1709 3640 Dei
1736 3582 2016 3655 gloriam:
2045 3604 2074 3639 ι)
2102 3599 2238 3641 ecce

696 3676 1087 3750 peregrinatio
1114 3675 1491 3735 venerabilis.

1336 3838 1597 3904 Epilogus.

771 3935 974 4039 Liq⁵uet
1011 3964 1188 4037 igitur
1207 3980 1328 4022 vox
1352 3965 1673 4038 Prophetae,
1693 3966 1790 4022 vel
1813 3965 2241 4039 compatientis,

701 4062 759 4117 et
797 4059 1117 4116 fraternam
1151 4057 1390 4115 veniam
1430 4057 1801 4132 implorantis
1834 4073 2129 4132 personae,
2159 4058 2242 4116 sic

701 4151 996 4226 loquentis
1022 4150 1368 4226 prophetico
1398 4166 1538 4209 ore:
1578 4152 1883 4211 cantabiles
1912 4151 2052 4207 mihi
2086 4157 2242 4210 erant

693 4248 1108 4326 justificationes
1137 4249 1269 4316 tuae,
1300 4248 1591 4319 quantum
1618 4244 1698 4303 ad
1726 4244 2089 4319 implorandi
2117 4263 2244 4306 mo-

705 4339 878 4412 dum,
921 4332 1102 4414 quem
1146 4339 1315 4397 decet
1351 4338 1714 4410 modulati03
1753 4340 1923 4412 Mihi,
1956 4345 2246 4413 quantum

705 4435 783 4492 ad
809 4433 1180 4508 implorantis
1205 4435 1457 4506 motum,
1486 4432 1581 4490 cui
1609 4433 1882 4492 convenit
1903 4434 2213 4508 opitulatio
2222 4454 2244 4502 .-

704 4532 769 4585 In
815 4532 954 4596 loco,
1003 4532 1292 4602 quantum
1337 4527 1418 4585 ad
1469 4526 1831 4600 implorandi
1874 4528 2105 4601 locum,
2151 4530 2245 4586 cui

707 4623 974 4696 congruit
998 4621 1333 4695 veneratio,
1370 4623 1828 4694 peregrinationis
1858 4638 2013 4693 meae,
2052 4639 2244 4698 quan-

706 4722 831 4774 tum
875 4717 952 4775 ad
988 4715 1349 4790 implorandi
1386 4718 1654 4791 tempuS‚
1682 4715 1777 4773 cui
1804 4717 2083 4791 competit
2116 4734 2248 4793 per-

704 4812 1008 4873 severatio.

1242 4964 1575 5009 vmicuzus
1609 4966 1705 5008 vn.

779 5105 864 5157 55.
887 5104 1085 5160 Memor
1100 5101 1187 5171 tici
1203 5107 1375 5171 nocte,
1394 5101 1501 5158 etc.
1517 5100 1851 5158 Praenotatis
1864 5098 2102 5158 duobus
2115 5102 2251 5160 acti·

707 5196 820 5254 bus
862 5195 942 5253 ad
978 5194 1234 5270 proximi
1272 5194 1744 5269 compassionem
1783 5195 2213 5268 pertinentibus
2226 5240 2246 5270 ,

777 5324 795 5358 ¹
829 5321 964 5372 Psal.
1001 5334 1163 5386 van,
1200 5324 1247 5373 6.
1274 5347 1338 5360 —
1372 5321 1391 5352 ²
1420 5321 1565 5385 Gen„
1592 5331 1788 5384 xxvm,
1819 5322 1898 5371 17.
1923 5347 1989 5360 -
2018 5323 2037 5352 ³
2064 5322 2245 5389 Booti„

712 5407 859 5459 xxix,
890 5395 967 5448 3⁰.
996 5421 1057 5433 --
1083 5394 1100 5423 ⁴
1126 5391 1299 5458 Eccli.,
1334 5404 1442 5457 xvi,
1474 5393 1522 5442 9.
1553 5419 1607 5429 —
1640 5393 1658 5424 ⁸
1690 5393 1730 5443 ll
1763 5392 1898 5455 Cor„
1928 5404 2045 5459 vm,
2078 5396 2155 5447 19.
2184 5422 2245 5434 —

1724 428 2140 497 EXPOSlTIO
2185 431 2263 499 ΙΝ
2307 432 2836 503 PSALTERIUM.

2337 567 2435 626 hic
2476 572 2714 629 notatur
2758 573 2991 647 tertius,
3029 576 3233 650 utpote
3273 576 3624 635 memoratio
3657 592 3865 651 poenae,

2340 678 2524 737 quam
2550 663 2793 725 denotat
2818 683 3023 726 versus
3052 668 3158 725 iste
3191 668 3303 726 sub
3335 669 3708 743 quadruplici
3736 687 3868 729 con-

2340 756 2593 830 ditione,
2626 759 2851 819 scilicet
2887 764 2952 819 ut
2991 761 3380 833 studendam,
3406 766 3473 821 ut
3499 764 3866 839 stupendam,

2340 854 2404 907 ut
2434 852 2802 924 pavendam,
2831 859 2896 912 ut
2923 854 3287 914 cavendam:
3331 856 3626 915 studenda
3650 857 3866 929 dicitur,

2339 947 2403 1001 ut
2442 952 2816 1018 percurratur
2823 968 2842 1022 3
2891 949 3212 1023 stupenda,
3261 952 3326 1006 ut
3369 955 3740 1024 occurratur3
3777 968 3870 1026 pa-

2338 1038 2556 1110 venda,
2587 1043 2653 1098 ut
2680 1045 3080 1114 succurratur:
3113 1041 3400 1113 cavenda,
3430 1059 3506 1102 ne
3533 1043 3866 1104 incurratur.

2844 1200 3123 1257 Articulus
3157 1203 3383 1272 prim.

2410 1324 2477 1379 Ut
2502 1322 2795 1380 studenda
2816 1327 3053 1388 notatur
3078 1340 3187 1398 per
3214 1328 3568 1384 nocturnam
3593 1343 3870 1386 memora·

2339 1416 2596 1488 tionem,
2641 1416 2936 1476 dicendo:
2977 1419 3183 1476 Memor
3210 1421 3302 1489 fui
3335 1426 3520 1490 nocte,-
3546 1422 3688 1496 quia
3711 1422 3872 1479 nimi-

2338 1526 2472 1567 rum
2500 1510 2631 1568 talis
2656 1515 2850 1584 actus,
2894 1515 2952 1570 et
2978 1511 3096 1570 tale
3133 1516 3367 1588 tempus
3407 1514 3643 1574 videtur
3670 1532 3870 1573 conve-

2337 1602 2464 1661 nire
2505 1604 2894 1663 studentibus·
2930 1606 3031 1663 llic
3071 1610 3263 1680 potest
3299 1608 3522 1680 notari,
3562 1610 3728 1684 quod
3758 1626 3871 1667 nox

2339 1702 2425 1755 est
2448 1702 2682 1772 tempus
2710 1715 3044 1772 congruum
3068 1699 3338 1774 lectioni,
3366 1701 3758 1776 meditationi,
3782 1719 3870 1760 re-

2338 1789 2646 1849 velationi:
2679 1808 2937 1867 quorum
2961 1792 3223 1868 primum
3250 1799 3336 1852 est
3355 1796 3626 1854 sensuale
3640 1818 3657 1869 3
3686 1811 3875 1855 secun-

2341 1884 2487 1942 dum
2504 1886 2819 1960 rationale3
2841 1888 3075 1946 tertium
3090 1888 3505 1947 intellectuale.
3523 1892 3602 1948 De
3619 1893 3807 1966 primo
3823 1893 3869 1948 ⁸:

2347 2000 2374 2030 «
2401 1982 2639 2037 Noctem
2666 1979 2833 2037 illam
2865 1981 3034 2039 duxit
3065 1997 3172 2040 rex
3204 1982 3572 2041 insomnem:
3598 1985 3874 2059 jussitque

2341 2072 2453 2131 sibi
2493 2073 2689 2131 afferri
2725 2075 3030 2147 historiaS,
3070 2080 3127 2134 et
3165 2076 3409 2134 annales
3440 2079 3715 2151 priorum
3741 2084 3874 2137 tem-

2338 2184 2590 2242 porum:
2616 2184 2748 2242 quoe
2771 2186 2902 2226 cum
2926 2168 3030 2227 illo
3052 2174 3338 2243 praesente
3366 2170 3720 2246 legerentur,
3749 2189 3874 2232 ven-

2339 2262 2468 2318 tum
2514 2265 2598 2319 est
2641 2262 2720 2320 ad
2759 2262 2929 2319 illum
2975 2262 3221 2335 locum,
3252 2283 3282 2317 ι)
3316 2268 3465 2322 etc.:
3516 2282 3654 2325 ecce
3701 2270 3875 2326 noctis

2340 2354 2534 2413 lectio.
2568 2358 2647 2413 De
2676 2356 2941 2415 secundo
2971 2357 3246 2416 scribitur
3268 2359 3327 2417 ⁷:
3366 2379 3395 2413 α
3424 2359 3731 2420 Meditatus
3754 2378 3874 2419 sum

2341 2452 2513 2507 nocte
2541 2465 2677 2507 cum
2716 2450 2895 2508 corde
2924 2467 3058 2510 meo
3070 2471 3088 2524 ;
3119 2472 3148 2506 1>
3183 2468 3313 2510 ecce
3345 2454 3533 2513 noctis
3561 2456 3873 2514 meditatio.

2345 2545 2424 2600 De
2455 2544 2624 2602 tertio
2647 2545 2669 2580 ⁸
2690 2563 2704 2601 :
2724 2565 2751 2597 «
2772 2544 2996 2603 Danieli
3014 2544 3088 2619 (a)
3113 2547 3462 2619 mysterium
3480 2565 3586 2622 per
3598 2549 3877 2608 visionem

2341 2638 2512 2694 nocte
2540 2636 2868 2696 revelatum
2895 2642 3014 2710 est3
3038 2657 3068 2693 n
3099 2653 3232 2698 ecce
3259 2640 3448 2699 noctis
3476 2643 3778 2705 revelatio.

2819 2802 3103 2859 Articulus
3137 2803 3417 2860 secundus.

2415 2928 2482 2982 Ut
2505 2926 2824 3000 stupenda,
2855 2929 3092 2985 notatur
3119 2944 3226 3002 per
3252 2944 3495 3001 nomen,
3525 2931 3695 3004 quod
3720 2930 3881 2989 infert

2345 3017 2572 3077 miseris
2597 3019 2968 3095 passionem,
3001 3025 3059 3079 et
3080 3022 3492 3081 miserentibus
3523 3026 3878 3098 compassio-

2345 3129 2518 3183 nem,
2548 3112 2844 3174 dicendo:
2892 3118 3146 3176 Nominis
3182 3121 3297 3190 tui,
3337 3118 3504 3193 quod
3545 3123 3634 3178 est
3672 3134 3880 3179 nomen

2340 3207 2590 3281 judicis,
2629 3210 2986 3284 stupendum
3021 3213 3142 3268 tam
3178 3210 3464 3270 maleficis
3506 3229 3692 3287 quam
3717 3214 3881 3272 bene-

2343 3302 2503 3374 ficiS,
2529 3303 2645 3361 illis
2667 3307 2732 3361 ut
2758 3303 3123 3376 dolentibuS,
3149 3305 3273 3362 istis
3301 3310 3367 3362 ut
3394 3307 3877 3366 condolentibus:

2347 3411 2483 3454 ecce
2513 3396 2661 3471 quid
2689 3397 2933 3468 studuit,
2955 3403 3012 3455 et
3038 3398 3282 3456 studens
3303 3399 3542 3472 stupuit,
3565 3402 3674 3475 qui
3698 3401 3881 3475 proxi·

2347 3505 2449 3547 mo
2478 3489 2813 3561 condoluit,
2848 3491 2989 3566 quia
3016 3507 3289 3567 poenam,
3318 3508 3502 3566 quam
3528 3493 3632 3551 ille
3658 3494 3878 3552 meruit.

2348 3583 2448 3641 Hic
2473 3588 2668 3659 potest
2691 3586 2883 3643 notari
2912 3585 3069 3644 circa
3091 3602 3332 3659 nomen,
3364 3587 3532 3662 quod
3561 3594 3649 3647 est
3674 3603 3883 3647 nomen

2348 3677 2652 3749 mirabile,
2687 3679 3002 3750 horribile,
3036 3683 3094 3738 et
3133 3679 3427 3751 terribile,
3457 3681 3506 3738 si
3532 3685 3885 3740 memoretur

2351 3777 2415 3830 ut
2458 3771 2750 3844 indicans,
2802 3778 2866 3830 ut
2906 3774 3182 3846 judicans
3209 3775 3304 3846 (a),
3347 3779 3413 3832 ut
3450 3775 3774 3833 vindicans.
3813 3777 3883 3830 De

2348 3865 2545 3940 primo
2572 3867 2632 3923 ⁹:
2669 3886 2697 3919 «
2723 3870 2838 3925 Cur
2861 3868 3073 3942 quaeris
3102 3883 3325 3925 nomen
3351 3884 3585 3941 meum,
3616 3869 3780 3943 quod
3808 3871 3887 3926 est

2351 3959 2655 4018 mirabile?
2682 3983 2709 4013 »
2744 3964 2886 4019 Ecce
2913 3976 3135 4019 nomen
3160 3961 3430 4020 mirabile
3456 3967 3544 4020 :et
3570 3962 3750 4036 plane
3777 3964 3881 4020 mi-

2351 4054 2540 4112 rabile
2562 4058 2672 4124 est,
2693 4055 2979 4129 quoniam
3003 4056 3206 4113 omnia
3222 4055 3509 4128 J'udicare,
3530 4061 3587 4114 et
3605 4072 3643 4114 a
3660 4057 3885 4115 nemine

2346 4147 2602 4221 judicari
2640 4152 2850 4224 potest.
2889 4151 2966 4205 De
3008 4148 3270 4206 secundo
3302 4150 3385 4206 ¹⁰:
3423 4168 3453 4203 α
3479 4152 3603 4208 Rex
3644 4166 3886 4223 magnus

2354 4259 2487 4316 eg0,
2509 4242 2650 4300 dicit
2671 4243 2951 4300 Dominus
2975 4244 3362 4314 exercituum,
3382 4247 3439 4303 et
3456 4261 3680 4304 nomen
3696 4260 3887 4304 meum

2353 4337 2636 4397 horribile
2663 4337 2725 4395 in
2754 4337 3059 4411 gentibus,
3090 4358 3117 4393 u
3149 4338 3214 4395 id
3239 4345 3344 4412 est,
3374 4339 3666 4412 gentiliter
3692 4340 3885 4398 viven-

2354 4432 2547 4491 tibus:
2579 4449 2713 4490 ecce
2742 4448 2963 4490 nomen
2989 4431 3294 4491 horribile.
3330 4437 3404 4491 De
3433 4434 3600 4493 tertio
3623 4434 3663 4468 ¹¹
3689 4454 3704 4492 :
3726 4454 3755 4489 α
3779 4437 3885 4491 No-

2356 4543 2493 4585 men
2520 4528 2646 4601 ejus
2683 4526 3010 4600 gloriosum
3046 4531 3102 4584 et
3130 4527 3420 4600 terribile:
3453 4549 3481 4583 n
3514 4530 3657 4602 quia
3681 4529 3886 4602 glorio·

2357 4640 2488 4681 sum
2530 4622 2835 4693 virtuosis,
2885 4622 3144 4680 terribile
3197 4622 3439 4681 vitiosis
3491 4624 3654 4681 Unde
3697 4621 3887 4697 psalli-

2356 4733 2490 4775 mus
2518 4715 2597 4775 ²²²:
2632 4735 2662 4769 «
2689 4717 2965 4774 Sanctum
2994 4721 3050 4774 et
3076 4715 3338 4774 terribile
3363 4733 3586 4775 nomen
3614 4717 3757 4789 ejus,
3790 4737 3814 4770 a

2864 4879 3146 4936 Articulus
3172 4882 3386 4937 tertius.

2430 5010 2495 5063 Ut
2536 5005 2841 5080 pavenda,
2887 5007 3126 5064 notatur
3163 5021 3271 5079 per
3314 5008 3533 5063 Domini
3570 5002 3889 5079 expressio-

2360 5165 2379 5193 ⁸
2405 5161 2570 5224 Esth„
2606 5172 2678 5224 vr,
2719 5165 2764 5210 1.
2792 5186 2854 5197 —
2879 5160 2902 5195 '¹
2930 5159 3068 5210 Psal.
3107 5171 3286 5221 mxxvi,
3314 5162 3362 5209 7.
3391 5185 3453 5197 --
3486 5161 3505 5190 ·
3529 5159 3682 5221 Dan„
3715 5169 3782 5218 11,
3813 5155 3883 5205 19.

2360 5261 2419 5270 —
2449 5234 2471 5268 ⁹
2499 5233 2640 5292 Gen..
2671 5242 2852 5294 xxxii,
2877 5233 2956 5282 29.
2982 5256 3045 5268 -
3081 5231 3123 5267 ¹⁰
3144 5230 3353 5295 Malae„
3379 5244 3434 5295 1,
3465 5234 3540 5282 ¹4.
3563 5257 3626 5269 —
3661 5231 3696 5264 ¹¹
3724 5229 3884 5288 Dent„

2360 5316 2545 5367 xxvm,
2580 5306 2658 5354 58.
2689 5329 2751 5340 —
2783 5304 2821 5338 ¹²
2847 5302 2988 5352 Psal.
3020 5315 3104 5367 cx,
3137 5305 3184 5353 9.

2423 5396 2489 5460 (a)
2508 5392 2589 5445 At.
2603 5392 2865 5445 Daniel.—
2877 5391 2946 5457 (b)
2961 5391 3082 5444 Goet.
3098 5391 3218 5444 edit.
3235 5396 3290 5444 ut
3298 5392 3555 5458 judicans,
3573 5395 3631 5444 ut
3642 5389 3883 5443 indicam.
