4196 6294
467 3553 679 3597 Doctores

482 3615 670 3670 qualiter

494 3678 651 3721 docere

475 3742 678 3787 debeant.

718 463 839 525 444

715 594 865 671 quid
891 593 1331 669 superandum,
1361 593 1647 669 quoniam
1686 607 1796 667 per
1832 590 2212 666 prudentiam
2239 610 2258 665 ;

715 689 978 747 Mandata
1034 694 1162 761 tuo,
1220 688 1299 746 ad
1353 686 1763 746 denotandum
1814 688 2059 760 propter
2110 685 2262 760 quid

713 782 1150 858 superandum,
1195 781 1483 857 quoniam
1525 784 1769 855 propter
1806 778 2209 837 obedientiam
2239 798 2258 852 3

714 878 981 946 Quoniam
1015 879 1077 933 in
1104 880 1361 934 omnum
1399 876 1537 932 mihi
1560 879 1640 931 est
1655 914 1676 944 ,
1704 874 1785 932 ad
1812 873 2260 933 connotandum

712 973 922 1045 praeter
991 968 1138 1044 quid
1190 968 1592 1044 superandum
1620 1011 1639 1040 ,
1708 967 1995 1043 quoniam
2051 970 2263 1043 praeter

715 1063 1141 1138 deficientiam,
1169 1079 1277 1122 seu
1300 1060 1905 1138 imperseverantiam.

1268 1284 1604 1329 vnnsrcums
1640 1285 1723 1327 ιιι.

785 1447 873 1502 99.
913 1443 1084 1516 Super
1126 1457 1302 1499 omnes
1347 1442 1590 1498 docentes
1610 1482 1630 1513 ,
1679 1444 1787 1499 etc.
1833 1443 1940 1499 Per
1969 1440 2263 1499 charitatis

712 1536 1056 1596 ferventiam
1110 1550 1235 1594 non
1286 1534 1483 1593 solum
1543 1534 1821 1593 dilatatur
1875 1534 2262 1608 intelligentia

713 1633 1002 1705 quantum
1029 1629 1109 1688 ad
1133 1628 1463 1688 meditandi
1490 1628 1840 1702 potentiam,
1871 1633 1927 1687 et
1951 1627 2261 1703 pugnandi

714 1723 1122 1798 prudentiam,
1151 1723 1257 1780 sed
1285 1723 1462 1781 etiam
1501 1726 1792 1797 quantum
1832 1720 1912 1779 ad
1948 1721 2262 1780 erudiendi

715 1817 1175 1892 perspicaciam,
1203 1833 1338 1891 quae
1363 1815 1501 1874 facit
1535 1815 1779 1873 interius
1806 1815 2044 1874 haurire
2070 1814 2133 1872 in
2166 1816 2260 1873 in-

716 1910 1029 1969 tellectuali
1060 1910 1581 1986 contemplatione,
1610 1908 1778 1985 quod
1803 1908 2069 1967 effundat
2096 1912 2259 1967 exte-

713 2003 836 2062 rius
888 2004 952 2061 in
1005 2003 1264 2062 sensuali
1326 2003 1655 2062 eruditione
1675 2046 1696 2074 ,
1770 2002 1920 2061 sicut
1990 1995 2261 2060 decenter

713 2096 921 2156 edocet
941 2113 1148 2156 versus
1170 2097 1314 2155 iste:
1343 2097 1407 2155 in
1429 2114 1552 2172 quo
1579 2113 1896 2172 possumus
1922 2099 2129 2155 notare
2153 2112 2260 2170 per

713 2190 990 2250 ordinem
1009 2190 1372 2249 eruditorem
1389 2190 1751 2262 inferiorem,
1773 2194 1829 2249 et
1850 2190 2220 2265 superiorem
2242 2209 2258 2248 ε

712 2285 933 2343 scilicet
957 2284 1353 2359 corporalem,
1380 2288 1438 2342 et
1462 2285 1867 2360 spiritualem3
1899 2289 1955 2342 et
1981 2284 2260 2343 eruditio·

710 2396 852 2439 nem
877 2378 1251 2451 interiorem,
1278 2384 1337 2438 et
1362 2380 1714 2439 exteriorem
1742 2398 1756 2437 z
1788 2379 2064 2439 videlicet
2088 2395 2260 2437 men-

712 2473 928 2545 talem,
967 2476 1024 2532 et
1058 2473 1345 2533 vocalem.
1379 2474 1470 2531 Ait
1513 2473 1674 2531 enim
1713 2473 1978 2532 Psalmus
2027 2492 2040 2531 :
2090 2474 2262 2547 Super

712 2584 909 2639 omnes,
957 2571 1094 2637 etc„
1136 2584 1207 2625 ac
1252 2568 1301 2625 si
1346 2566 1555 2642 lingua
1599 2568 1976 2642 eloqueretur
2023 2567 2258 2626 libera:

711 2665 899 2737 Super
923 2678 1166 2721 omnem
1190 2664 1502 2722 doctorem
1529 2663 1891 2734 inferiorem,
1919 2680 2023 2722 seu
2051 2680 2263 2739 corpo-

708 2757 920 2828 ralem,
965 2756 1230 2815 intellexi
1277 2760 1331 2815 te
1377 2756 1684 2815 doctorem
1728 2757 2119 2833 superiorem,
2156 2774 2260 2817 seu

707 2849 1095 2925 spiritualem.
1126 2851 1523 2921 Quamobrem
1563 2850 1731 2925 quod
1757 2850 2085 2910 testificaris
2114 2851 2261 2909 mihi

706 2959 816 3019 per
842 2943 1177 3002 doctrinam
1196 2945 1560 3014 interiorem,
1587 2945 1712 3003 sive
1739 2945 2083 3017 mentalem,
2103 2947 2262 3004 testi-

706 3036 873 3096 ficari
907 3037 1165 3096 meditor
1189 3039 1467 3113 proximo
1495 3054 1604 3112 per
1630 3038 1965 3099 doctrinam
2003 3039 2258 3098 exterio·

708 3146 859 3206 rem,
889 3131 1015 3192 sive
1040 3131 1331 3193 vocalem.

1216 3296 1507 3354 Articulum
1535 3299 1770 3370 primus.

780 3419 869 3479 Ad
892 3418 1155 3495 primum
1193 3435 1335 3493 ergo
1368 3418 1632 3495 respicit,
1662 3420 1828 3495 quod
1857 3420 1998 3479 dicit
2040 3439 2055 3479 t
2085 3424 2260 3496 Super

709 3529 885 3571 omnes
917 3513 1156 3572 docentes
1193 3530 1293 3570 me.
1342 3515 1452 3584 Qui
1496 3518 1632 3573 sunt
1668 3514 1762 3572 isti
1797 3515 2114 3588 docentes,
2146 3516 2259 3573 nisi

708 3606 1051 3682 corporales
1099 3606 1373 3666 doctores
1391 3610 1421 3665 ἵ
1463 3608 1579 3666 Sed
1627 3608 1877 3683 qualiter
1932 3610 2210 3668 docentes
2228 3614 2259 3669 ‘3

710 3702 940 3760 Utinam
983 3700 1401 3771 laudabiliter,
1446 3704 1512 3759 ut
1550 3706 1693 3776 puta
1740 3702 2017 3761 docentes
2058 3704 2257 3763 vivere

712 3796 1053 3869 prudenter,
1098 3794 1467 3866 obedienter,
1494 3796 1810 3870 sapienter,
1850 3804 2144 3871 quantum
2178 3797 2258 3857 ad

709 3890 1006 3949 malorum
1059 3888 1518 3948 declinationem
1537 3933 1557 3962 ,
1609 3890 1911 3948 bonorum
1958 3892 2256 3966 operatio-

708 4000 868 4056 nem,
889 3983 1232 4042 divinorum
1251 3984 1832 4059 contemplationem.
1861 3988 1939 4043 De
1965 3985 2162 4059 primo
2195 3989 2213 4024 ¹
2240 4004 2254 4044 :

714 4098 742 4132 α
770 4082 898 4137 Νοιι
925 4077 1114 4136 multo
1143 4076 1282 4136 vino
1306 4078 1648 4149 servientes,
1676 4080 1831 4137 bene
1859 4077 2163 4152 docenteS,
2195 4084 2261 4139 ut

707 4172 1087 4247 prudentiam
1126 4172 1425 4232 doceant:
1454 4195 1482 4229 ιο
1518 4190 1654 4233 ecce
1694 4174 1966 4233 doctrina
1998 4175 2260 4249 pruden-

708 4265 802 4324 tias
831 4266 1249 4325 declinatorias.
1282 4269 1359 4324 De
1387 4267 1649 4327 secundo
1676 4272 1699 4305 ¹
1731 4286 1745 4324 ε
1780 4288 1810 4322 α
1837 4271 2120 4328 Docentes
2155 4285 2258 4328 eos

706 4375 940 4420 servare
977 4360 1183 4419 omnia
1222 4377 1615 4437 quascumque
1647 4362 1928 4421 mandavi
1975 4364 2150 4422 vobis
2180 4383 2195 4422 ε
2224 4382 2252 4419 ιι

708 4470 845 4513 ecce
891 4453 1163 4513 doctrina
1200 4453 1552 4514 obedientiae
1598 4452 1966 4530 operatorioe.
2015 4461 2091 4516 De
2146 4462 2258 4516 ter-

705 4549 789 4608 tio
821 4550 843 4587 ⁸
897 4566 912 4605 ι
947 4568 977 4602 α
1019 4551 1300 4607 Docentes
1349 4565 1593 4607 omnem
1630 4549 1938 4609 hominem
1979 4551 2042 4608 in
2090 4552 2257 4610 omni

706 4642 997 4717 sapientia
1014 4686 1033 4715 ,
1093 4645 1161 4699 ut
1217 4642 1605 4702 exhibeamus
1657 4660 1899 4702 omnem
1948 4645 2257 4704 hominem

705 4736 1031 4811 perfectum
1069 4736 1133 4793 in
1168 4739 1414 4797 Cnmsro
1445 4756 1460 4795 ε
1493 4759 1521 4794 »
1555 4753 1689 4796 ecce
1728 4736 1999 4798 doctrina
2024 4740 2257 4814 sapien-

705 4831 797 4889 tias
821 4830 1343 4905 contemplatoriae.

1175 4989 1466 5047 Articulus
1500 4991 1780 5048 secundus.

779 5114 869 5173 Ad
895 5113 1225 5173 secundum
1251 5113 1479 5189 aspicit,
1508 5115 1674 5191 quod
1704 5114 1906 5189 adjicit
1934 5134 1950 5173 ι
1977 5118 2254 5176 Intellexi.

709 5206 862 5277 Quid
889 5212 1086 5267 autem
1110 5207 1393 5267 intellexit
1414 5225 1592 5284 super
1620 5208 1927 5268 inferiores
1957 5209 2253 5283 doctoreS,

774 5333 794 5369 ¹
822 5332 937 5394 Tit„
971 5345 1027 5399 u,
1060 5337 1109 5397 3,
1145 5336 1193 5385 4.
1220 5362 1285 5373 —
1305 5335 1324 5366 ²
1350 5334 1554 5397 naeth..
1582 5348 1771 5399 xxvm,
1800 5340 1877 5388 20.
1904 5363 1966 5375 —
1993 5338 2017 5373 ⁸
2043 5336 2255 5400 coloss„

710 5413 761 5470 1,
798 5405 874 5456 28.
914 5431 967 5440 -
1011 5406 1032 5441 δ
1072 5407 1274 5470 Imm,
1310 5421 1372 5470 x,
1415 5409 1494 5457 21.
1532 5434 1595 5446 —
1629 5433 1689 5446 -
1732 5408 1754 5444 ⁸
1791 5409 1931 5474 Sap„
1977 5422 2067 5474 111,
2109 5413 2159 5461 9.
2196 5434 2257 5448 -

1764 452 2181 521 Exposl‘rlo
2226 453 2308 519 IN
2349 455 2874 523 PSALTERIUM.

2373 593 2486 651 nisi
2526 593 2895 668 superiorem
2939 593 3242 653 doctorem
3259 597 3289 652 ‘i
3345 594 3433 653 llli
3483 597 3823 671 corporales
3870 603 3927 658 et

2372 687 2682 746 sensibiles
2733 691 2904 759 sunt,
2947 691 3004 746 et
3042 687 3180 746 ideo
3234 689 3432 747 sentiri
3481 694 3732 763 possunt
3750 710 3768 762 ;
3816 692 3923 751 iste

2372 781 2689 855 spiritualis
2714 786 2772 840 et
2797 781 3206 841 intellectualis
3234 787 3350 854 est,
3381 784 3686 842 etidcirco
3714 785 3924 846 intelli-

2373 875 2433 949 gi
2460 880 2669 950 potest.
2698 877 2812 935 Sed
2846 881 3017 948 nota,
3051 877 3220 952 quod
3253 877 3334 934 ad
3360 878 3512 950 hoc,
3541 879 3710 954 quod
3736 879 3921 955 aliqui

2372 969 2644 1028 doctores
2696 970 2876 1043 hujus
2921 969 3253 1028 doctrinam
3307 969 3665 1044 intelligant,
3718 974 3918 1048 requi-

2372 1066 2582 1121 runtur
2627 1063 2738 1121 tria
2769 1082 2783 1120 z
2827 1063 3047 1123 scilicet
3088 1064 3368 1123 instantia
3388 1108 3407 1137 ,
3436 1067 3833 1137 confidentia,
3862 1072 3918 1126 et

2371 1155 2687 1215 munditia.
2728 1160 2836 1215 Per
2880 1157 3219 1216 instantiam
3255 1158 3534 1230 intratur3
3575 1177 3684 1235 per
3730 1161 3914 1218 confi-

2374 1250 2636 1309 dentiam
2691 1251 3057 1326 impetratur,
3114 1251 3281 1326 quod
3329 1253 3623 1313 munditia
3672 1253 3917 1313 illustre-

2371 1347 2467 1403 tur
2495 1344 2594 1418 (a).
2628 1347 2705 1402 De
2740 1344 2935 1418 primo
2965 1343 2987 1378 ⁸
3030 1364 3045 1402 ι
3082 1366 3112 1400 α
3150 1346 3329 1405 Stulte
3357 1351 3603 1419 egerunt
3630 1351 3918 1421 pastores,

2372 1443 2429 1496 et
2473 1439 2791 1497 Dominum
2834 1454 2959 1497 non
3012 1441 3390 1514 quaesierunt,
3437 1446 3753 1516 propterea
3792 1458 3915 1500 non

2371 1531 2820 1605 intellexerunt3
2849 1554 2877 1587 s
2906 1534 3076 1608 quasi
3108 1534 3262 1592 dicat
3293 1554 3307 1592 :
3339 1535 3515 1593 Stulte
3541 1539 3785 1608 egerunt
3811 1552 3916 1610 per

2372 1626 2674 1684 stultitiam
2734 1627 3243 1701 praesmptioniS,
3310 1633 3366 1686 et
3424 1629 3741 1686 Dominum
3793 1645 3916 1687 non

2372 1721 2729 1796 quaesierunt
2748 1736 2856 1794 per
2882 1719 3219 1778 instantiam
3247 1720 3530 1779 orationis
3553 1740 3569 1795 3
3602 1725 3916 1797 propterea

2371 1831 2495 1873 non
2527 1815 2938 1873 intellexerunt
2973 1831 3080 1890 per
3103 1815 3352 1885 gratiam
3379 1817 3909 1892 contemplationis.

2373 1913 2450 1968 De
2476 1910 2740 1968 secundo
2769 1911 2791 1946 ⁸
2824 1926 2838 1966 ι
2872 1931 2899 1964 α
2925 1910 3035 1980 Qui
3066 1909 3373 1968 confidunt
3393 1910 3456 1967 in
3483 1910 3676 1981 illum,
3705 1911 3914 1969 intelli-

2373 2010 2513 2078 gent
2537 2005 2880 2076 veritatem3
2911 2024 2938 2058 ιο
2989 2018 3059 2062 ac
3087 2003 3136 2060 si
3165 2003 3385 2062 diceret
3412 2022 3428 2063 ι
3468 2008 3574 2062 Per
3610 2005 3912 2064 confiden-

2371 2099 2515 2158 tiam
2557 2099 2960 2173 impetrabunt
3008 2097 3476 2172 intelligentiam.
3534 2102 3612 2156 De
3648 2099 3815 2158 tertio
3844 2103 3866 2136 ⁸
3898 2117 3912 2156 ι

2379 2214 2408 2248 α
2434 2195 2620 2263 Quem
2648 2191 2888 2251 docebit
2925 2192 3262 2264 scientiam,
3305 2198 3362 2252 et
3387 2208 3568 2268 quem
3594 2193 3914 2266 intelligere

2369 2288 2543 2348 faciet
2570 2287 2838 2347 auditum
2861 2290 2890 2345 ἳ
2918 2287 3243 2347 ablactatos
3288 2304 3326 2345 a
3356 2288 3509 2347 lacte
3530 2331 3550 2360 ,
3581 2289 3816 2347 avulsos
3842 2290 3909 2364 (b)

2371 2384 2450 2442 ab
2500 2381 2824 2454 uberibus3
2857 2403 2884 2434 »
2937 2385 3221 2456 tanquam
3274 2386 3542 2456 patenter
3595 2382 3912 2456 inquiens:

2370 2479 2558 2547 Quem
2586 2476 2825 2535 docebit
2861 2475 3166 2533 scientiam
3202 2492 3311 2550 per
3347 2475 3831 2550 inspirationem,
3861 2482 3917 2535 et

2371 2587 2553 2646 quem
2598 2570 2923 2644 intelligere
2960 2569 3133 2628 saciet
3171 2569 3438 2628 auditum
3467 2586 3577 2645 per
3618 2570 3914 2629 illumina-

2370 2666 2619 2733 tionem,
2644 2664 2759 2722 nisi
2787 2663 3113 2723 ablactatos
3142 2679 3180 2721 a
3206 2663 3374 2735 lacte,
3396 2663 3633 2721 avulsos
3663 2664 3738 2722 ab
3768 2665 3913 2722 ube-

2369 2759 2562 2830 ribuS,
2593 2758 2659 2815 id
2687 2760 2774 2816 est
2790 2758 3110 2832 depuratos
3130 2761 3418 2832 quantum
3443 2757 3521 2816 ad
3548 2757 3915 2817 affectionem

2369 2855 2428 2909 et
2441 2852 2753 2922 rationem,
2780 2868 2889 2926 per
2915 2851 3374 2910 delectationum
3404 2852 3469 2927 (c)
3492 2852 3912 2925 cogitationum

2370 2945 2698 3003 carnalium
2735 2945 3168 3018 separationem
3192 2947 3221 3002 ‘i
3250 2945 3405 3006 Sicut
3445 2946 3606 3003 enim
3642 2945 3736 3005 lac
3764 2945 3917 3019 sugi-

2369 3043 2463 3096 tur
2503 3038 2582 3097 ab
2610 3038 2897 3097 uberibus
2911 3079 2931 3109 ,
2959 3041 3017 3096 et
3044 3038 3128 3096 sic
3173 3038 3590 3098 delectationes
3618 3056 3654 3098 a
3691 3039 3912 3114 cogita·

2371 3131 2655 3193 tionibus.

2873 3206 3155 3263 Artis-ulus
3194 3208 3408 3263 tertius.

2440 3323 2529 3382 Ad
2568 3323 2803 3382 tertium
2854 3316 3168 3396 conspicit,
3198 3321 3368 3398 quod
3394 3322 3687 3380 connectit
3717 3340 3731 3380 ε
3775 3322 3916 3390 Quia

2369 3421 2676 3476 testimonia
2717 3423 2834 3475 tua.
2865 3419 3147 3487 Quoenam
3185 3416 3551 3488 testimonia,
3582 3416 3695 3474 nisi
3722 3431 3913 3474 secre-

2368 3518 2566 3572 torum
2631 3513 2853 3571 indicia
2877 3515 2907 3568 ‘2
2962 3512 3187 3571 Scimus
3250 3512 3393 3586 quia
3451 3512 3779 3570 testificatio
3830 3517 3918 3569 est

2367 3608 2737 3666 occultorum
2764 3606 3068 3665 indicati0.
3101 3606 3295 3679 Unde,
3326 3606 3389 3663 ni
3416 3605 3625 3677 fallor,
3652 3605 3914 3664 Psalmus

2365 3704 2542 3761 vocat
2576 3702 2641 3758 in
2683 3704 2851 3775 parte
2896 3701 3007 3759 ista
3035 3699 3239 3758 divina
3285 3700 3649 3771 testimonia,
3679 3700 3913 3758 divino—

2365 3814 2501 3857 rum
2529 3800 2891 3854 secretorum
2920 3795 3158 3854 indicia.
3190 3794 3352 3854 Talia
3388 3794 3721 3854 testimonia
3762 3795 3913 3852 testi-

2367 3890 2574 3949 ficatur
2627 3889 2717 3947 illi
2769 3890 3053 3947 Dominus
3073 3932 3092 3961 ,
3140 3889 3237 3947 cui
3284 3888 3587 3964 profunda
3638 3889 3916 3964 mysteria

2366 3984 2777 4058 interpretatur
2841 3983 3103 4041 interiuS.
3165 3983 3264 4041 Hic
3320 3984 3654 4041 notandum
3672 4026 3692 4056 ,
3749 3983 3916 4056 quod

2365 4075 2719 4152 tripartitum
2768 4076 3020 4150 legimus
3064 4077 3164 4135 Dei
3210 4076 3614 4135 testimonium
3632 4097 3649 4149 3
3702 4076 3919 4134 scilicet

2365 4187 2675 4246 magnum,
2693 4171 2906 4243 maJus,
2929 4170 3280 4229 maximum.
3300 4170 3561 4228 Primum
3578 4176 3913 4242 externum3

2366 4265 2700 4323 secundum
2752 4265 3090 4337 internum3
3149 4265 3383 4324 tertium
3437 4281 3781 4339 supernum.
3839 4268 3917 4322 De

2365 4358 2561 4434 primo
2590 4361 2613 4394 ⁷
2648 4379 2659 4412 :
2698 4379 2728 4411 α
2754 4357 2863 4428 Qui
2891 4373 2988 4415 me
3011 4357 3171 4415 misit
3194 4358 3493 4431 baptizare
3521 4358 3583 4415 in
3606 4375 3784 4433 aqua,
3815 4358 3917 4417 ille

2365 4456 2513 4513 mihi
2560 4454 2748 4512 dixit:
2797 4457 2984 4528 Super
3011 4470 3191 4528 quem
3219 4453 3441 4511 videris
3468 4454 3746 4527 Spiritum
3783 4454 3916 4511 des·

2366 4548 2756 4619 candentem,
2798 4551 2855 4605 et
2894 4551 3235 4606 manentem
3274 4565 3450 4623 super
3494 4565 3666 4622 eum,
3694 4550 3789 4609 hic
3830 4556 3917 4609 est

2367 4642 2471 4717 qui
2509 4641 2767 4715 baptizat
2805 4641 2869 4698 in
2910 4641 3125 4715 Spiritu
3163 4645 3402 4715 sancto;
3445 4646 3503 4699 et
3529 4659 3641 4716 ego
3669 4643 3828 4716 vidi,
3858 4649 3916 4703 et

2364 4736 2767 4794 testimonium
2793 4736 3092 4811 perhibui,
3124 4736 3267 4812 quia
3293 4736 3389 4793 hic
3417 4742 3502 4794 est
3526 4737 3684 4795 filius
3713 4736 3813 4794 Dei
3842 4754 3905 4793 :n

2369 4846 2504 4891 ecce
2556 4830 2956 4888 testimonium
2999 4830 3099 4888 Dei
3149 4846 3437 4902 magnum
3483 4833 3538 4888 et
3585 4835 3913 4890 externum.

2366 4927 2444 4982 De
2495 4923 2762 4982 secundo
2806 4926 2830 4961 ⁸
2870 4943 2885 4982 ι
2942 4943 2969 4978 α
3015 4924 3124 4994 Qui
3180 4924 3367 4983 credit
3417 4923 3480 4982 in
3531 4925 3743 4983 Filium
3786 4924 3916 4998 Dei,

2367 5017 2550 5077 habet
2575 5017 2976 5077 testimonium
3004 5018 3103 5077 Dei
3137 5018 3200 5078 in
3238 5036 3300 5078 se
3342 5037 3357 5078 ε
3401 5041 3429 5073 n
3476 5035 3611 5077 ecce
3652 5019 3915 5078 testimo-

2368 5113 2538 5170 nium
2569 5110 2671 5169 Dei
2698 5113 2893 5186 majus
2921 5116 2978 5171 et
3002 5112 3320 5172 internum.
3355 5116 3435 5172 De
3464 5114 3633 5173 tertio
3661 5113 3915 5188 legimus

2367 5264 2388 5293 ⁸
2433 5262 2555 5322 Iso„
2604 5272 2801 5325 xxvm,
2842 5265 2889 5312 9.
2934 5287 2989 5298 -
3029 5261 3051 5297 '¹
3091 5262 3257 5327 loen„
3302 5274 3348 5325 1,
3394 5264 3475 5315 34.
3519 5289 3582 5302 -
3627 5260 3649 5296 ⁸
3690 5263 3705 5311 l
3749 5264 3916 5325 loon„

2367 5348 2431 5448 E
2452 5340 2473 5474 1(
2473 5334 2839 5473 3.-ἕκῖιιζ1οἒ.
2864 5333 2989 5385 edit.
3017 5333 3379 5387 illustratur.—
3410 5335 3474 5400 (ὁ)
3505 5337 3628 5387 Item
3654 5335 3915 5401 appulsos.
