4196 6294
1592 465 1957 533 PSALMUS
2003 468 2265 534 cxvnl.

897 653 1227 699 melcomus
1249 654 1308 696 V.

333 897 670 957 Pmcedens
693 892 1098 970 quaternarius
1126 887 1399 959 erudivit,
1420 888 1587 962 quod
1613 888 1878 963 pronitas

332 994 597 1052 humana
622 1004 803 1048 causa
825 988 899 1044 sit
926 983 1214 1043 defectiva
1227 1004 1245 1057 3
1275 998 1533 1058 praesens
1560 982 1877 1056 quaterna-

331 1087 455 1145 rius
483 1072 694 1157 erudit,
729 1081 897 1157 quod
910 1081 1040 1154 ipsa
1053 1093 1436 1151 nequaquam
1453 1076 1528 1134 sit
1541 1076 1879 1136 defectuum

332 1180 609 1240 refectiva
636 1197 651 1236 ε
680 1177 787 1235 uhi
811 1190 1069 1249 namque
1094 1172 1361 1248 pronitas
1402 1175 1672 1255 respectu
1712 1171 1877 1242 mali,

333 1271 745 1333 ibidifficultas
771 1272 1041 1343 respectu
1067 1265 1233 1325 boni.
1256 1264 1656 1335 Quamobrem
1679 1263 1880 1323 anima

335 1369 564 1442 quanto
591 1362 917 1439 proclivior
957 1361 1037 1419 ad
1063 1361 1311 1431 malum,
1367 1363 1531 1417 tanto
1580 1358 1880 1417 difficilior

337 1465 422 1519 est
446 1459 527 1517 ad
555 1459 786 1516 bonum
802 1476 820 1529 3
851 1460 909 1515 et
934 1457 1083 1513 sicut
1109 1454 1371 1513 habebat
1420 1455 1685 1525 pronitas
1725 1469 1875 1527 qua·

279 1544 290 1556 ”
335 1557 467 1612 tuor
492 1551 892 1621 incitamenta,
931 1548 1177 1607 totidem
1223 1545 1493 1604 versibus
1541 1545 1879 1620 praeceden-

336 1646 491 1705 tibus
515 1647 862 1720 praenotata,
888 1643 973 1701 sic
1022 1642 1202 1700 habet
1255 1639 1571 1698 difficultas
1625 1642 1882 1713 quatuor

336 1739 717 1809 irritamenta,
768 1736 1015 1795 totidem
1062 1734 1332 1793 versibus
1385 1732 1881 1807 subsequentibus

338 1833 674 1902 subnotata,
713 1829 989 1888 videlicet
1039 1826 1431 1886 fabulationes
1474 1826 1762 1899 judaicas,
1788 1842 1883 1884 ca·

338 1926 669 1983 villationes
694 1923 1012 1991 haereticas,
1036 1920 1460 1979 stimulationes
1506 1919 1877 1992 extrinsecas,

342 2022 401 2077 et
425 2017 790 2076 titillationes
814 2016 1178 2074 intrinsecas,
1206 2014 1435 2071 Primus
1459 2028 1664 2070 versus
1687 2012 1763 2071 ad
1792 2012 1881 2070 fa-

222 2139 249 2168 u
270 2138 314 2167 a·
340 2111 676 2171 bulationes
693 2109 943 2185 pertinet
955 2129 974 2182 3
1006 2107 1166 2165 unde
1186 2110 1442 2181 quatuor
1455 2105 1718 2180 ipsarum
1744 2122 1884 2164 con-

341 2205 596 2264 ditiones
614 2203 893 2273 continet,
929 2201 1150 2258 scilicet
1189 2198 1704 2273 compositionem,
1747 2213 1884 2273 pro-

340 2298 713 2373 positionem,
772 2294 1263 2370 suppositionem,
1311 2296 1369 2350 et
1394 2291 1879 2366 oppositionem.

338 2392 618 2467 iniquitas
642 2390 752 2448 has
779 2387 1111 2464 componit3
1146 2386 1370 2445 falsitas
1424 2385 1705 2460 proponit
1713 2403 1733 2456 3
1780 2400 1883 2442 va-

339 2488 491 2545 nitas
517 2484 827 2560 supponit3
857 2483 964 2541 sed
991 2482 1205 2540 veritas
1240 2497 1302 2539 se
1332 2478 1599 2554 opponit.

834 2640 1120 2699 Articulus
1152 2641 1387 2712 primus.

410 2769 772 2847 Compositio
800 2768 1113 2828 denotatur
1148 2764 1233 2823 ibi
1285 2784 1299 2821 ε
1339 2767 1532 2837 Iniqui
1543 2783 1561 2836 3
1611 2762 1753 2838 quia
1796 2778 1886 2822 re·

339 2885 480 2928 vera
505 2883 629 2926 non
655 2864 1029 2925 mediocriter
1071 2860 1260 2936 iniqui
1288 2863 1442 2931 sunt,
1489 2859 1592 2932 qui
1619 2861 1741 2915 tam
1776 2857 1887 2915 ini·

341 2977 492 3037 quas
512 2958 907 3017 fabulationes
936 2955 1325 3029 componunt,
1356 2952 1575 3027 quibus
1614 2950 1886 3009 fidelium

343 3053 681 3113 affectiones
700 3051 1012 3122 delectare,
1052 3052 1109 3106 et
1148 3046 1501 3104 delectando
1558 3045 1885 3119 depravare

341 3150 684 3224 disponunt.
708 3150 773 3205 Et
798 3147 962 3216 nota,
990 3141 1158 3218 quod
1198 3140 1624 3214 compositores
1675 3138 1883 3212 hujus-

337 3243 506 3303 modi
532 3245 670 3299 sunt
712 3240 899 3313 iniqui
941 3235 1247 3310 iniquitate
1297 3233 1557 3308 triplici:
1590 3237 1714 3291 tum
1744 3233 1886 3307 quia

337 3337 650 3397 falsitatem
704 3330 1076 3402 fabricando,
1107 3334 1164 3387 et
1196 3311 1503 3386 veritatem
1550 3326 1886 3403 perdendo,

338 3429 737 3505 perditionem
763 3427 1134 3495 mercantur-3
1165 3425 1292 3480 tum
1339 3420 1483 3495 quia
1524 3418 1749 3478 Christo
1778 3418 1886 3478 ad·

337 3527 647 3582 versantur
660 3541 680 3594 3
710 3525 836 3579 tum
882 3518 1026 3594 quia
1074 3519 1281 3575 contra
1321 3514 1674 3588 sanguinem
1709 3529 1885 3572 suum

340 3617 726 3676 christianum
780 3613 1152 3673 insidiantur.
1227 3608 1421 3668 Prima
1472 3606 1751 3681 iniquitas
1800 3610 1887 3665 est

338 3715 543 3770 contra
588 3711 753 3785 ipsos
762 3727 781 3780 3
836 3706 1118 3777 secunda,
1178 3707 1382 3762 contra
1434 3704 1618 3758 Deum
1633 3719 1652 3772 3
1684 3699 1884 3773 tertia,

339 3809 544 3864 contra
568 3803 899 3879 proximos.
929 3803 1009 3858 De
1035 3799 1230 3874 primo
1259 3797 1277 3831 ¹
1311 3815 1327 3854 z
1363 3816 1391 3851 α
1418 3793 1719 3868 Numquid
1759 3809 1885 3853 non

338 3899 593 3973 perditio
622 3901 709 3957 est
733 3897 981 3971 iniquo?
1010 3914 1040 3949 ι
1069 3909 1205 3952 ecce
1253 3890 1443 3966 iniqui
1479 3888 1754 3964 perditio.
1803 3891 1881 3947 De

336 3992 624 4065 secundo,
648 3992 754 4051 ubi
771 3990 1069 4064 Scriptura
1088 3988 1229 4047 dicit
1249 3987 1362 4044 sub
1382 3982 1596 4044 Christi
1609 3982 1805 4057 figura
1820 3984 1842 4017 ²
1864 4002 1879 4041 ε

342 4103 373 4141 α
399 4086 784 4145 Adversarius
835 4100 1024 4154 mene,
1080 4074 1255 4158 quasi
1304 4080 1545 4154 iniquus
1605 4096 1619 4134 ε
1659 4098 1687 4133 »
1748 4093 1881 4137 ecce

336 4180 526 4255 iniqui
543 4179 896 4238 adversatio.
918 4180 997 4235 De
1025 4178 1191 4234 tertio
1223 4178 1246 4212 ³
1278 4193 1292 4232 ε
1340 4195 1370 4228 (ι
1394 4176 1459 4231 Ιιι
1485 4171 1714 4230 insidiis
1761 4172 1882 4229 suis

337 4274 641 4348 capientur
667 4273 858 4348 iniqui
884 4291 898 4331 ε
930 4293 958 4327 n
993 4287 1126 4329 ecce
1153 4270 1497 4344 iniquorum
1513 4268 1719 4325 contra
1746 4280 1880 4323 san-

334 4369 579 4442 guinem
602 4383 779 4428 suum
804 4364 1119 4425 insidiatio.
1154 4363 1317 4422 Unde
1364 4361 1576 4420 dicitur
1607 4362 1629 4397 ⁸
1658 4377 1673 4416 ε
1710 4377 1740 4413 ι
1768 4358 1881 4432 Ipsi

336 4465 542 4522 contra
567 4461 922 4534 sanguinem
949 4475 1125 4517 suum
1151 4455 1523 4514 insidiantur.

805 4619 1090 4676 Articulus
1125 4614 1404 4673 secundus.

408 4742 734 4819 Propositio
762 4741 1077 4800 denotatur
1108 4739 1194 4797 ibi

337 4842 496 4901 dicat
527 4859 542 4898 ε
574 4842 715 4910 Quoe
760 4837 1053 4898 malitiose
1078 4836 1557 4909 composuerant,
1585 4829 1877 4890 malitiose

336 4935 773 5011 proposuerunt
803 4950 818 4989 ε
849 4931 924 4990 de
947 4928 1110 4989 malo
1129 4927 1328 4988 cordis
1348 4928 1622 4985 thesauro
1650 4924 1879 4982 malum

334 5029 726 5103 protulerunt.
757 5030 824 5086 Et
848 5028 1020 5096 nota,
1047 5023 1213 5098 quod
1238 5024 1572 5080 narratores
1598 5017 1881 5091 hujusce-

335 5122 504 5181 modi
528 5137 654 5182 non
679 5124 1066 5180 narraverunt
1108 5113 1575 5176 misericordiam
1620 5116 1678 5171 et
1723 5112 1882 5171 veri-

337 5219 537 5288 tatem,
565 5215 672 5274 sed
698 5213 1000 5273 miseriam
1044 5217 1102 5272 et
1138 5211 1477 5280 vanitatem,
1525 5209 1582 5264 et
1624 5205 1880 5264 incredi-

403 5339 557 5402 ι101),
584 5351 731 5404 ιιιι,
761 5342 811 5390 3.
833 5338 1080 5399 -ῑΙοὸ,
1107 5349 1280 5399 xxvii,
1309 5337 1359 5385 Ἰ.
1382 5331 1683 5396 -⁸Prov.,
1717 5341 1794 5395 ιι,
1826 5333 1878 5382 6.

344 5413 642 5474 -⁴Pr0v.‚
681 5425 726 5475 ι,
760 5414 835 5462 18.
864 5408 1139 5462 -ῑΡεαΙ,
1181 5417 1427 5470 mxxxvii,
1460 5407 1533 5455 12.
1562 5429 1625 5441 -
1651 5366 1878 5465 ‘'Ecch„

1236 4757 1250 4796 ε
1282 4741 1677 4807 Narravemnt,
1708 4735 1881 4810 quasi

3409 474 3525 539 427

1981 603 2170 662 bilem
2195 603 2526 664 falsitatem.
2557 605 2751 665 Prima
2776 606 3036 666 narratio
3064 621 3243 679 sana3
3267 607 3530 667 secunda

1982 714 2141 757 vana
2158 718 2177 772 3
2206 700 2374 757 tertia
2415 703 2503 757 est
2543 699 2814 774 profana.
2859 702 2938 757 De
2978 700 3174 775 primo
3216 699 3430 759 dicitur
3454 703 3478 738 ⁸
3508 720 3524 759 t

1989 812 2017 847 α
2041 793 2343 868 Numquid
2371 794 2636 852 narrabit
2662 793 2876 868 aliquis
2897 794 2961 851 in
2989 794 3303 870 sepulchro
3347 794 3526 853 mise·

1982 885 2305 946 ricordiam
2334 892 2517 959 tuam,
2549 892 2607 945 et
2651 887 2958 945 veritatem
3009 893 3174 947 tuam
3225 888 3288 946 in
3330 889 3528 963 perdi-

1984 981 2187 1039 tione?
2214 1001 2243 1035 n
2279 981 2448 1055 quasi
2477 981 2679 1039 dicat:
2725 981 3023 1056 Numquid
3067 982 3282 1056 aliquis
3325 983 3525 1056 sepul-

1985 1074 2130 1132 chro
2150 1073 2428 1133 dealbato
2454 1074 2683 1147 simiHS,
2704 1076 2812 1133 erit
2832 1075 2990 1133 testis
3005 1075 3260 1135 idoneus
3271 1076 3522 1151 pietatis,

1983 1172 2087 1227 aut
2112 1169 2375 1243 perditus
2402 1169 2475 1243 (a)
2503 1168 2799 1227 veritatis?
2830 1171 2907 1226 De
2934 1169 3198 1228 secundo
3225 1171 3277 1227 ⁸:
3303 1171 3527 1231 «Labia

1982 1263 2451 1338 imprudentium
2478 1263 2656 1321 stulta
2680 1263 3007 1321 narrabunt
3023 1280 3038 1320 ε
3052 1285 3078 1318 »
3105 1280 3241 1322 ecce
3260 1264 3522 1338 miseria,

1985 1361 2277 1432 quantum
2304 1357 2384 1416 ad
2410 1357 2765 1416 narrationis
2806 1356 3135 1430 originem3
3188 1361 3245 1415 et
3269 1358 3522 1430 vanitas,

1985 1457 2276 1527 quantum
2300 1451 2381 1510 ad
2427 1451 2632 1509 finem.
2691 1455 2766 1508 De
2819 1451 2989 1509 tertio
3020 1453 3042 1487 '¹
3076 1469 3091 1508 ε
3127 1472 3156 1505 ι
3185 1456 3344 1526 Opus
3395 1453 3520 1512 fac-

1984 1550 2113 1604 tum
2142 1546 2305 1604 estin
2333 1545 2546 1603 diebus
2572 1546 2816 1615 nostrie,
2845 1546 3013 1618 quod
3056 1545 3256 1603 nullus
3301 1547 3521 1620 credet,

1988 1657 2126 1698 cum
2166 1639 2504 1698 narrabitur
2533 1657 2548 1695 τ
2580 1661 2610 1695 w
2657 1655 2791 1697 ecce
2848 1640 3107 1698 narratio
3162 1640 3527 1700 incredibilis

1984 1732 2269 1792 falsitatis.

2489 1806 2772 1862 Articulus
2801 1807 3014 1863 tertius.

2057 1914 2392 1996 Suppositio
2434 1920 2777 1993 designatur
2827 1921 2913 1979 ibi
2969 1939 2984 1978 :
3036 1923 3429 1981 fabulationes.
3470 1923 3527 1983 Si

1988 2014 2226 2088 quaeris,
2258 2014 2465 2088 quales
2487 2013 2883 2072 fabulationes
2906 2010 3149 2073 narrant
3177 2016 3271 2073 isti
3297 2015 3529 2075 fabula·

1992 2112 2186 2166 tores?
2214 2108 2355 2166 audi
2386 2107 2534 2182 quid
2560 2107 2758 2180 glossa
2785 2108 2989 2167 dicat:
3045 2129 3072 2163 α
3113 2110 3290 2179 Quasi
3334 2111 3530 2183 cujus-

1990 2202 2134 2259 dam
2158 2202 2375 2261 fabulae
2402 2201 2622 2259 naenias
2645 2207 2956 2260 narrant.»
2991 2203 3045 2261 Si
3075 2203 3306 2277 quaeriS,
3337 2203 3530 2277 qualis

1987 2295 2248 2361 fabulae?
2270 2296 2671 2371 proculdubio
2697 2296 2926 2371 ineptae,
2967 2297 3206 2369 insanae,
3252 2297 3528 2370 indoctae,

1990 2393 2049 2448 et
2074 2390 2211 2449 ideo
2240 2390 2595 2462 devitandis,
2622 2391 3021 2465 increpandae,
3056 2406 3181 2449 non
3219 2391 3530 2450 sectandoe.

1992 2485 2069 2541 De
2097 2483 2293 2557 primo
2321 2485 2344 2519 ⁸
2375 2503 2389 2539 ε
2427 2503 2459 2538 ιι
2484 2488 2715 2557 Ineptas
2729 2489 2786 2543 et
2801 2484 2987 2543 aniles
3000 2484 3234 2543 fabulas
3248 2485 3476 2544 devita:
3495 2506 3525 2541 ιι

1992 2594 2126 2637 ecce
2153 2576 2421 2636 fabulam
2447 2578 2732 2652 ineptam,
2759 2582 2817 2636 et
2841 2579 2977 2638 ideo
3017 2578 3418 2638 devitandam.
3450 2582 3529 2641 De

1990 2671 2255 2729 secundo
2281 2669 2304 2704 ⁹
2334 2689 2348 2728 :
2385 2690 2415 2724 ιι
2442 2674 2686 2745 lncrepa
2707 2671 2845 2729 illos
2869 2672 3038 2742 dure,
3069 2676 3134 2730 ut
3158 2672 3285 2731 sani
3312 2673 3428 2731 sint
3467 2673 3531 2732 in

1995 2765 2141 2837 fide,
2185 2780 2311 2822 non
2358 2764 2725 2823 intendentes
2762 2765 3016 2838 judaicis
3040 2765 3278 2839 fabuIiS,
3307 2787 3337 2822 ιι
3361 2767 3533 2841 quasi

1991 2876 2115 2918 non
2141 2859 2301 2917 sanis
2331 2876 2347 2916 ε
2379 2875 2514 2917 ecce
2570 2857 2836 2918 fabulam
2879 2859 3170 2933 insanam,
3199 2864 3256 2918 et
3279 2859 3418 2919 ideo
3446 2861 3533 2918 in·

1991 2955 2372 3029 crepandam.
2403 2957 2482 3012 De
2508 2953 2677 3012 tertio
2706 2953 2748 2990 ¹⁰
2783 2971 2842 3011 :c
2863 2957 2990 3011 Non
3004 2953 3273 3013 indoctas
3298 2953 3534 3014 fabulas

1990 3048 2194 3118 secuti,
2220 3054 2429 3107 notam
2455 3048 2699 3106 fecimus
2719 3047 2895 3106 vobis
2919 3048 3152 3106 Domini
3186 3048 3370 3107 nostri
3397 3051 3533 3109 «lesu

1990 3142 2197 3201 Christi
2215 3142 2491 3202 virtutem
2522 3163 2537 3200 ε
2569 3164 2597 3197 ι
2629 3160 2762 3202 ecce
2816 3141 3086 3201 fabulam
3132 3143 3452 3217 indoctam,
3476 3149 3534 3203 et

1988 3238 2129 3297 ideo
2147 3253 2272 3295 non
2308 3237 2650 3297 sectandam
2700 3257 2714 3295 ε
2744 3237 2906 3296 unde
2962 3237 3065 3312 qui
3118 3237 3530 3313 fabulationes,

1991 3349 2096 3391 seu
2124 3332 2466 3391 fabularum
2487 3333 2852 3391 narrationes
2878 3349 3063 3391 vanas
3110 3335 3398 3408 tanquam
3423 3350 3528 3392 ve-

1987 3442 2085 3485 ras
2110 3426 2413 3501 supponit,
2454 3441 2579 3484 non
2605 3441 2812 3499 verus,
2841 3426 2950 3485 sed
2969 3442 3157 3485 vanus
3183 3427 3388 3488 existit.

2477 3586 2764 3644 Articulus
2794 3590 3042 3658 quartus.

2062 3709 2368 3786 oppositio
2405 3709 2739 3769 declaratur
2759 3710 2846 3768 ibi
2877 3730 2893 3768 :
2923 3711 3029 3769 Sed
3054 3727 3160 3769 non
3185 3717 3248 3770 ut
3271 3714 3360 3770 lex
3386 3718 3482 3771 tua
3512 3731 3528 3772 ε

1990 3821 2125 3864 ecce
2151 3805 2249 3863 lex
2275 3803 2528 3862 veritatis
2571 3805 2847 3878 opposita
2889 3803 3108 3862 fabulis
3148 3803 3433 3864 falsitatis.
3462 3811 3531 3867 Et

1989 3903 2154 3969 nota,
2177 3898 2346 3973 quod
2372 3898 2471 3956 lex
2496 3897 2701 3956 divina
2724 3903 2811 3955 est
2852 3896 3070 3955 fabulis
3115 3897 3370 3971 judaicis
3422 3915 3531 3974 op-

1987 3993 2180 4068 posita
2217 3992 2515 4067 praecipue
2573 3993 2817 4064 propter
2871 3991 2980 4048 tria
2995 4010 3014 4063 3
3071 3991 3360 4067 quoniam
3412 3994 3531 4054 illoe

1989 4087 2312 4156 variantur,
2364 4084 2737 4156 insidiantur,
2808 4084 3034 4142 malum
3090 4085 3500 4147 machinantur
3508 4109 3528 4161 3

1988 4182 2098 4239 ista
2123 4196 2434 4255 nunquam
2467 4179 2746 4253 variatur,
2788 4195 2926 4238 cum
2971 4179 3104 4253 ipsa
3157 4180 3231 4238 sit
3285 4182 3498 4243 veritas
3507 4203 3526 4256 3

1986 4291 2299 4349 nunquam
2360 4273 2700 4346 insidiatur,
2772 4289 2909 4331 cum
2953 4274 3081 4347 ipsa
3132 4274 3208 4332 sit
3255 4273 3525 4349 claritas3

1984 4386 2299 4444 nunquam
2342 4368 2569 4426 malum
2614 4367 2984 4426 machinatur
3003 4411 3021 4440 ‚
3079 4385 3217 4428 cum
3266 4370 3397 4445 ipsa
3457 4373 3532 4430 sit

1984 4464 2242 4522 bonitas.
2279 4466 2358 4521 De
2400 4461 2596 4537 primo
2639 4477 2746 4535 per
2800 4461 3155 4537 prophetam
3200 4464 3400 4537 psallit
3430 4465 3472 4504 ¹¹
3509 4485 3524 4523 ε

1992 4577 2022 4610 α
2049 4557 2275 4616 lustitia
2291 4561 2414 4630 tua,
2438 4555 2661 4629 justitia
2700 4554 2765 4614 in
2807 4559 3111 4629 aeternum,
3171 4560 3229 4615 et
3279 4557 3377 4615 lex
3425 4562 3527 4617 tua

1985 4651 2198 4710 veritas
2224 4671 2243 4708 .·
2274 4672 2301 4706 n
2332 4666 2468 4709 ecce
2495 4651 2594 4708 lex
2626 4654 2728 4709 tua
2765 4651 2833 4734 (b)
2875 4650 3110 4709 veritas.
3141 4654 3219 4708 De
3263 4652 3526 4711 secundo

1987 4760 2097 4819 per
2109 4744 2490 4803 Salomonem
2514 4743 2787 4802 scribitur
2799 4746 2840 4780 ²¹
2862 4761 2918 4801 :a
2929 4744 3268 4808 Mandatum
3283 4745 3525 4804 lucerna

1990 4843 2100 4910 est,
2122 4841 2182 4897 et
2203 4838 2301 4897 lex
2343 4838 2448 4896 lux
2478 4857 2492 4896 ε
2521 4858 2550 4893 1»
2585 4853 2718 4897 ecce
2763 4838 2863 4896 lex
2919 4838 3170 4897 claritas.
3228 4842 3308 4897 De
3356 4839 3525 4898 tertio

1984 4950 2094 5009 per
2132 4932 2499 4993 psalmistam
2550 4934 2778 4992 canitur
2807 4933 2851 4970 ¹⁸
2883 4952 2897 4991 :
2933 4952 2964 4988 α
2992 4937 3222 4993 Βοιιιιιιι
3246 4932 3394 4993 mihi
3428 4933 3527 4993 lex

1986 5026 2107 5085 oris
2134 5027 2217 5086 tui
2241 5044 2258 5085 ε
2279 5047 2308 5082 n
2341 5041 2474 5085 ecce
2501 5026 2600 5085 lex
2626 5026 2881 5086 bonitas.

1985 5179 2097 5230 xxi,
2126 5169 2205 5218 ss.
2226 5193 2290 5204 -
2312 5168 2330 5198 ⁷
2358 5165 2563 5228 nahae„
2588 5179 2652 5232 11,
2681 5170 2727 5217 5.
2756 5194 2809 5203 -
2835 5168 2859 5202 ⁸
2883 5168 2898 5216 ι
2936 5167 3079 5228 Tim„
3113 5168 3249 5233 =v‚7.
3274 5193 3337 5204 —
3359 5167 3384 5202 ⁹
3408 5129 3523 5225 πὶ..

1987 5253 2036 5303 1,
2068 5244 2147 5290 11.
2172 5265 2236 5277 -
2274 5240 2314 5277 ¹0
2349 5240 2390 5288 n
2430 5239 2590 5300 Petra,
2631 5252 2677 5303 1,
2712 5242 2787 5290 16.
2826 5265 2889 5277 -
2930 5241 2963 5271 ¹¹
2996 5239 3128 5291 Psal.
3163 5240 3291 5303 hoc,
3327 5241 3438 5291 142.
3464 5266 3528 5278 —

1990 5313 2029 5347 ¹¹
2057 5312 2228 5374 Hom,
2254 5321 2329 5373 vt,
2354 5312 2433 5361 23.
2468 5334 2522 5346 -
2560 5310 2596 5340 ⁸⁸
2628 5310 2765 5360 Psal.
2791 5310 2909 5371 hoc,
2935 5314 3016 5366 7².

2052 5402 2267 5468 (ἠὴρ.
2298 5401 2511 5468 peritus.
2544 5429 2597 5440 -
2625 5401 2693 5467 (ὁ)
2722 5401 2831 5452 Del.
2864 5405 2968 5454 tua.
