4196 6294
727 448 856 521 m

728 596 1085 666 evenerum.
1115 602 1149 641 a
1173 578 1318 646 vidi
1341 579 1622 646 mhsole
1646 578 2002 645 autumnus
2025 597 2265 660 egeno-

729 707 901 770 rum,
917 692 981 754 et
1003 688 1324 771 lacrymas
1351 686 1812 767 innocentium,
1834 707 1865 746 n
1900 705 2096 770 snpra
2123 693 2139 728 ¹
2170 686 2273 751 di-

730 799 943 875 xerat,
981 801 1042 863 et
1066 794 1334 878 judicia
1367 796 1646 863 violenta
1665 844 1684 875 ,
1714 812 1864 877 quae
1890 794 2089 872 vidit,
2118 812 2268 858 curn

731 904 944 986 inquit
976 911 1000 945 ¹
1031 926 1049 967 ι
1086 926 1117 965 c
1151 903 1292 968 Vidi
1318 903 1439 968 sub
1473 903 1604 967 sole
1631 903 1700 966 in
1726 902 1865 966 loco
1888 900 2115 985 judicii
2146 901 2273 963 im-

731 1011 1054 1094 pietatem.
1110 1034 1143 1071 ι
1190 1014 1280 1078 Et
1316 1011 1598 1079 subverti
1629 1009 1970 1091 ,iustitiam
2013 1010 2090 1074 in
2127 1023 2276 1090 pro-

733 1121 958 1185 vincia
996 1137 1013 1183 z
1051 1119 1222 1202 qnod
1259 1118 1550 1184 similiter
1579 1118 1852 1197 viderat,
1894 1136 2048 1182 cum
2081 1116 2174 1180 ait
2198 1116 2222 1152 ⁸
2254 1137 2270 1180 ε

743 1249 775 1286 α
809 1224 951 1292 Vidi
1006 1227 1076 1290 in
1134 1226 1272 1292 loco
1317 1226 1583 1309 justitiae
1636 1224 2035 1308 iniquitatem
2083 1222 2193 1304 (a).
2239 1242 2273 1282 ι

737 1333 834 1397 Ex
858 1334 1001 1412 hac,
1030 1333 1320 1417 inquam,
1351 1332 1853 1399 consideratione
1880 1329 2122 1396 mutari
2146 1346 2277 1394 non

736 1440 952 1520 debet,
984 1442 1167 1524 quasi
1194 1458 1325 1506 non
1350 1440 1432 1505 sit
1457 1439 1567 1522 qui
1595 1443 1816 1521 regat,
1843 1457 1964 1503 nec
1989 1437 2103 1520 qui
2130 1454 2277 1501 cor-

738 1549 946 1630 rigat:
966 1549 1140 1615 Unde
1167 1548 1322 1613 dicit
1348 1551 1432 1627 (v.
1478 1547 1535 1630 7)
1577 1569 1594 1611 ε
1626 1546 1768 1614 Non
1796 1547 2054 1613 mireris
2084 1560 2279 1627 super

735 1656 846 1725 hoc
881 1659 1165 1741 neqotio,
1211 1656 1394 1739 quasi
1423 1673 1555 1719 non
1604 1656 1686 1719 sit
1722 1654 1838 1737 qui
1867 1658 2081 1736 regat,
2126 1652 2282 1736 quia

735 1785 907 1833 unus
946 1770 1043 1830 est
1084 1764 1375 1830 omnium
1413 1763 1782 1827 ordinator:
1821 1761 1990 1827 unde
2016 1760 2274 1825 subdit:

744 1874 910 1948 Qtda
935 1872 1187 1940 excelso
1214 1870 1524 1939 excelsior
1549 1875 1671 1953 εισι,-
1693 1873 1752 1936 et
1776 1885 1967 1951 super
1991 1869 2106 1935 hos
2133 1882 2281 1950 quo-

738 1999 858 2065 que
881 1984 1324 2050 eminentiores
1349 1985 1502 2047 sunt
1531 1979 1676 2045 alii.
1725 1976 1904 2042 Unde
1942 1976 2104 2041 dixit
2133 1976 2282 2041 Cen-

739 2091 909 2156 turio
935 2092 959 2125 ⁸
994 2113 1009 2155 ε
1050 2113 1083 2154 ι
1125 2090 1266 2173 Ego
1293 2108 1438 2155 sum
1481 2087 1676 2153 homo
1704 2085 1772 2149 in
1801 2088 2109 2168 potestate
2135 2103 2281 2150 oon-

738 2198 1000 2264 stitutus
1021 2246 1038 2277 ,
1084 2199 1327 2263 habens
1381 2196 1504 2262 sub
1548 2213 1653 2260 me
1696 2193 1963 2273 milites3
2025 2197 2089 2258 et
2139 2193 2281 2258 dIco

739 2308 892 2374 huic
913 2329 929 2372 ε
951 2306 1156 2384 Vade3
1188 2310 1252 2370 et
1278 2304 1472 2370 vadit.
1494 2326 1526 2364 ι»
1557 2303 1642 2369 Et
1667 2303 1939 2383 insuper
1962 2302 2282 2367 universoe

743 2422 927 2485 ταντα.»
953 2430 1076 2482 rea·
1115 2416 1393 2496 imperat
1417 2412 1748 2479 servienti.
1789 2408 2094 2486 Quamvis
2117 2427 2282 2491 ergo

741 2542 869 2589 non
888 2523 1169 2589 serviant
1194 2520 1316 2584 sibi
1337 2519 1637 2598 invicem,
1669 2521 1735 2582 et
1753 2535 1883 2582 non
1903 2518 2283 2582 ordinentur

741 2649 857 2714 per
895 2649 998 2710 se3
1043 2628 1421 2695 ordinantur
1463 2629 1677 2690 tamen
1727 2644 1766 2690 a
1807 2623 1936 2689 Deo
1954 2671 1972 2704 ,
2014 2623 2127 2706 qui
2164 2625 2284 2688 scit

742 2738 928 2804 malis
960 2738 1125 2803 bene
1154 2736 1271 2801 uti.
1304 2740 1327 2776 ⁸
1370 2758 1401 2796 α
1438 2733 1575 2815 Ego
1609 2751 1756 2798 sum
1795 2731 2046 2798 Pharao
2085 2751 2104 2796 ε
2135 2732 2281 2795 abs-

745 2865 873 2931 que
914 2854 1027 2914 tuo
1087 2843 1356 2927 imperio
1411 2859 1543 2907 non
1610 2839 1894 2906 movebit
1941 2839 2284 2922 quisquam

744 2973 1014 3020 manum
1041 2956 1153 3018 aut
1177 2951 1400 3035 pedem
1429 2950 1499 3014 in
1525 2949 1698 3015 omni
1727 2953 1899 3013 terra
1923 2947 2211 3032 AEgypti.
2243 2970 2275 3009 o

749 3062 924 3131 Unde
970 3062 1201 3128 dicitur
1242 3061 1264 3095 ⁰
1307 3081 1323 3123 ε
1364 3082 1395 3120 α
1440 3057 1727 3123 Habebat
1776 3057 1845 3120 in
1887 3061 2062 3121 veste
2109 3060 2173 3121 et
2215 3056 2286 3120 in

747 3174 986 3239 femore
1010 3190 1128 3237 suo
1154 3169 1462 3253 scriptum
1492 3189 1508 3232 ι
1558 3167 1699 3233 Rex
1725 3181 1963 3248 regum,
1985 3170 2046 3232 et
2069 3167 2287 3232 Domi-

749 3297 874 3348 nus
895 3279 1394 3348 dominantium.
1425 3298 1456 3336 υ
1490 3275 1568 3341 Et
1593 3276 1725 3358 ipse
1754 3273 1916 3338 nihil
1942 3275 2281 3357 pervertit3

749 3390 920 3455 unde
944 3387 1212 3453 dicitur⁷
1245 3409 1261 3451 ι
1302 3410 1334 3447 α
1359 3384 1667 3450 Dominus
1684 3383 1850 3448 Deus
1875 3386 2114 3463 noster,
2147 3383 2286 3466 ipse

746 3500 845 3564 est
870 3496 1034 3562 Deus
1059 3496 1355 3575 Deorum,
1375 3497 1440 3557 et
1467 3492 1773 3557 Dominus
1789 3491 2284 3572 dominantium,

751 3622 1065 3686 magum,
1113 3607 1370 3685 potens,
1420 3600 1757 3679 terribiliS,
1800 3599 1912 3683 qui
1951 3617 2287 3683 personam

750 3729 883 3777 non
923 3710 1177 3794 accipit,
1223 3727 1341 3774 nec
1393 3725 1696 3784 munera;
1766 3706 1913 3771 facit
1971 3707 2291 3788 ,iudicium

749 3818 991 3902 pupillo
1013 3821 1079 3883 et
1106 3817 1321 3882 viduae
1346 3837 1361 3880 ε
1387 3838 1420 3875 ι)
1454 3818 1519 3879 et
1542 3813 1719 3893 ideo,
1752 3812 1806 3876 si
1834 3811 2136 3896 imperat,
2157 3832 2290 3879 non

751 3925 1139 4008 pervertitur
1164 3924 1242 3988 de
1268 3921 1531 4005 iustitia.

834 4033 1056 4099 Incidit
1091 4032 1199 4097 hic
1246 4031 1515 4115 quaestio
1554 4030 1634 4095 de
1679 4031 1835 4109 hoc,
1879 4029 2051 4112 quod
2090 4029 2238 4094 dicit
2270 4050 2285 4093 :

758 4141 1168 4224 Quoecumque
1195 4140 1453 4218 vovisti,
1478 4138 1671 4205 redde
1690 4158 1712 4199 .·
1738 4140 1962 4202 utrum
1980 4135 2092 4220 qui
2115 4135 2293 4201 vovit

754 4249 1110 4328 indiscrete,
1140 4252 1451 4326 teneatur,
1483 4247 1808 4330 supposito
1835 4245 2006 4328 quod
2032 4264 2101 4309 se
2129 4244 2290 4309 obli-

756 4374 914 4438 gare
943 4355 1264 4433 intendat3
1307 4354 1478 4438 quod
1516 4354 1571 4417 si
1599 4372 1733 4419 non
1746 4402 1764 4433 ,
1793 4354 2073 4435 reportat
2117 4368 2290 4415 com-

756 4464 1019 4529 modum
1047 4463 1127 4529 de
1157 4462 1594 4527 indiscretione
1616 4479 1755 4525 sua.
1779 4459 1936 4524 Item
1957 4459 2091 4543 ipse
2118 4462 2291 4523 tene-

757 4575 865 4637 tur
891 4572 1095 4636 facere
1117 4569 1492 4637 veritatem:
1522 4569 1632 4634 sed
1659 4568 1770 4651 qui
1797 4586 1928 4633 non
1952 4567 2100 4631 facit
2124 4565 2297 4650 quod

761 4677 1078 4764 promisit,
1102 4695 1235 4742 non
1254 4677 1399 4741 facit
1415 4677 1770 4755 veritatem,
1792 4675 1923 4739 imo
1949 4674 2289 4738 mentitur:

761 4805 923 4869 ergo
948 4786 1092 4851 talis
1117 4789 1371 4851 tenetur
1407 4785 1612 4850 facere
1637 4783 1812 4866 quod
1847 4782 2159 4866 promisit,
2191 4779 2296 4847 vel

763 4895 934 4977 quod
967 4894 1170 4961 vovit.
1200 4893 1358 4958 Item
1384 4892 1609 4977 Iephte
1635 4890 1966 4956 indiscrete
1996 4891 2203 4968 vovit,
2234 4893 2298 4954 et
2376 4880 2383 4887 ’

763 5001 982 5082 solvit,
1013 5005 1076 5068 et
1100 5002 1181 5066 ab
1212 5001 1513 5084 Apostolo
1538 5005 1561 5040 ⁸
1588 4999 2105 5064 commendatur:
2139 5016 2297 5079 ergo

762 5111 1068 5177 debemus
1090 5110 1428 5176 indiscreta
1451 5112 1600 5173 vota
1622 5107 2001 5191 persolvere.
2029 5105 2291 5171 Contra:

828 5310 845 5345 ¹
875 5310 1068 5375 Supra,
1106 5321 1178 5375 ιν,
1218 5314 1264 5361 1.
1300 5333 1364 5347 -
1404 5312 1427 5345 ’
1454 5308 1643 5372 Supra,
1681 5316 1771 5370 111,
1811 5307 1887 5358 ιθ.
1922 5331 1986 5343 -
2018 5306 2038 5337 ⁸
2079 5305 2207 5357 ibid.
2235 5329 2300 5343 -

765 5380 785 5437 ⁴,
816 5381 1020 5445 naith„
1048 5393 1178 5444 vm,
1207 5385 1256 5433 9.
1282 5407 1347 5422 -
1377 5382 1396 5413 ⁶
1423 5379 1568 5441 Gen„
1595 5389 1712 5441 ιιι,
1739 5379 1817 5429 u.
1847 5402 1910 5416 —
1939 5378 1962 5413 ⁸
1987 5377 2157 5443 Apoe„
2184 5388 2297 5442 ιιι,

767 5454 843 5503 ιθ.
875 5477 937 5490 -
962 5455 979 5485 ⁷
1009 5456 1171 5513 Dent..
1202 5464 1255 5517 x,
1287 5456 1365 5505 Π.
1390 5476 1454 5491 -
1478 5450 1502 5488 ⁸
1526 5449 1700 5532 Heba,
1729 5461 1804 5510 ιι,
1835 5451 1912 5501 32.
1935 5474 1999 5487 -
2023 5451 2043 5480 ⁹
2071 5449 2213 5514 laid„
2239 5449 2303 5500 de

1728 441 2140 510 EXPOSITIO
2183 442 2263 509 m
2305 440 2904 510 ECGLESIAS'I'EN.

2374 578 2555 655 Quod
2578 580 2990 645 indiscretum
3008 585 3104 644 aet
3127 579 3358 659 dicere,
3378 580 3793 646 indiscretum
3820 585 3920 646 ed

2372 688 2613 752 facere:
2652 688 2705 751 si
2737 707 2900 770 ergo
2923 687 3031 753 ille
3059 687 3171 770 qui
3198 687 3397 767 vovit,
3424 687 3549 753 hoe
3572 689 3715 772 ipso
3739 691 3920 772 quod

2374 796 2558 873 dicit,
2588 801 2685 860 est
2706 796 3109 875 indiscretus,
3137 801 3200 861 et
3226 796 3441 877 magis
3472 803 3721 879 peceat;
3754 816 3921 879 ergo

2375 904 2747 985 omittendo,
2782 904 2944 969 bene
2971 904 3138 968 tacit.
3187 903 3346 968 Item
3391 904 3635 968 malum
3670 923 3921 988 praece-

2377 1008 2534 1074 dens
2568 1029 2700 1076 non
2752 1016 3015 1076 excusat
3058 1030 3328 1094 sequens
3370 1033 3387 1075 ε
3430 1030 3593 1093 ergo
3636 1013 3691 1075 si
3742 1013 3923 1077 vovit

2379 1118 2533 1201 quid
2569 1119 2860 1199 stultum,
2888 1119 3141 1197 etfacit,
3175 1137 3307 1183 non
3329 1122 3426 1184 est
3452 1120 3670 1184 minus
3688 1139 3925 1204 repre-

2379 1226 2706 1292 hensibilis
2722 1277 2742 1307 ,
2783 1247 2979 1312 quam
3019 1228 3072 1291 si
3113 1228 3343 1292 faceret
3390 1226 3529 1291 sine
3572 1233 3759 1308 voto;
3802 1249 3925 1294 nec

2382 1340 2602 1399 votum
2638 1337 2857 1400 minus
2885 1335 3378 1420 reprehensibile
3394 1384 3416 1414 ,
3443 1355 3639 1418 quam
3691 1337 3749 1399 si
3791 1356 3924 1401 non

2381 1442 2612 1507 taceret
2654 1466 2670 1507 :
2714 1461 2896 1524 ergo.
2929 1443 3086 1507 Item
3110 1442 3391 1507 Isidorus
3433 1443 3456 1477 ⁹
3500 1465 3517 1507 :
3574 1467 3606 1503 a
3633 1443 3707 1507 In
3736 1443 3925 1507 malis

2384 1549 2711 1633 promissis
2729 1549 3011 1615 rescinde
3033 1550 3253 1629 fidem,
3272 1550 3338 1613 in
3366 1550 3539 1633 turpi
3563 1555 3717 1615 voto
3740 1554 3929 1615 muta

2382 1657 2708 1721 decretum
2758 1680 2775 1721 t
2820 1680 2850 1718 n
2902 1676 3085 1738 ergo.
3130 1656 3501 1740 Respondeo
3535 1657 3881 1722 dicendum
3902 1707 3923 1735 ,

2383 1765 2554 1848 quod
2572 1784 2703 1831 non
2727 1769 3015 1843 tenetur;
3045 1766 3179 1830 imo
3207 1766 3263 1828 si
3286 1765 3435 1830 facit
3452 1814 3470 1845 ,
3501 1766 3673 1831 addit
3693 1785 3930 1849 pecen-

2384 1875 2523 1936 tum
2569 1891 2760 1956 super
2801 1877 3166 1956 peceatum
3211 1873 3381 1938 unde
3436 1895 3452 1938 ε
3505 1897 3537 1934 α
3576 1872 3655 1937 Et
3696 1872 3930 1956 Jephte

2384 1980 2686 2045 solvendo
2734 1984 2958 2046 votum
3010 1980 3220 2062 magis
3262 1980 3585 2062 peccavit,
3628 2000 3825 2063 quam
3872 1981 3930 2043 si

2384 2104 2520 2151 non
2544 2087 2855 2167 solvisset,
2895 2088 3048 2170 quia
3077 2087 3147 2151 in
3172 2088 3465 2153 vovendo
3507 2087 3631 2153 ruit
3664 2088 3926 2168 stultus,

2385 2199 2450 2258 et
2478 2195 2548 2258 in
2579 2195 2881 2260 solvendo
2919 2195 3191 2278 impius,
3231 2218 3262 2256 υ
3299 2196 3464 2260 sicut
3505 2195 3661 2260 dicit
3700 2195 3926 2260 Hiero-

2387 2322 2648 2386 nymus.
2670 2302 2852 2381 Quod
2875 2303 3194 2385 objicitur,
3220 2303 3393 2386 quod
3409 2304 3930 2384 commendatum

2387 2411 2748 2491 dicendum,
2780 2412 2955 2494 quod
2978 2408 3215 2476 non'de
3237 2415 3412 2488 vot0‚
3442 2431 3560 2476 nec
3585 2411 3719 2476 voti
3748 2411 3933 2476 solu-

2387 2520 2557 2585 tione
2598 2518 3126 2596 commendatur3
3174 2519 3329 2601 quia
3375 2518 3717 2601 Apostolus
3755 2537 3933 2583 cotn-

2390 2628 2647 2693 mendat
2687 2628 2778 2692 ibi
2818 2627 3012 2693 fldem
3039 2625 3297 2710 Jephte,
3330 2627 3482 2710 quia
3508 2626 3644 2709 ipse
3670 2626 3939 2691 credidit

2388 2735 2787 2817 triumphare
2828 2734 2907 2800 de
2946 2734 3269 2815 hostibus»,
3318 2734 3452 2800 sive
3492 2734 3570 2800 de
3619 2733 3935 2814 inimiciS,

2390 2843 2643 2908 Domini
2689 2841 2950 2907 auxilio,
2999 2841 3182 2919 Quod
3225 2842 3560 2923 objicitur,
3610 2840 3792 2924 quod
3832 2859 3941 2904 ne-

2391 2954 2600 3033 portat
2645 2950 3053 3015 commodum
3077 2999 3097 3029 ,
3136 2949 3278 3013 dico
3317 2948 3491 3032 quod
3534 2948 3775 3013 falsum
3817 2952 3937 3026 eet,

2392 3058 2546 3141 quia
2583 3059 2797 3122 statim
2834 3059 2903 3122 in
2941 3058 3080 3140 ipso
3114 3061 3265 3122 voto
3308 3061 3554 3140 peccat,
3597 3060 3666 3121 et
3697 3056 3943 3137 dignus

2394 3172 2490 3232 est
2514 3186 2722 3250 poena.
2763 3167 2945 3246 Quod
2972 3167 3270 3249 objicitur
3294 3167 3374 3231 de
3402 3168 3689 3244 veritate,
3722 3166 3938 3230 dicen-

2393 3275 2551 3341 dum
2576 3276 2745 3359 quod
2786 3275 3023 3340 veritas
3048 3275 3393 3340 substernit
3424 3273 3546 3338 sibi
3565 3274 3889 3356 judicium
3921 3295 3937 3337 ε

2394 3384 2546 3467 quia
2585 3385 2788 3466 igitur
2826 3385 2964 3449 sine
3010 3384 3198 3450 modo
3237 3383 3453 3461 vovit,
3496 3382 3638 3447 ideo
3685 3382 3943 3446 solvere

2396 3512 2527 3559 non
2565 3496 2769 3576 potest
2811 3510 2957 3557 cum
2994 3492 3288 3569 veritate;
3333 3495 3396 3554 et
3431 3494 3768 3573 propterea
3808 3507 3945 3553 non

2396 3604 2598 3685 potest
2630 3601 2701 3663 in
2742 3599 2852 3664 tali
2887 3603 3039 3666 voto
3075 3617 3210 3662 esse
3247 3597 3482 3663 veritas
3514 3615 3533 3659 ε
3572 3596 3718 3661 ideo
3763 3595 3948 3661 nulla

2397 3712 2490 3772 est
2519 3706 2852 3786 obligatio,

2479 3812 2803 3891 Quaeritur
2850 3816 3073 3877 utrum
3118 3812 3316 3894 possit
3358 3814 3633 3876 mutare.
3676 3809 3951 3876 Videtur

2398 3924 2567 4007 quod
2595 3942 2748 4003 non,
2778 3941 2892 4006 per
2919 3922 3073 3987 illud
3102 3923 3375 3989 Levitici
3409 3923 3497 3984 ¹⁹:
3537 3945 3570 3983 c
3590 3918 3735 3986 Non
3765 3927 3945 4004 pote·

2399 4031 2485 4097 rit
2504 4031 2760 4111 mutari,
2778 4049 2896 4096 nec
2916 4030 2984 4094 in
3003 4031 3187 4112 pejus
3213 4047 3330 4092 nec
3344 4029 3414 4093 in
3431 4028 3681 4093 melius,
3701 4050 3735 4088 ιι
3765 4028 3951 4106 Quod

2400 4143 2614 4206 autem
2640 4141 2754 4219 sic,
2775 4139 3049 4218 videtur,
3073 4138 3224 4221 quia
3248 4136 3395 4201 licet
3419 4139 3665 4219 partem
3689 4135 3951 4200 Domini

2401 4248 2605 4313 facere
2649 4246 2978 4312 meliorem
3020 4268 3036 4311 ε
3082 4264 3282 4327 ergo,
3330 4243 3450 4308 etsi
3483 4261 3616 4308 non
3650 4243 3840 4308 liceat
3878 4244 3949 4308 in

2400 4358 2584 4440 pejus
2593 4403 2614 4436 ,
2673 4355 2821 4420 licet
2876 4358 3093 4419 tamen
3145 4354 3214 4418 in
3266 4353 3515 4418 melius.
3571 4352 3949 4436 Respondeo

2401 4464 2763 4543 dicendum,
2798 4462 2971 4546 quod
2995 4467 3089 4527 est
3113 4465 3365 4527 mutare
3392 4464 3615 4526 votum
3654 4461 3727 4526 in
3757 4463 3950 4544 peius

2403 4573 2689 4651 omnino,
2722 4575 2788 4636 et
2811 4575 2907 4636 est
2944 4573 3194 4635 mutare
3225 4569 3297 4633 in
3321 4567 3549 4633 melius
3575 4567 3748 4651 quod
3776 4567 3951 4632 istud

2402 4680 2693 4758 includit,
2735 4677 2785 4742 si
2794 4682 2901 4744 cut
2924 4677 3089 4742 illud
3124 4699 3140 4742 ε
3172 4674 3295 4755 Qui
3320 4676 3501 4742 vovit
3526 4682 3779 4741 mutare
3806 4675 3949 4740 reli-

2406 4787 2671 4869 gionem
2688 4785 2905 4851 minus
2925 4785 3290 4868 perfectam,
3308 4783 3504 4848 intrat
3516 4783 3587 4846 in
3603 4784 3949 4866 perfectio-

2404 4912 2566 4973 rem,
2578 4911 2725 4978 quae
2743 4893 2919 4957 illam
2928 4892 3163 4958 claudit
3180 4892 3257 4974 (b)
3269 4939 3285 4957 .
3304 4891 3724 4957 Intramutane
3740 4892 3840 4975 (c),
3852 4898 3955 4957 est

2405 5002 2580 5067 ultra
2607 5001 2677 5064 in
2708 5000 2935 5066 melius
2962 5018 3092 5064 non
3129 4999 3483 5077 includens,
3513 5001 3677 5065 sicut
3701 5001 3798 5066 ire
3825 4983 3959 5066 Ro-

2408 5129 2582 5175 mam
2614 5108 2698 5192 (d)
2719 5108 2788 5174 in
2815 5107 2937 5173 iter
2963 5107 3483 5172 ultramarinum.
3514 5107 3958 5174 Primumnon

2410 5234 2552 5286 Cont.
2599 5230 2798 5294 mund„
2819 5244 2934 5295 cap.
2983 5228 3044 5281 de
3081 5230 3275 5295 iuram.
3325 5232 3372 5280 et
3421 5234 3552 5282 voto.
3593 5254 3658 5268 -
3702 5230 3744 5265 ¹·
3774 5231 3959 5294 levit„

2408 5316 2557 5365 xxm,
2586 5304 2665 5353 16.
2692 5328 2755 5340 —
2788 5303 2859 5368 (a)
2890 5303 3011 5354 Coet.
3040 5301 3164 5355 edit.
3193 5300 3530 5366 impietatem.
3555 5327 3620 5339 —
3648 5299 3711 5366 (ὁ)
3744 5302 3859 5368 [ες.
3890 5303 3964 5353 in·

2410 5375 2655 5500 &2222-
2677 5374 2738 5439 (c)
2766 5375 2883 5439 Ley.
2911 5374 3069 5427 Aliter
3095 5377 3385 5427 mutnre.—
3412 5372 3484 5437 (d)
3509 5374 3630 5439 [ey.
3656 5374 3825 5426 Roma
3843 5390 3962 5426 σοι·
