4196 6294
688 492 804 553 508

684 623 860 682 soluti
916 622 996 683 ad
1048 622 1327 684 intuitum
1370 613 1618 702 pietatis.
1668 630 1796 686 Non
1839 628 2049 688 oculos
2092 644 2236 688 suos

685 717 940 794 oppilat,
977 722 1035 777 et
1076 719 1399 778 nonnullos
1434 721 1551 779 sibi
1586 722 1910 796 assimilat;
1950 724 2058 781 sed
2092 726 2235 782 tunc

686 812 1022 886 evigilabit,
1047 830 1186 872 cum
1211 815 1303 873 sol
1322 815 1558 889 justitioe
1592 816 1656 873 in
1691 817 1918 889 jndicio
1944 817 2229 877 rutilabit.

685 910 1002 982 Propterea
1043 911 1186 966 tunc
1220 908 1486 969 inveniet
1520 910 2001 970 maledictionem
2017 956 2038 985 ,
2088 912 2234 987 quia

683 1015 810 1059 non
853 1002 1135 1076 praevenit
1180 1003 1370 1062 solem
1414 1004 1496 1062 ad
1537 1004 2038 1065 benedictionem.
2083 1010 2231 1065 Ecce

685 1094 967 1153 diabolus
993 1095 1257 1156 diluculo
1285 1097 1491 1157 oculos
1517 1098 1793 1174 oppilans
1821 1099 1903 1159 ad
1943 1098 2233 1159 malitiam

685 1190 1161 1263 prorogandum.

1179 1341 1465 1399 Articulus
1514 1344 1730 1399 tertius.

757 1473 1013 1533 Tertium
1039 1474 1388 1547 attenditur,
1418 1492 1555 1534 cum
1582 1476 1823 1535 additur
1854 1494 1869 1534 ε
1900 1479 1969 1533 Ul
1992 1477 2232 1536 medita·

683 1584 788 1625 rer.
846 1570 982 1628 Hoec
1033 1569 1339 1628 meditatio
1392 1574 1479 1629 est
1522 1570 1835 1628 oculorum
1881 1571 2230 1630 interiorum

684 1661 1029 1735 negotiatio.
1087 1663 1397 1722 Interiores
1453 1663 1612 1721 enim
1666 1664 1823 1722 oculi
1876 1669 2013 1722 sunt
2064 1669 2231 1724 actus

682 1756 1065 1830 perspectivi,
1106 1756 1325 1815 scilicet
1362 1756 1677 1816 admiratio
1719 1761 1776 1816 et
1809 1757 2182 1832 investigatio
2208 1803 2226 1831 ,

684 1850 904 1924 quibus
931 1851 1262 1925 negotiatur
1288 1851 1438 1910 ratio
1475 1851 1537 1909 in
1564 1852 1913 1910 meditativo
1942 1854 2184 1926 negotio
2210 1896 2230 1926 ‚

685 1943 877 2001 donec
924 1943 1256 2004 inveniatur
1296 1944 1662 2003 delectabilis
1698 1945 2073 2004 illuminatio.
2113 1947 2230 2005 Sed

685 2038 1049 2110 notandum,
1079 2038 1247 2113 quod
1289 2041 1452 2098 actus
1477 2039 1803 2098 meditativi
1831 2040 2228 2100 attribuuntur

684 2131 997 2205 aliquoties
1024 2132 1143 2204 ori,
1175 2132 1490 2207 aliquoties
1532 2133 1780 2206 gutturi,
1823 2138 1881 2191 et
1908 2133 2224 2209 aliquoties

683 2225 866 2284 menti
891 2244 906 2283 ε
936 2226 1079 2301 quia
1102 2225 1336 2301 prolata
1361 2227 1740 2297 sensibilitas,
1769 2230 1873 2285 aut
1897 2227 2004 2286 illa
2031 2229 2228 2287 suavi-

684 2324 800 2392 105,
831 2325 932 2380 aut
971 2321 1174 2380 oblata
1218 2322 1520 2396 sapientiai
1550 2322 1851 2381 sinceritas
1875 2328 2068 2397 potest
2095 2341 2222 2384 esse

680 2414 1040 2489 principium
1067 2415 1417 2474 meditandi.
1443 2419 1522 2474 De
1545 2416 1740 2490 primo
1766 2417 1995 2475 canitur
2014 2419 2072 2475 ¹:
2102 2439 2130 2472 α
2151 2420 2226 2477 05

676 2508 817 2581 justi
846 2508 1227 2567 meditabitur
1249 2510 1597 2585 sapientiam
1629 2530 1645 2569 :
1676 2532 1705 2568 »
1728 2511 1825 2570 hic
1850 2516 2015 2571 actus
2036 2515 2228 2572 medi-

678 2601 847 2660 tandi
888 2602 1227 2662 attribuitur
1273 2605 1383 2663 ori.
1433 2608 1510 2664 De
1554 2606 1820 2665 secundo
1857 2608 2132 2666 scribitur
2154 2607 2223 2667 ἐ

685 2715 715 2750 α
756 2695 1065 2755 Veritatem
1111 2697 1494 2756 meditabitur
1534 2703 1731 2772 guttur
1767 2717 1969 2758 meum
2008 2720 2021 2759 :
2064 2723 2094 2755 »ι
2126 2702 2224 2760 1110

680 2792 844 2848 actus
881 2790 1209 2849 meditandi
1257 2791 1589 2851 attribuitur
1642 2795 1881 2867 gutturi.
1931 2799 2009 2854 De
2050 2797 2221 2855 tertio

676 2884 891 2956 legitur
926 2883 949 2920 ⁸
982 2902 996 2941 ε
1028 2904 1059 2940 α
1096 2887 1253 2943 Μο05
1297 2886 1439 2959 justi
1492 2886 1877 2947 meditabitur
1934 2890 2221 2949 obedien-

676 2977 818 3036 tiam
850 2997 866 3035 :
897 2998 926 3031 »
952 2977 1050 3036 hie
1078 2981 1240 3037 actus
1280 2979 1607 3039 meditandi
1645 2982 1980 3041 attribuitur
2015 2984 2218 3044 menti.

1073 3127 1081 3135 ’
1168 3140 1445 3197 Articulus
1482 3145 1730 3214 quartus.

746 3266 1030 3336 Quartum
1064 3264 1387 3324 intenditur
1405 3308 1426 3337 ,
1462 3283 1598 3326 cum
1641 3267 1889 3327 infertur
1928 3287 1942 3327 :
1983 3272 2221 3344 Eloquia

678 3364 776 3417 tua
802 3402 823 3432 ,
862 3359 1123 3419 maxime
1168 3359 1470 3432 figuralia,
1513 3362 1574 3419 in
1620 3361 1842 3437 quibus
1887 3362 2081 3422 existit
2121 3382 2216 3424 sa-

672 3452 893 3529 pientia
922 3452 985 3511 in
1009 3454 1291 3528 mysterio
1320 3454 1704 3529 abscondita,
1735 3457 1903 3530 qu'us
1928 3457 2215 3534 inspectio

670 3551 758 3605 est
778 3546 1105 3621 insipientis
1144 3547 1405 3606 refectio.
1439 3552 1506 3607 Et
1530 3552 1672 3608 nota
1685 3593 1704 3623 ,
1733 3551 1901 3625 quod
1940 3552 2066 3611 haec
2092 3553 2215 3611 elo·

668 3643 811 3716 quia
835 3645 974 3699 sunt
997 3641 1396 3701 meditationis
1434 3644 1736 3718 tripartitae
1770 3646 2017 3704 materia
2034 3686 2055 3718 ,
2084 3647 2210 3718 ori,

666 3736 887 3808 gutturi
915 3778 934 3808 ,
977 3739 1034 3794 et
1074 3736 1258 3794 menti
1300 3738 1741 3809 convenientia,
1784 3738 1928 3814 quia
1969 3740 2213 3799 sensibi-

664 3830 796 3888 liter
822 3829 1221 3904 proferuntur,
1242 3831 1384 3904 quia
1411 3832 1667 3891 suaviter
1688 3834 2043 3907 inferuntur,
2066 3835 2213 3909 quia

664 3923 964 3982 sinceriter
1015 3924 1358 3982 offeruntur.
1406 3928 1483 3983 De
1530 3927 1725 4001 primo
1771 3928 2076 3988 Psalmista
2117 3930 2209 3987 di-

665 4018 743 4076 cit
787 4018 810 4052 *
858 4036 873 4075 :
923 4038 952 4072 α
997 4018 1406 4077 pronuntiabit
1452 4019 1660 4094 lingua
1710 4037 1845 4079 mea
1896 4022 2208 4097 eloquium

663 4127 837 4169 suum
869 4128 884 4168 ε
923 4131 953 4165 n
998 4111 1095 4169 hic
1135 4111 1443 4186 eloquium
1495 4114 1787 4187 profertur
1828 4116 2201 4176 sensibiliter.

664 4209 742 4264 De
768 4206 1031 4265 secundo
1071 4208 1364 4282 Propheta
1406 4208 1603 4283 psallit
1625 4211 1648 4245 ⁸
1680 4229 1694 4267 ε
1732 4230 1759 4264 α
1791 4212 1975 4281 Quam
2002 4213 2207 4272 dulcia

661 4299 933 4358 faucibus
957 4301 1106 4358 meis
1141 4301 1385 4376 eloquia
1412 4306 1513 4360 tua
1543 4307 1556 4359 t
1591 4323 1618 4357 ιο
1651 4302 1748 4361 1110
1776 4304 2086 4379 eloquium
2114 4307 2205 4365 in-

661 4393 843 4452 fertur
869 4394 1142 4452 suaviter.
1176 4399 1253 4453 De
1285 4395 1457 4454 tertio
1486 4380 1700 4455 Paulus
1728 4398 1807 4456 ait
1824 4399 1884 4455 ⁶:
1917 4418 1946 4453 α
1974 4400 2207 4460 Credita

661 4491 798 4546 sunt
832 4486 949 4546 illis
974 4488 1217 4564 eloquia
1247 4490 1346 4549 Dei
1376 4509 1391 4548 ε
1422 4512 1451 4545 ιο
1484 4492 1582 4550 1110
1623 4493 1932 4568 eloquium
1961 4495 2205 4555 offertur

660 4580 977 4641 sinceriter.

1301 4655 1560 4723 Epilogus.

704 4769 1026 4829 Ostendens
1045 4787 1190 4844 ergo
1204 4772 1495 4847 Propheta
1512 4772 1766 4848 qualiter
1782 4776 2077 4835 orandum
2089 4792 2200 4851 pro

660 4864 961 4924 saturitate
996 4865 1255 4940 interna,
1294 4866 1436 4925 dicit
1463 4885 1476 4924 :
1512 4868 1897 4928 Proevenerunt
1931 4873 2073 4928 oculi
2095 4878 2206 4930 mei

661 4958 736 5014 ad
763 4961 842 5030 te,
874 4963 1165 5034 quantum
1202 4960 1281 5018 ad
1309 4960 1621 5020 oculorum
1650 4963 2005 5023 exteriorum
2048 4981 2203 5039 pra».-

657 5055 927 5120 ventum,
961 5054 1130 5129 quod
1159 5057 1245 5112 est
1282 5057 1753 5130 compunctionis
1768 5076 1786 5129 ;
1821 5060 2069 5117 Diluculo
2088 5103 2109 5127 ,
2137 5058 2202 5118 id

659 5148 904 5205 estante
945 5148 1086 5207 solis
1126 5148 1478 5222 adventum,
1509 5150 1678 5225 quod
1716 5155 1805 5210 est
1831 5154 2199 5227 contempla-

658 5237 870 5315 tionis;
913 5244 983 5299 Ut
1025 5244 1325 5301 meditarer
1353 5287 1373 5317 ‚
1420 5248 1711 5320 quantum
1761 5247 1841 5305 ad
1885 5247 2200 5306 oculorum

719 5368 737 5402 ¹
759 5368 898 5420 Psal.
926 5380 1106 5433 xxxvi,
1132 5372 1213 5421 30.
1239 5397 1301 5408 -
1328 5371 1351 5405 ²
1371 5373 1538 5436 mv„
1568 5385 1683 5437 vm,
1711 5376 1762 5423 7.
1785 5399 1847 5413 -·
1872 5375 1891 5405 ³
1913 5377 2082 5435 Ρωυ..
2113 5386 2196 5439 xv,

660 5439 739 5491 28.
762 5465 823 5476 —
848 5440 869 5475 δ
893 5440 1029 5493 Psal.
1056 5441 1183 5507 hoc,
1218 5444 1322 5499 ¹72.
1348 5469 1409 5480 —
1441 5444 1464 5478 ⁸
1492 5444 1639 5512 thid„
1670 5448 1776 5497 ¹03.
1798 5473 1859 5485 —
1884 5448 1905 5479 ⁸
1931 5447 2086 5504 Rom..
2114 5456 2197 5511 ιιι,

1733 492 2146 559 EXPOSlTlO
2191 489 2270 557 IN
2316 492 2846 560 PSALTERIUM.

2341 628 2688 687 interiorum
2709 632 3091 705 perventum,
3121 629 3288 704 quod
3330 632 3418 687 est
3442 627 3867 702 meditationis;

2340 725 2576 795 Eloquia
2598 728 2689 780 tua
2701 764 2723 794 ‚
2748 726 3040 797 quantum
3067 723 3149 783 ad
3171 722 3490 798 mysticum
3514 722 3868 796 alimentum,

2340 818 2508 893 quod
2537 822 2623 876 est
2668 818 3087 877 consolationis
3095 860 3115 890 ,
3154 818 3251 875 vel
3296 818 3707 877 consolatorias
3744 818 3869 876 illu-

2341 911 2703 971 minationis.

2902 1060 3234 1103 mersurus
3259 1062 3313 1103 v.

2414 1194 2535 1250 1⁴9.
2569 1195 2757 1251 Vocem
2784 1208 2957 1251 meam
2983 1194 3155 1264 audi,
3185 1197 3294 1251 etc.
3324 1193 3578 1252 Virilitas
3598 1194 3872 1253 orationis

2336 1281 2608 1344 mentalis
2636 1284 2700 1344 in
2726 1286 3078 1360 praecedenti
3108 1288 3488 1361 quaternario
3517 1288 3731 1347 claruit
3747 1309 3767 1362 ;
3791 1290 3870 1346 vi·

2336 1379 2520 1438 rilitas
2567 1379 2852 1438 orationis
2895 1379 3122 1439 vocalis
3164 1381 3225 1438 in
3278 1382 3550 1456 proesenti
3598 1382 3868 1441 clarescit.

2336 1472 2588 1532 virilitas
2613 1473 3028 1547 huiuscemodi
3063 1478 3329 1532 servatur
3367 1475 3432 1533 in
3474 1475 3742 1534 oratione
3781 1493 3872 1534 vo·

2337 1567 2449 1626 cali
2492 1567 2786 1643 praecipue
2822 1584 2935 1643 pro
2978 1569 3370 1643 quadriformi
3410 1570 3866 1628 commoditate:

2335 1661 2554 1720 scilicet
2595 1666 2661 1720 ut
2696 1661 2874 1720 homo
2904 1664 3158 1721 exterior
3185 1678 3292 1737 per
3338 1663 3679 1722 interiorem
3703 1680 3869 1722 exau-

2338 1756 2570 1830 diatur3
2599 1761 2663 1814 ut
2687 1756 2871 1815 homo
2901 1757 3143 1815 interior
3167 1772 3276 1831 per
3303 1757 3654 1816 exteriorem
3683 1761 3868 1816 custo·

2336 1849 2563 1923 diatur3
2609 1854 2674 1908 ut
2707 1850 2788 1909 ad
2834 1850 3140 1909 hominem
3181 1850 3522 1910 interiorem
3549 1868 3660 1925 per
3693 1852 3871 1910 homi-

2333 1960 2474 2004 nem
2517 1945 2867 2004 exteriorem
2914 1945 3124 2004 doctor
3168 1946 3438 2020 superior
3465 1945 3867 2020 ingrammus-5

2334 2042 2401 2097 ut
2425 2055 2533 2113 per
2559 2039 2865 2097 hominem
2893 2040 3243 2098 exteriorem
3268 2041 3452 2098 homo
3481 2040 3729 2098 interior
3750 2056 3870 2098 eru-

2335 2134 2552 2204 diatur,
2593 2133 2743 2191 siout
2783 2132 2916 2191 luce
2963 2133 3177 2191 clarius
3203 2133 3267 2191 in
3306 2137 3562 2207 quatuor
3608 2134 3868 2192 versibus

2334 2225 2684 2285 declaratur.
2732 2227 2994 2285 Primum
3042 2226 3354 2285 articulum
3397 2227 3630 2301 primus
3675 2245 3867 2286 versus

2333 2320 2627 2392 declarat,
2658 2321 2802 2380 dum
2823 2321 3113 2396 Propheta
3141 2322 3224 2379 510
3262 2323 3392 2380 orat
3423 2340 3437 2377 ε
3474 2324 3699 2394 Vocem,
3725 2326 3864 2394 etc.;

2331 2431 2402 2473 ac
2439 2416 2488 2472 si
2533 2414 2725 2474 dicat:
2757 2415 3036 2487 Domine,
3072 2415 3218 2473 audi
3260 2431 3459 2473 meam
3500 2417 3868 2475 vociteratio-

2329 2524 2468 2568 nem
2496 2509 2825 2567 secundum
2863 2512 3027 2567 tuam
3067 2510 3506 2567 miserationem
3528 2553 3547 2583 ,
3575 2513 3636 2567 et
3664 2527 3864 2569 secun-

2331 2604 2479 2661 dum
2515 2602 2723 2676 judicii
2765 2602 2847 2660 tui
2887 2602 3420 2661 considerationem
3465 2604 3708 2663 vivifica
3726 2648 3745 2678 ,
3774 2605 3865 2662 vel

2331 2697 2540 2772 vigora
2567 2714 2765 2756 meam
2788 2696 3214 2772 operationem.
3242 2698 3381 2768 Quis
3408 2698 3635 2757 nesciat
3655 2742 3674 2770 ‚
3706 2699 3862 2774 quod

2330 2809 2533 2850 versus
2577 2793 2680 2850 iste
2727 2794 2982 2866 quatuor
3035 2791 3544 2866 comprehendat,
3593 2793 3863 2851 videlicet

2328 2886 2810 2945 vociferationem
2834 2928 2855 2959 ,
2910 2886 3348 2944 miserationem
3372 2929 3392 2957 ‚
3441 2887 3861 2945 consideratio-

2327 2996 2496 3053 nem,
2532 2984 2591 3038 et
2630 2979 3036 3055 operationem
3062 2980 3090 3035 ¹?
3128 2983 3229 3037 aut
3272 2979 3407 3054 quis
3456 2996 3582 3039 non
3627 2980 3861 3051 videat,

2325 3074 2494 3151 quod
2523 3074 2865 3133 vociferatio
2904 3074 2985 3132 ad
3029 3072 3336 3132 hominem
3380 3073 3677 3147 pertineat
3712 3077 3861 3132 exte-

2324 3171 2573 3243 riorem,
2603 3168 2902 3228 miseratio
2939 3169 3020 3226 ad
3053 3169 3429 3240 interiorem,
3455 3185 3695 3227 rursum
3723 3184 3856 3228 con-

2322 3266 2601 3326 sideratio
2637 3265 2719 3325 ad
2751 3265 3091 3325 interiorem
3118 3307 3135 3337 ‚
3175 3264 3441 3339 operatio
3490 3265 3571 3325 ad
3616 3265 3858 3325 exterio-

2322 3378 2450 3420 rem
2470 3364 2500 3419 ⁴?

2806 3432 3088 3490 Articulus
3137 3434 3370 3504 primus.

2393 3550 2650 3608 Primum
2693 3552 3084 3623 praenotatur,
3123 3565 3263 3606 cum
3299 3546 3572 3622 psallitur
3612 3568 3626 3606 :
3675 3552 3857 3607 Vocem

2318 3662 2491 3701 meam
2515 3644 2650 3700 audi
2673 3661 2694 3701 .·
2725 3659 2861 3701 0000
2891 3642 3263 3701 vociferantis
3291 3642 3485 3702 oratio
3503 3685 3523 3713 ,
3550 3629 3647 3701 vel
3689 3659 3857 3701 oran-

2317 3738 2391 3797 tis
2433 3737 2799 3796 vociferatio.
2854 3737 2978 3795 Tali
3030 3736 3447 3795 vociferatione
3505 3736 3856 3795 vociferatur

2315 3832 2500 3891 homo
2542 3832 2795 3889 exterior
2831 3831 3045 3907 triplici
3085 3830 3311 3889 ratione
3341 3849 3355 3889 ε
3386 3829 3608 3907 501110οῐ
3638 3837 3743 3889 aut
3773 3846 3856 3887 ra-

2315 3927 2474 3985 tione
2516 3925 2879 3984 contritionis
2900 3967 2920 3995 ,
2963 3929 3065 3983 aut
3106 3923 3335 3982 ratione
3379 3924 3670 3999 passionis
3691 3967 3716 3995 ,
3759 3929 3856 3982 aut

2313 4021 2541 4078 ratione
2585 4019 3032 4093 compassionis.
3076 4019 3238 4076 Unde
3278 4018 3645 4091 notandum,
3690 4019 3852 4093 quod

2313 4114 2642 4172 secundum
2696 4112 3002 4188 Scripturas
3056 4112 3458 4170 testinnonium
3498 4155 3518 4183 ‚
3560 4114 3851 4171 invenitur

2311 4208 2495 4267 homo
2517 4207 2772 4266 exterior
2790 4208 3071 4279 clamans,
3098 4205 3461 4276 exclamans,
3487 4207 3844 4265 inclamans:

2313 4301 2568 4360 clamare
2609 4316 2869 4375 namque
2913 4299 3157 4370 dicitur,
3202 4299 3307 4373 qui
3348 4300 3664 4358 conteritur
3694 4320 3714 4372 ;
3756 4317 3848 4359 ex·

2313 4396 2601 4466 clamare,
2631 4395 2734 4469 qui
2777 4394 3023 4469 patitur3
3054 4392 3376 4451 inclamare
3400 4435 3417 4465 ‚
3457 4394 3560 4468 qui
3609 4409 3846 4468 compa-

2309 4493 2466 4550 titur.
2497 4493 2572 4547 De
2598 4489 2793 4563 primo
2822 4486 3095 4545 scribitur
3137 4488 3199 4543 ⁷:
3235 4506 3263 4541 α
3291 4488 3445 4544 Voce
3474 4503 3608 4545 mea
3634 4488 3710 4545 ad
3738 4491 3841 4545 Do·

2310 4585 2542 4645 minum
2585 4582 2837 4642 clamavi
2857 4600 2875 4655 3
2901 4601 2930 4637 »
2964 4584 3022 4638 et
3065 4580 3217 4638 infra
3257 4600 3272 4639 ι
3322 4600 3350 4635 α
3388 4580 3844 4640 Tribulationem

2309 4695 2508 4739 meam
2536 4680 2670 4735 ante
2698 4677 2893 4751 ipsum
2920 4675 3240 4749 pronuntio
3271 4692 3286 4731 ε
3319 4695 3347 4726 »
3382 4691 3517 4733 ecce
3565 4692 3682 4733 vox
3731 4676 3842 4733 cla-

2311 4774 2525 4833 mantis
2552 4773 2615 4831 10
2656 4770 3023 4829 contritione.
3069 4772 3147 4826 De
3197 4769 3459 4827 secundo
3487 4770 3553 4827 ⁸:
3595 4789 3622 4824 (ι
3650 4770 3843 4828 Excla-

2309 4869 2493 4927 mavit
2527 4882 2676 4925 voce
2717 4880 2937 4937 magna
2981 4864 3287 4935 Susanna,
3317 4866 3374 4919 et
3406 4863 3583 4937 dixit3
3615 4885 3645 4919 n
3678 4870 3734 4922 et
3761 4866 3842 4921 in-

2306 4963 2397 5021 fra
2422 4980 2436 5020 ε
2473 4981 2501 5014 «
2536 4963 2679 5018 Ecce
2705 4957 2932 5015 morior
2958 4974 2972 5014 ε
2996 4976 3023 5011 1>
3056 4972 3191 5013 ecce
3219 4972 3340 5014 vox
3368 4958 3752 5015 exclamantis
3778 4957 3836 5014 in

2307 5056 2602 5133 passione.
2642 5058 2719 5112 De
2747 5052 2916 5111 tertio
2943 5051 2964 5088 ⁹
2998 5069 3012 5108 :
3049 5070 3079 5104 α
3101 5051 3602 5125 Appropinquans
3626 5067 3733 5111 rex
3756 5052 3837 5110 la-

2308 5150 2427 5223 cui,
2456 5147 2756 5208 Danielem
2794 5161 2940 5203 voce
2981 5142 3357 5218 lacrymabili
3394 5144 3736 5203 inclamavit
3761 5163 3774 5202 :
3803 5165 3829 5198 n

2307 5261 2444 5305 0000
2470 5260 2589 5303 vox
2609 5238 2981 5300 inclamantis
3007 5239 3070 5296 in
3099 5236 3531 5312 compassione.

2306 5378 2354 5428 2.
2377 5400 2441 5412 —
2479 5375 2496 5404 ⁷
2526 5369 2664 5423 Ptol.
2703 5380 2851 5433 cxm,
2885 5371 2941 5432 2,
2973 5368 3022 5417 3.
3049 5392 3113 5405 -
3154 5367 3172 5396 ⁸
3207 5366 3358 5430 Dan„
3399 5377 3526 5429 ¹111,
3554 5368 3642 5432 42,
3676 5369 3752 5420 43.
3778 5393 3836 5405 —

2303 5445 2327 5482 θ
2354 5446 2506 5511 Dan„
2538 5455 2611 5509 v1,
2635 5444 2712 5495 20.
