4196 6294
1697 454 1952 524 CAPUT
1992 454 2128 523 ΧΠ.

313 595 432 673 est,
460 591 869 659 deliberatam
889 591 1348 658 discussionem
1368 596 1434 659 et
1452 591 1850 673 sententiam,

317 702 487 768 Data
520 704 676 767 sunt
708 716 750 766 a
784 704 1040 782 pastore
1073 716 1233 780 uno,
1272 699 1339 765 id
1364 702 1486 781 est,
1517 719 1558 765 a
1584 699 1852 778 Christo,

315 810 431 893 qui
454 812 550 874 est
574 812 789 893 pastor
816 809 877 872 ¹:
916 830 947 869 a
971 808 1109 891 Ego
1136 827 1282 875 sum
1310 812 1525 893 pastor
1549 808 1782 873 bonus.
1813 829 1845 868 n

317 917 417 983 Ab
451 916 573 981 isto
599 920 846 999 pastore
871 917 1070 985 verba
1092 916 1472 1001 sapientium
1499 918 1649 981 sunt
1675 914 1848 995 data3

318 1024 503 1108 quia,
551 1023 904 1089 secundum
952 1025 1125 1108 quod
1167 1025 1317 1090 dicit
1359 1024 1763 1107 Augustinus
1789 1026 1852 1089 ²:

328 1154 360 1194 α
387 1131 760 1196 cathedram
777 1132 971 1197 habet
996 1133 1066 1196 in
1095 1132 1277 1212 coelo,
1305 1132 1511 1215 quiin
1535 1132 1723 1196 terris
1751 1131 1858 1197 do-

320 1243 437 1306 cet.
482 1262 513 1299 n
543 1239 721 1304 Unde
765 1239 996 1305 dicitur
1020 1239 1084 1305 ⁸:
1125 1262 1157 1301 c<
1200 1239 1378 1305 Unus
1419 1243 1514 1305 est
1553 1241 1857 1322 magister

321 1351 534 1413 vester
559 1347 858 1413 Christus.
888 1370 921 1408 n
954 1347 1116 1414 Sunt
1141 1352 1359 1413 tamen
1387 1349 1533 1414 data
1562 1364 1679 1432 per
1705 1365 1857 1416 con-

316 1456 540 1523 silium
583 1458 1073 1539 maqistrorum‚
1121 1458 1185 1522 id
1239 1460 1366 1538 est3
1415 1458 1858 1524 ministrorum

316 1564 501 1629 istius
536 1565 775 1630 summi
818 1564 1143 1647 Magistri,
1177 1584 1338 1649 quos
1376 1566 1512 1649 ipse
1542 1566 1751 1646 misit,
1793 1569 1858 1632 et

318 1671 570 1752 docuit;
616 1672 788 1738 unde
817 1673 1048 1739 dicitur
1074 1682 1098 1717 ⁴
1130 1697 1146 1739 ι
1175 1696 1206 1737 α
1234 1673 1559 1754 Seniores,
1587 1677 1854 1757 pascite,

317 1780 526 1863 quiin
549 1780 732 1847 vobis
761 1784 876 1861 est,
902 1799 1173 1863 gregem
1201 1782 1331 1862 Dei,
1357 1785 1431 1847 ut
1447 1800 1595 1847 cum
1611 1783 1859 1849 venerit

318 1886 619 1971 Princeps
645 1891 1002 1971 pastorum,
1044 1890 1404 1973 percipiatis
1429 1890 1856 1956 immarcesci-

315 1996 510 2060 bilem
541 1996 768 2078 gloriae
796 2014 1122 2062 coronam.
1153 2020 1184 2057 n
1220 1997 1349 2062 Hos
1374 1997 1547 2062 misit
1569 1998 1729 2081 ipse,
1760 1999 1855 2064 di·

318 2124 466 2172 cens
485 2112 543 2170 ⁸:
572 2129 602 2166 α
624 2106 864 2172 Euntes
882 2124 1039 2189 ergo
1061 2107 1277 2171 docete
1303 2123 1526 2170 omnes
1555 2113 1801 2188 gentes,
1818 2129 1849 2169 s

399 2219 498 2279 12.
521 2214 644 2280 His
663 2215 969 2299 amplius,
991 2218 1109 2279 etc.
1143 2213 1259 2278 Hic
1282 2214 1469 2279 tertio
1487 2214 1859 2296 reprimitur

318 2321 647 2388 curiositas
689 2324 1056 2388 auditorum
1071 2372 1092 2403 ,
1144 2339 1307 2406 quos
1350 2321 1695 2404 alloquitur
1737 2323 1859 2388 sub

316 2448 589 2514 persona
613 2430 762 2512 filii,
811 2431 1056 2497 dicens:
1090 2432 1216 2497 His
1245 2429 1556 2513 amplius,
1588 2430 1692 2511 sili
1729 2433 1855 2511 mi,

316 2555 396 2606 ne
430 2540 727 2621 requiras
741 2588 763 2620 ,
804 2544 875 2605 ut
917 2558 1169 2624 semper
1205 2540 1365 2606 velis
1404 2539 1623 2605 audire
1648 2557 1854 2605 nova:

316 2646 549 2713 sufficit
576 2647 751 2712 enim
792 2647 952 2712 scire
975 2646 1358 2726 necessaria,
1394 2647 1585 2729 juxta
1608 2646 1767 2713 illud
1795 2654 1817 2690 ⁸
1837 2667 1869 2730 ’s

320 2777 352 2817 α
374 2755 529 2835 Quae
548 2756 848 2840 praecepit
866 2756 981 2821 tibi
1008 2755 1200 2837 Deus,
1224 2756 1435 2838 cogita
1454 2755 1565 2820 illa
1584 2772 1854 2840 semper,

316 2868 382 2930 et
409 2865 479 2929 in
506 2864 797 2949 pluribus
827 2865 1127 2948 operibus
1152 2867 1294 2948 ejus
1320 2883 1403 2929 ne
1431 2864 1629 2963 fueris
1656 2865 1860 2930 curio-

318 2991 450 3039 suS.
481 2995 511 3033 n
547 2973 626 3038 Et
659 2973 944 3038 redditur
968 2973 1131 3038 ratio
1163 2972 1401 3055 duplex
1422 2973 1621 3051 hujus
1648 2972 1861 3038 admo-

315 3081 615 3147 nitionis:
664 3080 817 3165 quia
857 3080 1187 3164 inquisitio
1229 3080 1430 3163 hujus
1470 3080 1860 3145 curiositatis

316 3194 411 3255 est
434 3189 876 3267 interminata;
909 3187 1053 3253 ideo
1081 3187 1262 3252 dicit:
1309 3186 1624 3253 Faciendi
1645 3187 1860 3271 plures

315 3299 507 3367 libros
529 3299 744 3366 nullus
771 3303 863 3365 est
888 3297 1088 3378 tinis;
1126 3295 1279 3379 quia
1309 3295 1544 3361 curiosi
1581 3313 1713 3362 non
1740 3297 1854 3362 ha-

314 3408 470 3473 bent
512 3409 639 3488 tot,
697 3406 856 3490 quin
902 3405 1103 3470 velint
1145 3402 1369 3468 audire
1409 3404 1661 3487 plureS,
1705 3390 1860 3488 quia

312 3534 648 3599 nunquam
667 3515 895 3580 volunt
921 3513 1145 3578 audire
1183 3514 1426 3592 vetera,
1470 3514 1580 3578 sed
1609 3531 1861 3598 semper

312 3640 503 3688 nova.
550 3620 728 3688 Unde
751 3623 815 3686 ⁷:
852 3643 883 3683 α
920 3619 1340 3686 Athenienses
1368 3618 1448 3683 ad
1486 3619 1649 3683 nihil
1686 3619 1861 3685 aliud

313 3730 644 3810 vacabant,
678 3728 803 3794 nisi
834 3732 947 3793 aut
974 3728 1204 3806 dicere,
1234 3729 1348 3791 aut
1369 3724 1596 3791 audire
1618 3725 1859 3810 aliquid

311 3835 491 3902 novi.
528 3857 560 3895 ι)
599 3834 743 3900 Ideo
785 3834 1017 3900 dicitur
1037 3836 1101 3898 ⁸:
1139 3856 1171 3895 α
1208 3832 1690 3899 Pertransibunt
1714 3835 1862 3918 plu-

310 3944 482 4010 rima
509 3945 832 4025 tempora,
861 3945 925 4006 et
953 3941 1292 4025 multiplex
1335 3941 1458 4005 erit
1495 3941 1787 4022 scientia;
1820 3964 1852 4003 n

310 4071 393 4118 eo
427 4051 597 4136 quod
640 4049 902 4115 scientia
934 4066 1186 4131 semper
1215 4049 1497 4132 quodam
1536 4051 1726 4115 modo
1756 4069 1858 4115 re-

309 4161 613 4226 novatur.
660 4155 715 4223 N
717 4175 787 4222 ec
825 4159 1076 4221 tantum
1121 4160 1218 4222 est
1264 4158 1675 4223 interminata
1690 4207 1709 4239 ,
1752 4161 1861 4224 sed

310 4267 510 4332 etiam
556 4265 873 4330 laboriosa
916 4266 982 4328 et
1016 4263 1270 4329 curiosa
1310 4265 1637 4349 inquisitio
1654 4314 1674 4346 ,
1718 4266 1862 4332 ideo

307 4374 562 4441 subdit:
582 4375 1020 4457 Frequensque
1045 4372 1384 4443 meditatio
1407 4377 1628 4442 carnis
1656 4380 1745 4444 est
1767 4379 1864 4459 ar-

306 4482 544 4565 flictio.
575 4487 598 4523 ⁹
632 4503 664 4543 α
687 4480 923 4564 Vigilia
963 4481 1309 4546 honestatis
1345 4483 1674 4549 tabefaciet
1716 4503 1861 4551 car-

305 4605 488 4654 nem.
528 4610 560 4648 n
597 4586 728 4668 Est,
761 4588 1058 4671 inquam,
1103 4588 1359 4654 afflictio
1400 4607 1682 4672 magna,
1720 4595 1783 4656 et
1825 4611 1862 4658 e

305 4695 634 4762 contrario
686 4696 928 4761 utilitas
966 4687 1246 4776 modica,
1292 4699 1644 4765 secundum
1690 4700 1862 4783 quod

305 4804 558 4870 dictum
583 4807 679 4868 est
698 4821 893 4886 supra
912 4805 959 4843 ¹⁰
973 4825 1029 4868 :a
1055 4806 1164 4869 Est
1184 4805 1403 4885 homo,
1420 4805 1622 4889 quiin
1639 4806 1862 4873 diebus

304 4914 382 4979 et
407 4911 703 4976 noctibus
727 4928 863 4975 non
888 4912 1056 4995 capit
1073 4931 1373 4978 somnum
1400 4914 1602 4980 oculis
1631 4936 1647 4979 ε
1681 4919 1744 4980 et
1766 4916 1863 4981 in-

303 5017 556 5097 tellexi,
577 5018 751 5101 quod
772 5035 1041 5102 operum
1059 5018 1170 5085 Dei
1184 5021 1434 5087 nullam
1445 5023 1645 5106 possit
1663 5022 1860 5090 homo

303 5125 612 5207 invenire
638 5125 976 5192 rationem.
1004 5148 1035 5189 n

383 5251 587 5314 ¹Joan.,
630 5265 694 5314 x,
733 5254 818 5314 11,
859 5254 935 5304 14.
962 5278 1025 5291 —
1054 5253 1073 5284 ²
1107 5255 1260 5321 Aug„
1299 5255 1362 5306 de
1400 5255 1611 5322 Discipl.
1650 5256 1860 5323 Christ„

303 5339 361 5376 c.
396 5333 479 5387 111,
506 5323 561 5374 in
583 5322 786 5375 fine.—
813 5324 832 5355 ³
852 5325 1058 5385 Manli..
1086 5337 1242 5390 xxm,
1271 5331 1345 5379 10.
1369 5354 1433 5366 —
1451 5329 1470 5359 ⁴
1495 5330 1513 5378 1
1543 5331 1699 5387 Petr..
1732 5341 1782 5396 v,
1810 5333 1860 5381 2.

303 5419 379 5435 --
409 5392 431 5428 ⁸
457 5395 659 5460 matth„
687 5406 884 5461 xxvm,
915 5399 993 5447 19.
1022 5423 1086 5435 -
1112 5398 1135 5434 ⁶
1162 5397 1338 5461 Eccli„
1368 5410 1456 5464 m,
1484 5403 1565 5452 22.
1592 5426 1657 5440 —
1681 5403 1699 5434 ²
1726 5401 1861 5465 Act„

301 5477 467 5529 xvn.
493 5467 572 5521 24.
608 5495 661 5505 —
704 5469 724 5500 ⁸
749 5468 901 5530 Dan„
940 5479 1046 5533 ιιι,
1082 5472 1131 5523 4.
1162 5496 1226 5509 —
1260 5473 1280 5504 ⁹
1321 5471 1498 5539 Exti„
1536 5484 1690 5538 xm,
1723 5476 1768 5525 1.
1799 5500 1862 5513 —

3393 466 3511 533 683

2044 595 2144 658 13.
2162 592 2386 661 Finem
2404 592 2989 679 wquenaipariter,
3007 598 3129 663 etc.
3154 594 3271 663 Hic
3280 601 3512 681 quarto

1961 700 2257 782 tangitur
2292 702 2606 767 sententia
2643 702 2978 769 doctorum
3009 721 3126 788 per
3161 706 3511 788 quamdam

1963 807 2497 890 epilogationem‘‚
2525 809 2606 874 ad
2633 827 2830 893 quam
2864 810 3248 878 audiendam
3276 794 3341 879 et
3366 832 3509 881 me-

1963 917 2342 984 morandam
2363 919 2593 984 excitet
2610 919 3069 1005 discipulorum
3088 922 3504 1006 audientiam,

1964 1043 2115 1090 cum
2159 1025 2345 1091 dicit:
2389 1028 2621 1094 Finem
2658 1027 2997 1110 loquendi,
3027 1029 3092 1094 id
3118 1034 3244 1111 est,
3284 1031 3509 1096 termi-

1964 1152 2124 1198 num
2148 1136 2210 1198 et
2237 1135 2857 1210 consummationem
2880 1122 3241 1217 locutionis,
3260 1141 3510 1221 pariter

1965 1261 2176 1314 omnes
2204 1245 2576 1326 audiamu3,
2606 1250 2918 1330 tanquam
2940 1249 3240 1314 omnibus
3255 1251 3503 1334 utilem,

1964 1358 2029 1420 et
2051 1355 2498 1420 necessariam.
2529 1353 2608 1419 Et
2632 1356 2920 1421 consistit
2946 1356 3016 1421 in
3041 1356 3165 1422 hoc
3197 1360 3509 1426 sententia

1964 1463 2259 1528 omnium
2278 1462 2640 1528 doctorum:
2667 1463 2774 1530 vel
2797 1464 2867 1527 in
2890 1463 3309 1531 declinatione
3329 1467 3505 1549 mali,

1963 1572 2067 1638 vel
2090 1571 2161 1635 in
2177 1571 2647 1655 comparatione
2669 1571 2853 1636 boni:
2885 1572 2967 1637 ad
2985 1573 3157 1656 quod
3176 1574 3512 1642 ordinatur

1965 1675 2177 1739 omnis
2222 1674 2505 1739 doctrina
2521 1722 2539 1753 ‚
2583 1678 2647 1739 et
2673 1674 2908 1740 locutio
2946 1674 3336 1759 SalomoniS,
3378 1678 3512 1746 imo

1964 1780 2096 1847 tota
2137 1780 2485 1865 Scriptura.
2531 1781 2678 1847 Ideo
2724 1781 3058 1865 primitus,
3091 1786 3405 1866 quantum
3432 1787 3514 1853 ad

1967 1888 2451 1954 declinationem
2478 1888 2655 1969 mali,
2684 1889 2874 1954 dicit:
2904 1890 3110 1956 Deum
3136 1893 3362 1960 timc.¹¹
3392 1916 3424 1955 <t
3441 1892 3516 1960 In

1964 1996 2195 2061 timore
2212 1997 2388 2061 enim
2404 1996 2656 2061 Domini
2681 1996 2952 2062 declinat
2969 1999 3181 2064 omnis
3197 2019 3238 2065 a
3254 2000 3448 2068 malo.
3473 2026 3505 2065 n

1968 2105 2292 2183 Quantum
2346 2105 2430 2170 ad
2472 2105 2904 2189 operationem
2944 2106 3098 2171 boni
3113 2155 3136 2187 ‚
3188 2108 3341 2173 dicit
3369 2131 3388 2176 :
3431 2112 3518 2180 Et

1967 2211 2284 2280 mandata
2311 2211 2451 2294 ejus
2489 2213 2773 2279 observa.
2796 2218 2845 2254 ¹⁸
2887 2234 2919 2274 α
2950 2213 3156 2294 Audi,
3195 2214 3408 2299 Israel,
3455 2224 3520 2285 et

1967 2321 2261 2400 observa,
2296 2326 2368 2384 ut
2389 2320 2604 2400 facias,
2634 2339 2782 2404 quae
2801 2322 3106 2405 praecepit
3124 2323 3454 2393 Dominus.
3476 2351 3508 2388 n

1968 2430 2102 2496 Hoc
2121 2434 2217 2497 est
2237 2431 2445 2497 omnis
2468 2429 2673 2511 homo,
2695 2430 2762 2495 id
2784 2437 2899 2512 est,
2927 2433 3098 2496 totus
3120 2434 3185 2497 et
3202 2434 3517 2517 perfectus

1966 2537 2202 2603 homo:
2236 2536 2488 2602 sienim
2515 2537 2663 2602 facit
2687 2538 2970 2619 bonum,
2999 2542 3064 2604 et
3092 2557 3223 2605 non
3250 2541 3520 2610 declinat

1969 2664 2010 2709 a
2031 2644 2226 2725 malo,
2256 2663 2388 2711 non
2414 2646 2511 2709 est
2526 2644 2778 2728 integer
2803 2646 3026 2726 homo,
3048 2647 3160 2712 sed
3182 2648 3513 2732 dimidius3

1966 2769 2213 2832 rursus,
2259 2751 2314 2814 si
2351 2751 2619 2816 declinat
2651 2771 2692 2817 a
2723 2751 2927 2833 malo,
2963 2758 3027 2819 et
3066 2771 3201 2820 non
3234 2756 3381 2822 facit
3413 2758 3520 2824 bo-

1968 2877 2128 2924 num
2146 2908 2168 2939 ,
2199 2877 2330 2924 non
2356 2862 2453 2923 est
2476 2859 2601 2924 nisi
2623 2859 2961 2926 dimidius:
2996 2862 3050 2926 si
3076 2866 3299 2928 autem
3325 2865 3519 2931 decli-

1966 2970 2080 3031 nat
2108 2984 2147 3030 a
2173 2966 2341 3031 malo
2369 2984 2484 3050 per
2512 2966 2833 3048 timorem,
2864 2972 2928 3033 et
2958 2968 3107 3033 facit
3132 2970 3380 3035 bonum
3405 2990 3521 3055 per

1970 3075 2418 3140 mandatorum
2446 3074 2952 3142 observationem
2965 3125 2985 3160 ,
3010 3079 3151 3162 jam
3194 3084 3287 3147 cst
3314 3082 3521 3150 omnis

1969 3186 2184 3266 home,
2216 3186 2281 3250 id
2309 3190 2425 3266 est,
2455 3187 2768 3269 perfectus
2797 3193 2862 3253 et
2896 3190 3270 3273 completus.
3303 3189 3522 3258 Iustus

1969 3296 2282 3362 Dominus
2305 3295 2388 3360 ab
2413 3296 2675 3362 homine
2710 3297 2802 3362 nil
2831 3298 3112 3381 amplius
3138 3300 3409 3382 requirit
3434 3302 3513 3366 ¹⁸:

1981 3427 2013 3466 α
2037 3404 2117 3470 Et
2154 3422 2362 3485 nunc,
2394 3403 2617 3484 Israel,
2646 3405 2800 3489 quid
2839 3406 3151 3471 Dominus
3182 3408 3453 3491 requirit
3483 3428 3523 3475 a

1969 3515 2058 3591 te,
2087 3513 2211 3577 nisi
2239 3516 2316 3577 ut
2339 3512 2567 3577 timeas
2605 3513 2950 3578 Dominum
2980 3514 3183 3579 Deum
3211 3519 3426 3595 tuum,
3456 3521 3524 3581 et

1972 3619 2263 3684 ambules
2285 3619 2354 3683 in
2390 3618 2515 3685 viis
2554 3621 2726 3703 ejuS,
2764 3625 2828 3686 et
2864 3621 3109 3687 servias
3146 3621 3416 3687 Domino
3452 3623 3522 3687 in

1969 3732 2105 3794 toto
2128 3728 2316 3793 corde
2345 3730 2488 3807 tuo,
2524 3730 2589 3793 et
2612 3727 2682 3792 in
2714 3730 2850 3793 tota
2876 3729 3099 3793 anima
3121 3733 3235 3795 tua
3250 3777 3270 3810 ‚
3302 3733 3521 3797 custo-

1974 3836 2237 3921 diasque
2266 3835 2567 3902 mandata
2598 3834 2848 3900 Domini
2884 3836 2996 3901 Dei
3032 3836 3217 3901 tum
3253 3835 3332 3902 Et
3356 3838 3519 3905 ratio

1974 3947 2070 4008 est
2086 3990 2106 4021 ,
2151 3961 2351 4027 quare
2384 3943 2551 4008 Deus
2594 3942 2916 4009 timendus
2956 3942 3067 4024 sit,
3116 3945 3189 4008 et·
3220 3935 3522 4011 mandata

1972 4053 2115 4133 ejus
2147 4051 2272 4114 sint
2297 4049 2736 4117 observanda:
2767 4049 2921 4132 quia
2946 4049 3025 4115 de
3052 4050 3353 4116 omnibus
3378 4052 3515 4118 exi-
3592 4083 3597 4092 ·

1973 4164 2085 4245 get
2116 4161 2459 4242 rationem,
2486 4160 2623 4225 sive
2657 4160 2735 4225 de
2761 4160 2979 4242 bonis,
3011 4161 3149 4228 sive
3184 4162 3262 4229 de
3292 4164 3515 4231 malis:

1974 4268 2119 4334 ideo
2160 4268 2373 4333 subdit
2413 4273 2518 4344 (v.
2550 4268 2659 4352 14)
2693 4289 2711 4334 ε
2757 4268 2841 4335 Et
2870 4274 3105 4337 cuncta
3144 4286 3289 4354 quoe
3326 4272 3515 4355 fiunt,

1975 4376 2253 4444 adducet
2286 4377 2442 4444 Deus
2469 4376 2546 4442 in
2561 4375 2897 4460 judicium
2915 4392 3034 4460 pro
3062 4379 3241 4445 omni
3266 4384 3474 4448 errato
3494 4399 3519 4445 .·

1973 4484 2129 4567 quia
2153 4484 2316 4549 nihil
2358 4485 2713 4550 remanebit
2738 4484 3193 4565 indiscussum,
3223 4503 3343 4551 nec
3371 4503 3519 4569 ges-

1974 4595 2117 4656 tum
2130 4610 2246 4674 per
2256 4591 2587 4673 malitiam,
2602 4609 2723 4657 nec
2737 4595 2996 4674 gestum
3010 4610 3125 4676 per
3141 4610 3426 4659 errorem
3441 4595 3515 4660 ¹⁸:

1982 4723 2014 4763 α
2052 4700 2141 4765 De
2178 4700 2354 4765 omni
2390 4699 2565 4765 enim
2606 4701 2803 4766 verbo
2842 4701 3069 4781 otioso,
3116 4701 3288 4784 quod
3327 4701 3520 4768 locuti

1972 4809 2215 4875 fuerint
2228 4808 2544 4888 homines,
2574 4809 2841 4874 reddent
2866 4808 3205 4874 rationem.
3223 4831 3255 4869 n
3279 4807 3358 4874 Et
3381 4827 3516 4875 non

1971 4921 2224 4982 tantum
2245 4917 2662 4983 discutientur
2688 4916 2879 4997 mala,
2901 4916 3033 4983 imo
3052 4920 3117 4983 et
3140 4918 3341 4998 bona;
3371 4918 3515 4985 ideo

1974 5024 2220 5091 subdit:
2249 5026 2408 5092 Sive
2435 5026 2688 5106 bonum,
2732 5027 2869 5094 sive
2896 5027 3138 5094 malum
3162 5027 3274 5105 sit,
3309 5024 3517 5092 addu-

1973 5136 2154 5199 cetur
2191 5132 2262 5199 in
2304 5132 2568 5217 judicio,
2613 5133 2784 5200 unde
2819 5133 2906 5199 ²⁸:
2950 5156 2983 5198 ι
3020 5133 3179 5200 Cum
3218 5151 3517 5218 accepero

1979 5333 2014 5363 ¹·
2043 5332 2229 5396 Supra,
2261 5344 2377 5398 vm,
2407 5334 2485 5385 16.
2514 5357 2575 5370 -
2604 5331 2645 5368 ¹¹
2668 5333 2836 5396 Prov„
2864 5344 2976 5398 xvt,
3004 5335 3054 5386 6.
3079 5357 3143 5371 -
3173 5332 3215 5368 ²³
3245 5334 3415 5398 Dent„
3443 5345 3514 5397 vt,

1975 5403 2359 5539 &igal-hid„
2383 5416 2438 5471 x,
2469 5406 2549 5459 12.
2574 5430 2638 5446 -
2672 5405 2708 5438 ⁸⁴
2734 5404 2940 5470 uatem,
2973 5416 3072 5472 ιιι,
3102 5406 3184 5460 36.
3212 5430 3276 5449 -
3302 5407 3348 5446 ¹⁸
3378 5404 3513 5460 Pml.
