4196 6294
800 452 918 515 398

798 581 1194 641 deliberatum
1238 576 1605 652 dignoscitur
1655 573 1950 635 inclinari.
2002 578 2105 637 Hic
2146 582 2346 638 autem

796 691 1117 734 consensus
1158 673 1315 731 bene
1358 675 1605 730 vocatur
1649 670 1863 729 inferni
1911 674 1969 729 et
2010 673 2221 732 mortis
2265 674 2348 731 la·

796 787 987 845 quens
1002 812 1022 842 ,
1051 768 1198 844 quia
1225 767 1404 840 culpa
1429 770 1514 825 est
1541 769 1598 823 et
1622 768 1820 825 reatus
1834 784 1854 837 ;
1888 765 2066 841 culpa
2087 771 2344 826 mortem

794 864 1163 939 spiritualem
1190 861 1417 934 irrogat
1433 878 1453 932 3
1482 858 1703 918 scilicet
1741 863 1937 919 reatus
1983 860 2065 919 ad
2094 865 2345 920 mortem

793 957 1148 1017 infernalem
1177 955 1420 1028 obligat.

1262 1115 1553 1171 Articulus
1588 1113 1869 1170 secundus.

870 1244 1164 1311 Quantum
1199 1239 1279 1297 ad
1325 1238 1655 1297 secundum
1681 1281 1700 1310 ,
1743 1236 2052 1295 subditur:
2092 1238 2342 1296 Peccato-

795 1352 915 1392 rum
947 1354 961 1392 ε
998 1337 1239 1409 peccata
1277 1348 1541 1407 namque
1579 1334 1716 1389 sunt
1750 1330 1895 1404 legis
1933 1331 2346 1404 transgressio-

793 1444 927 1501 nes,
961 1431 1018 1485 et
1058 1426 1412 1500 legislatoris
1443 1424 1802 1484 offensiones
1820 1466 1839 1496 ,
1869 1423 1949 1482 ad
1983 1441 2134 1499 quas
2162 1425 2342 1483 trahi-

792 1539 928 1579 mur
964 1537 1073 1596 per
1124 1521 1496 1593 occasiones,
1541 1518 1712 1594 quasi
1746 1534 1857 1592 per
1896 1518 2338 1592 dispositiones.

791 1618 857 1673 Et
883 1619 1027 1674 nota
1053 1616 1210 1674 circa
1230 1619 1502 1691 peccata,
1532 1612 1701 1688 quod
1744 1613 2011 1672 cavenda
2053 1619 2189 1671 sunt
2217 1630 2342 1688 spe-

789 1710 1012 1768 cialiter
1051 1713 1297 1784 propter
1321 1709 1434 1765 tria
1464 1724 1479 1764 :
1516 1707 1683 1782 quod
1710 1711 1969 1765 mentem
2011 1708 2337 1779 seducunt3

789 1803 960 1879 quod
1012 1806 1267 1861 mortem
1320 1801 1612 1859 inducunt
1629 1821 1648 1874 3
1699 1801 1868 1877 quod
1908 1801 1989 1860 ad
2042 1802 2341 1860 infernum

792 1896 1114 1955 deducunt.
1173 1896 1435 1953 Primum
1488 1894 1710 1952 faciunt
1757 1895 1819 1952 in
1877 1895 2336 1969 congressione;

788 1991 1117 2048 secundum
1146 2033 1165 2063 ,
1212 1990 1274 2047 in
1323 1990 1784 2064 transgressione
1804 2034 1823 2063 ‚
1876 1995 1933 2049 et
1980 1991 2251 2062 tertium,
2276 1992 2337 2048 in

789 2084 1145 2156 egressione.
1177 2087 1254 2142 De
1276 2085 1471 2159 primo
1501 2085 1518 2118 ¹
1550 2103 1565 2141 ε
1603 2104 1631 2137 «
1655 2087 1995 2152 Peccatum,
2026 2086 2337 2143 occasione

788 2181 1029 2252 accepta
1052 2221 1071 2250 ,
1108 2193 1216 2253 per
1257 2177 1608 2236 mandatum
1652 2178 1885 2237 seduxit
1933 2195 2029 2236 me
2062 2197 2076 2236 :
2122 2199 2151 2235 ι)
2201 2195 2336 2236 ecce

787 2276 1099 2346 peccatum
1139 2272 1373 2345 mentiS‚
1400 2273 1508 2330 sed
1528 2272 1812 2330 uctivum.
1859 2276 1933 2330 De
1962 2272 2228 2331 secundo
2258 2272 2280 2304 ²
2318 2291 2332 2330 ε

792 2370 944 2424 «Per
965 2382 1155 2423 unum
1189 2366 1499 2424 hominem
1515 2368 1821 2442 peecatum
1856 2367 1917 2424 in
1952 2368 2114 2425 hunc
2162 2383 2337 2424 mun-

786 2460 934 2518 dum
947 2460 1206 2531 intravit,
1227 2464 1284 2518 et
1297 2476 1405 2534 per
1421 2463 1734 2534 peccatum
1761 2476 1918 2517 mors
1948 2478 2014 2517 z»
2047 2477 2183 2519 ecce
2203 2477 2336 2535 pec-

785 2558 983 2613 catum
1011 2554 1221 2612 mortis
1247 2553 1641 2612 inductivum.
1669 2575 1696 2607 n
1730 2557 1808 2611 De
1836 2554 2005 2614 tertio
2024 2557 2045 2590 ³
2083 2573 2098 2611 :
2136 2575 2166 2609 α
2184 2557 2334 2613 Ocu-

785 2648 877 2706 lus
895 2648 1148 2706 adulteri
1172 2648 1450 2706 observat
1472 2647 1791 2722 caliginem
1807 2666 1823 2718 ;
1842 2668 1871 2703 ι»
1894 2652 1950 2707 et
1977 2648 2131 2707 infra
2160 2670 2174 2707 :
2207 2668 2237 2703 ι(
2265 2651 2332 2705 Et

782 2757 972 2817 usque
1000 2741 1081 2799 ad
1124 2740 1345 2800 inferos
1388 2745 1698 2816 peccatum
1743 2740 1939 2799 illius:
1971 2762 1999 2799 n
2035 2758 2169 2800 ecce
2198 2758 2335 2817 pec-

784 2839 982 2894 catum
1010 2837 1090 2893 ad
1115 2835 1336 2893 inferos
1372 2851 1562 2910 usque
1592 2834 1999 2893 deductivam.

1278 2994 1567 3050 Articulus
1616 2994 1829 3049 tertius.

853 3122 1147 3189 Quantum
1202 3116 1283 3174 ad
1335 3116 1572 3175 tertium
1610 3160 1629 3189 ,
1676 3115 1916 3175 additur
1969 3134 1985 3173 :
2033 3118 2108 3173 Et
2168 3120 2330 3191 leqem

782 3220 965 3284 tuam,
994 3213 1061 3270 id
1106 3216 1225 3284 est,
1264 3211 1414 3283 legis
1443 3210 1870 3268 obeditionem.
1902 3211 2036 3283 Legi
2066 3227 2328 3286 namque

781 3307 1071 3364 debemus
1110 3304 1355 3363 obedire
1386 3323 1401 3359 ε
1435 3307 1664 3378 quare?
1689 3308 1931 3378 propter
1975 3304 2084 3361 tria
2128 3306 2330 3380 praeci-

777 3416 894 3475 pue
941 3418 956 3456 :
1004 3399 1149 3475 quia
1187 3397 1541 3472 pacifican53
1595 3397 1739 3471 quia
1774 3397 2138 3470 justificans;
2185 3399 2328 3474 quia

778 3493 1125 3552 beatificans
1156 3510 1170 3550 ε
1204 3491 1303 3548 lex
1346 3491 1508 3548 enim
1548 3490 1859 3563 diligentes
1899 3492 2210 3566 pacificat3
2240 3493 2327 3550 fa-

780 3588 998 3645 cientes
1036 3585 1358 3661 justificat3
1410 3584 1805 3642 custodientes
1831 3627 1853 3656 ,
1901 3603 2007 3643 seu
2053 3603 2327 3660 perseve-

777 3689 974 3742 rantes
1018 3680 1336 3739 beatificat.
1386 3683 1466 3737 De
1513 3681 1708 3755 primo
1756 3684 2021 3739 cantatur
2044 3682 2066 3716 ⁴
2098 3701 2112 3738 ε
2152 3703 2181 3736 «
2207 3686 2324 3741 Pax

777 3777 966 3835 multa
1011 3774 1399 3848 diligentibus
1443 3773 1640 3846 legem
1686 3776 1845 3831 tuam
1882 3793 1896 3832 ε
1940 3795 1990 3854 »⁶
2011 3791 2146 3834 ecce
2189 3775 2324 3833 dili-

777 3870 1039 3944 gentium
1066 3869 1259 3941 legem
1277 3866 1629 3941 pacificatiO.
1651 3869 1729 3924 De
1749 3868 2011 3926 secundo
2034 3871 2056 3905 ⁸
2088 3887 2102 3926 :
2132 3889 2161 3923 α
2184 3872 2324 3932 Fac-

775 3965 935 4018 tores
977 3959 1126 4032 legis
1162 3957 1644 4030 justificabuntur
1683 3976 1697 4014 ε
1741 3977 1769 4012 ι)
1802 3974 1936 4016 ecce
1981 3959 2323 4017 facientium

775 4054 969 4126 legem
1005 4051 1365 4126 justificatio,
1415 4054 1495 4108 De
1540 4049 1798 4108 tertio⁸z
1846 4072 1875 4107 α
1912 4053 2023 4122 Qui
2068 4055 2324 4112 custodit

774 4147 1004 4221 legem,
1030 4146 1239 4204 beatus
1267 4148 1354 4203 est
1381 4163 1396 4202 :
1428 4165 1456 4198 »
1493 4160 1626 4202 ecce
1652 4152 2098 4220 perseveranter
2126 4147 2320 4220 legem

776 4239 1232 4300 custodientium
1261 4238 1638 4297 beatificatIO.

1259 4399 1546 4455 Articulus
1583 4403 1833 4469 quartus.

841 4526 1138 4596 Quantum
1183 4521 1264 4579 ad
1314 4525 1622 4597 quartum,
1670 4522 2089 4597 superadditur
2142 4545 2156 4582 ε
2199 4530 2318 4587 Non

770 4637 892 4678 sum
919 4621 1119 4676 oblitus
1137 4660 1159 4690 ‚
1189 4618 1359 4691 quasi
1388 4617 1547 4676 dicat
1574 4637 1588 4676 ε
1614 4621 1661 4675 Α
1688 4617 1836 4690 legis
1866 4619 2243 4696 obeditione,
2282 4641 2319 4682 a

771 4731 893 4788 qua
935 4712 1106 4770 multi
1141 4711 1519 4769 retrahuntur
1559 4710 1890 4785 oblivione,
1918 4729 2041 4771 non
2084 4732 2182 4773 me
2223 4733 2319 4774 re-

768 4808 946 4869 traxit
989 4805 1218 4865 oblivio
1256 4848 1275 4877 ,
1321 4805 1573 4862 Domino
1622 4808 1983 4880 protegente.
2030 4812 2097 4867 Et
2137 4817 2315 4882 nota,

769 4902 938 4978 quod
979 4902 1093 4959 tria
1146 4903 1282 4957 sunt
1308 4941 1328 4970 ‚
1376 4916 1634 4973 quorum
1688 4900 1875 4976 aliqui
1920 4919 2044 4961 non
2100 4904 2319 4965 debent

769 5012 894 5055 esse
937 4994 1105 5053 obliti
1145 5011 1161 5051 z
1190 4998 1398 5068 utputa
1426 4993 1697 5052 divinum
1727 5000 1998 5071 pactum,
2046 4998 2313 5059 divinum

767 5090 1125 5150 beneficium
1145 5131 1167 5161 ‚
1216 5092 1273 5146 et
1322 5089 1633 5164 proprium
1680 5092 2078 5153 malefactum.
2136 5096 2314 5154 Primi

833 5242 847 5271 ¹
876 5239 1033 5301 Rom„
1069 5249 1176 5301 vn,
1208 5240 1285 5287 11.
1314 5262 1379 5275 —
1416 5237 1436 5269 ²
1472 5237 1631 5304 Rom„
1670 5251 1724 5303 v,
1762 5243 1838 5292 12.
1865 5267 1927 5279 ——
1964 5243 1984 5274 ³
2010 5242 2129 5309 lob,
2161 5257 2309 5309 xxiv,

768 5313 854 5376 15,
900 5313 977 5361 19.
1016 5335 1079 5346 —
1114 5309 1138 5344 ὅ
1172 5307 1318 5359 Psal.
1359 5308 1487 5374 hoc,
1521 5313 1628 5360 165.
1669 5338 1731 5349 —
1768 5313 1785 5342 ⁸
1828 5313 1988 5379 Rom„
2035 5327 2103 5380 11,
2142 5320 2218 5367 13,
2249 5345 2310 5356 .-

767 5385 788 5416 ⁸
818 5387 983 5445 Prov„
1010 5392 1159 5444 mx,
1188 5382 1262 5432 ¹8.
1285 5407 1350 5419 -—
1374 5382 1397 5417 ⁷
1425 5383 1591 5444 prov„
1621 5394 1678 5448 η,
1713 5385 1788 5436 ¹8.
1808 5412 1871 5422 --
1898 5387 2072 5440 ⁸Psul,
2103 5400 2309 5456 Lxxvn,

1848 441 2264 510 EXPOSITIO
2309 443 2392 509 IN
2434 444 2962 514 PSALTERIUM.

2459 580 2705 654 quidem
2729 582 2796 640 fit
2821 583 3047 642 oblivio
3074 588 3317 658 propter
3348 586 3700 661 libidinem;
3728 589 3951 660 secundi,

2457 679 2702 749 propter
2727 675 3210 749 ingratitudinem
3225 699 3242 751 ;
3267 680 3438 752 tertii,
3465 686 3708 756 propter
3725 683 3952 758 impoeni-
3993 702 4002 709 ·

2456 769 2745 827 tudinem.
2794 773 2870 828 De
2915 771 3147 845 primo,
3197 773 3302 830 ubi
3355 773 3572 847 legitur
3622 774 3697 833 de
3746 777 3952 835 muliere

2455 862 2617 920 mala
2645 866 2667 900 ⁷
2697 882 2713 920 :
2748 882 2779 918 α
2816 865 3074 940 Reliquit
3113 866 3329 924 ducem
3372 868 3698 940 pubertatis
3744 887 3853 926 suze
3873 912 3889 941 ‚
3912 876 3953 927 et

2454 953 2611 1026 pacti
2657 953 2756 1011 Dei
2796 954 2887 1012 sui
2930 955 3118 1013 oblita
3145 959 3274 1013 est:
3307 976 3336 1010 n
3369 972 3503 1014 ecce
3547 956 3769 1016 oblivio
3808 959 3954 1016 divini

2453 1047 2631 1120 pacti.
2669 1050 2746 1104 De
2776 1047 3040 1106 secundo
3069 1048 3345 1108 scribitur
3370 1067 3406 1108 a
3434 1050 3881 1127 psalmographo
3904 1051 3951 1107 ⁸:

2462 1160 2489 1194 α
2516 1140 2692 1199 ohliti
2731 1145 2868 1199 sunt
2910 1142 3354 1202 benefactorum
3398 1145 3561 1218 ejus,
3601 1166 3629 1200 n
3677 1151 3782 1204 etc.
3809 1166 3825 1201 ε
3849 1163 3954 1204 cccc

2454 1233 2680 1292 oblivio
2709 1234 2894 1296 divini
2920 1235 3229 1294 benefacti.
3255 1240 3332 1296 De
3359 1239 3532 1296 tertio
3550 1240 3611 1296 ⁹:
3642 1258 3672 1293 α
3697 1239 3954 1313 Numquid

2454 1327 2624 1385 obliti
2661 1328 2796 1387 estis
2825 1329 2985 1391 mala
3010 1334 3234 1402 vestra,
3274 1334 3328 1390 et
3372 1332 3533 1391 mala
3582 1350 3830 1392 uxorum
3853 1350 3955 1390 ves-

2452 1422 2709 1493 trarum,
2755 1438 2890 1496 quae
2938 1421 3202 1482 fecerunt
3254 1425 3319 1482 in
3369 1430 3523 1484 terra
3574 1427 3769 1486 Juda‘?
3793 1448 3819 1481 n
3847 1442 3954 1484 ecce

2451 1515 2676 1575 oblivio
2706 1517 2930 1591 proprii
2968 1518 3282 1577 malefacti.

3093 1681 3349 1747 Epilogus

2521 1805 2588 1859 Et
2619 1800 2734 1858 hoc
2761 1806 2868 1872 est,
2906 1802 3073 1875 quod
3100 1802 3181 1861 ait
3205 1803 3498 1877 Propheta
3524 1804 3590 1862 in
3617 1806 3726 1863 viri
3753 1805 3950 1862 discreti

2449 1911 2706 1968 persona
2741 1915 2756 1952 :
2795 1898 2969 1954 Funes
3009 1899 3357 1969 circumplexi
3392 1904 3524 1955 sunt
3560 1916 3672 1971 me,
3708 1903 3955 1973 quantum

2449 1988 2530 2045 ad
2557 1989 2928 2059 occasioneS,
2955 2006 3063 2063 per
3101 2007 3251 2064 quas
3288 1992 3695 2051 attrahebatur
3710 2012 3728 2065 ;
3756 1996 3954 2065 peccato-

2447 2099 2590 2151 rum,
2621 2088 2908 2157 quantum
2932 2082 3012 2141 ad
3038 2083 3418 2156 ostensiones»,
3450 2085 3532 2143 ad
3561 2103 3713 2161 quas
3737 2085 3952 2144 attrahe-

2447 2175 2622 2235 batur
2637 2196 2656 2248 ;
2685 2183 2735 2234 et
2765 2180 2929 2249 lenem
2954 2183 3118 2244 tuam,
3145 2182 3432 2252 quantum
3457 2179 3539 2237 ad
3566 2179 3951 2245 obedientiam,

2447 2286 2486 2327 a
2512 2287 2634 2345 qua
2656 2272 2877 2330 retrahi
2904 2273 3250 2346 verebatur3
3276 2291 3381 2331 non
3406 2290 3523 2332 sum
3554 2276 3776 2345 oblitus,
3803 2288 3952 2347 quan·

2445 2370 2572 2424 tum
2601 2365 2679 2423 ad
2710 2365 3110 2438 oblivionem,
3137 2384 3246 2442 per
3280 2384 3464 2442 quam
3501 2370 3611 2429 etsi
3648 2385 3769 2428 non
3802 2370 3948 2427 retra·

2443 2459 2718 2532 bebatur,
2747 2463 3006 2518 attamen
3031 2462 3249 2520 retrahi
3281 2463 3618 2522 verebatur.

2981 2684 3309 2728 melcoma
3345 2684 3462 2728 nv.

2513 2839 2819 2903 62.Media
2860 2846 3030 2912 nocte,
3075 2846 3183 2899 etc.
3222 2844 3680 2901 lustramentum
3730 2840 3948 2916 primum

2438 2932 2729 3006 praecessit
2767 2933 2848 2992 ad
2894 2934 3138 2992 rationis
3181 2935 3601 2995 discretionem
3655 2936 3945 3013 pertinens3

2439 3027 2891 3086 instrumentum
2910 3030 3241 3088 secundum
3269 3031 3531 3091 succedit
3550 3033 3634 3090 ad
3664 3026 3946 3091 affectionis

2438 3119 2821 3180 devotionem
2846 3123 3100 3183 attinens
3131 3143 3146 3182 ε
3178 3126 3436 3185 ostendit
3468 3127 3632 3186 enim
3668 3127 3836 3186 series
3856 3123 3944 3180 hu-

2439 3216 2531 3288 jus
2555 3231 2781 3288 versus,
2810 3232 2996 3290 quam
3030 3219 3282 3291 illectuS,
3311 3238 3494 3295 quam
3521 3227 3768 3293 erectus,
3795 3232 3945 3295 quam

2437 3308 2758 3382 perfectuS,
2802 3326 2987 3384 quam
3032 3320 3345 3386 provectus
3392 3316 3573 3375 debet
3618 3333 3743 3376 esse
3789 3313 3944 3372 eccle·

2434 3401 2676 3461 siasticoe
2722 3405 3057 3464 devotionis
3107 3409 3370 3467 affectus,
3410 3413 3679 3481 Quorum
3720 3411 3944 3487 primum

2433 3494 2656 3554 indicat
2704 3502 2969 3573 tempus;
3017 3503 3379 3577 secundum,
3436 3510 3667 3580 motus;
3715 3504 3941 3569 tertium,

2432 3591 2716 3649 terminus
2730 3611 2749 3665 3
2780 3599 3093 3667 quartum,
3132 3597 3359 3657 motiva
3395 3600 3544 3658 ratio
3560 3642 3582 3670 ,
3613 3602 3732 3659 sive
3770 3599 3940 3657 virtus-

2928 3755 3218 3810 Articulus
3246 3758 3482 3827 primus.

2503 3874 2690 3932 Media
2716 3880 2885 3932 nocte.
2918 3876 3016 3933 Hic
3044 3881 3207 3950 nota,
3238 3895 3423 3953 quam
3465 3882 3693 3942 illectus
3716 3883 3787 3941 sit
3814 3880 3942 3938 illius

2432 3966 2766 4026 devotionis
2800 3968 3066 4030 affectus.
3098 3973 3243 4030 Satis
3270 3974 3442 4032 illum
3471 3976 3784 4051 opinamur
3806 3975 3939 4033 illec-

2429 4067 2556 4119 tum
2572 4104 2590 4133 ‚
2640 4064 2744 4137 qui
2799 4065 3188 4138 tranquillum
3242 4068 3487 4141 negligit
3533 4071 3752 4129 lectum
3769 4092 3786 4143 3
3828 4065 3940 4124 satis

2430 4155 2675 4214 avidum
2705 4158 2784 4215 ad
2812 4159 3242 4233 perficiendum
3279 4163 3575 4235 effectum,
3606 4167 3710 4241 qui
3735 4170 3939 4224 noctur·

2427 4268 2573 4310 num
2613 4255 2915 4311 somnium
2959 4255 3174 4314 deserit
3219 4257 3626 4333 imperfectum
3642 4283 3660 4335 3
3704 4260 3804 4320 ubi
3842 4259 3938 4316 sin·

2428 4363 2562 4405 cera
2598 4347 2848 4406 charitas
2875 4355 3105 4422 movet,
3136 4350 3242 4409 ubi
3270 4369 3476 4411 severa
3511 4357 3814 4414 necessitas
3837 4365 3936 4410 non

2427 4445 2673 4498 coercet.
2703 4446 2768 4499 Et
2793 4445 2955 4513 nota,
2972 4444 3140 4519 quod
3160 4446 3403 4505 affectus
3433 4447 3630 4508 devoti
3649 4450 3730 4507 sic
3751 4447 3937 4505 debent

2426 4550 2549 4592 esse
2576 4535 2760 4593 illecti
2789 4552 2993 4595 amore
3032 4538 3247 4613 triplici
3262 4559 3281 4614 3
3309 4540 3585 4599 videlicet
3613 4553 3808 4602 amore
3835 4534 3931 4604 nei,

2424 4644 2628 4688 amore
2666 4630 2794 4702 sui,
2822 4647 3025 4691 amore
3050 4633 3312 4708 proximi
3342 4653 3357 4692 ε
3387 4635 3502 4694 hoc
3532 4642 3650 4710 est,
3689 4642 3753 4695 ut
3777 4639 3931 4692 Deum

2421 4724 2837 4797 magnificent,
2869 4730 2935 4783 ut
2971 4741 3033 4783 se
3074 4728 3493 4800 mundificant,
3520 4735 3588 4789 ut
3623 4729 3930 4806 proximum

2421 4817 2731 4877 aedificent.
2761 4822 2838 4877 De
2865 4819 3061 4893 primo
3093 4821 3136 4858 ¹⁰
3166 4838 3220 4878 z«
3249 4823 3437 4882 Media
3459 4829 3634 4884 nocte
3661 4824 3858 4885 Paulus
3885 4821 3931 4875 et

2422 4912 2568 4971 Silas
2596 4914 2911 4973 adorantes
2938 4912 3266 4975 laudabant
3299 4919 3618 4978 Dominum
3647 4938 3665 4978 ε
3695 4940 3724 4975 1·
3754 4918 3829 4976 sic
3861 4911 3927 4972 af-

2419 5005 2604 5064 fectus
2633 5007 2832 5066 devoti
2862 5006 3119 5081 faciunt,
3148 5011 3253 5084 qui
3279 5012 3360 5070 ad
3386 5017 3704 5073 nocturnas
3728 5009 3927 5084 vigilia-‘¹

2417 5100 2734 5159 Dominum
2756 5100 3056 5162 laudaturi
3068 5109 3452 5179 consurgunt.
3482 5110 3558 5166 De
3581 5107 3832 5167 secundo
3855 5102 3922 5153 ¹¹:

2425 5217 2454 5251 α
2480 5196 2670 5255 Media
2704 5199 2877 5255 nocte
2904 5198 3132 5258 clamor
3157 5200 3345 5261 factus
3370 5206 3458 5262 est
3487 5221 3503 5263 ε
3532 5206 3678 5263 Ecce
3705 5209 3926 5278 sponsus

2420 5326 2498 5373 ss.
2538 5349 2602 5360 -
2642 5323 2661 5352 ⁹
2702 5323 2905 5386 Jerem„
2950 5337 3102 5389 xmx,
3144 5328 3192 5377 9.
3237 5355 3297 5365 -
3354 5331 3394 5365 ¹⁹
3439 5331 3569 5394 Act„
3614 5342 3729 5394 xvi,
3768 5328 3838 5379 25.
3874 5344 3924 5358 -

2422 5396 2453 5425 ¹¹
2483 5392 2693 5458 Manli„
2723 5406 2844 5458 xxv,
2874 5398 2920 5446 6.
