4196 6294
106 5033 254 5089 Ceph.

50 5216 221 5263 Βοιὼ.

1576 438 1939 507 PSALMUS
1980 436 2242 502 CXVIII.

316 578 482 655 quod
514 594 638 638 non
664 579 1018 639 consentiret
1043 577 1279 638 malitiae
1307 577 1554 637 scienter
1582 580 1639 636 et
1663 576 1855 635 liben-

317 677 424 745 ter,
465 674 569 749 qui
609 674 754 749 petit
791 674 993 732 lumen
1031 672 1459 747 intelligentiae,
1496 689 1573 730 ne
1611 671 1856 729 sortasse

317 767 640 827 consentiat
680 768 1025 827 nescienter.
1081 767 1180 826 Hic
1226 771 1416 843 potest
1459 766 1650 825 notari
1691 765 1860 840 quod

316 862 617 938 tripliciter
661 863 953 936 contingit
988 864 1349 922 intellectum
1397 863 1526 921 dari
1573 880 1588 919 ε
1641 861 1861 920 scilicet

315 957 666 1028 mentaliter,
695 958 996 1029 vocaliter,
1025 957 1376 1015 manualiter
1407 975 1421 1013 :
1460 956 1576 1013 hoc
1605 960 1723 1027 est,
1752 971 1861 1029 per

316 1052 811 1111 illuminationem
855 1052 1156 1125 divinam,
1199 1069 1307 1126 per
1354 1051 1677 1110 verborum
1724 1050 1863 1108 doc-

319 1147 529 1205 trinam
546 1188 565 1216 ,
588 1162 694 1219 per
718 1145 1034 1204 verberum
1054 1145 1450 1220 disciplinam.
1483 1148 1561 1202 De
1588 1145 1783 1219 primo
1802 1144 1857 1201 ¹:

325 1260 353 1294 α
379 1239 549 1297 Dabit
572 1239 680 1297 tibi
706 1239 988 1297 Dominus
1015 1240 1078 1297 in
1104 1239 1382 1299 omnibus
1409 1239 1803 1297 intellectum:
1826 1259 1853 1292 ιι

319 1345 450 1388 ecce
472 1328 632 1386 datio
655 1327 949 1386 mentalis,
981 1331 1057 1386 De
1085 1329 1348 1386 secundo
1370 1328 1613 1385 scibitur
1641 1341 1677 1384 a
1705 1326 1861 1385 Psal-

318 1424 650 1497 mographo
682 1421 706 1454 ¹
747 1442 762 1480 ε
809 1444 836 1475 «
875 1422 1196 1480 Declaratio
1240 1438 1583 1480 sermonum
1622 1424 1863 1479 tuorum

317 1516 641 1587 illuminat,
675 1519 733 1574 et
757 1516 1116 1574 intellectum
1159 1517 1262 1575 dat
1287 1516 1552 1590 parvulis
1583 1534 1597 1572 z
1623 1537 1652 1569 »
1696 1515 1864 1589 quod

318 1613 510 1684 potest
526 1609 713 1684 accipi
733 1610 807 1667 de
846 1610 1084 1667 datione
1119 1610 1332 1668 vocali.
1356 1614 1432 1668 De
1452 1609 1686 1668 tertio³z
1714 1629 1744 1663 α
1763 1612 1865 1665 Ve-

319 1703 479 1762 xatio
518 1704 684 1761 dabit
710 1704 1070 1763 intellectum
1115 1705 1346 1764 auditui
1374 1725 1388 1762 :
1418 1726 1446 1760 ιο
1483 1704 1649 1779 quod
1676 1705 1866 1778 potest

321 1798 538 1871 exponi
565 1797 642 1857 de
668 1798 907 1859 datione
934 1799 1220 1858 manuali.

960 1965 1222 2030 EpiloguS.

388 2088 456 2144 Et
495 2085 611 2143 hoc
651 2090 768 2156 est,
819 2084 987 2160 quod
1027 2085 1110 2143 ait
1154 2083 1653 2159 psalmographus
1665 2128 1685 2158 ,
1729 2101 1866 2142 con-

320 2179 762 2239 demnationem
787 2181 1222 2255 impatientium
1252 2181 1330 2239 ad
1359 2185 1592 2255 tempus
1619 2179 1864 2238 creden-

319 2275 465 2332 tium
486 2315 505 2345 ,
532 2274 640 2331 sed
667 2274 731 2331 in
758 2278 1026 2348 tempore
1061 2274 1396 2333 tentationis
1420 2273 1825 2332 recedentium
1842 2316 1864 2346 ,

318 2367 759 2442 intelligibiliter
786 2368 1236 2441 contemplatuS,
1263 2372 1320 2426 et
1344 2367 1697 2426 sensibiliter
1724 2384 1866 2427 con-

318 2466 556 2522 testatus
589 2479 604 2518 :
634 2466 909 2535 Equites,
954 2454 1243 2537 quantum
1281 2462 1360 2520 ad
1397 2462 1733 2537 aequitatem
1768 2464 1868 2535 Ju-

321 2558 615 2618 dicantem
633 2553 652 2630 3
687 2561 1015 2616 Testimonia
1041 2563 1178 2626 tua,
1210 2562 1498 2632 quantum
1533 2558 1613 2617 ad
1658 2558 1865 2616 verita-

319 2656 437 2711 tem
469 2653 874 2711 testificantem
893 2696 912 2725 ,
948 2652 1045 2710 vel
1092 2652 1426 2711 testimonia
1468 2651 1863 2725 indicantem

318 2750 388 2804 In
412 2752 663 2804 aeternum
678 2789 700 2819 ,
727 2750 1017 2821 quantum
1046 2746 1126 2804 ad
1159 2746 1529 2804 severitatem
1558 2745 1865 2804 vindican-

316 2845 435 2898 tem
448 2860 466 2914 3
509 2843 847 2898 Intellectum
886 2842 960 2897 da
1004 2842 1179 2912 mihi,
1227 2847 1278 2897 ec
1324 2844 1542 2914 vivam,
1573 2844 1864 2916 quantum

318 2935 396 2993 ad
426 2935 816 2994 sinceritatem
838 2935 1287 3009 supplicantem.

613 3171 1090 3235 CAPITULUM
1153 3178 1555 3236 DECIMUM.

786 3362 1116 3407 vastemus
1153 3363 1377 3406 vulnus,

386 3512 506 3567 145.
540 3509 789 3566 clamavi
815 3509 1004 3563 inloto
1033 3506 1208 3576 corde,
1238 3511 1347 3564 etc.
1380 3509 1527 3565 Ecce
1553 3506 1857 3565 decimum

313 3603 636 3679 capitulum
670 3618 685 3658 ε
713 3599 960 3674 excipite
988 3600 1291 3658 decimum
1318 3599 1633 3659 ferculum.
1672 3605 1853 3659 Exce-

309 3697 473 3772 pistis
504 3696 578 3755 de
618 3711 802 3753 manu
829 3693 1070 3768 capituli
1095 3694 1479 3768 praecedentis
1516 3695 1856 3770 promissio·

308 3807 448 3849 nem
495 3788 803 3864 iudicariae
850 3787 1200 3861 severitatis3
1251 3788 1498 3864 excipite
1555 3788 1629 3846 de
1672 3806 1854 3848 manu

310 3884 547 3959 capituli
560 3882 862 3958 praesentis
879 3883 1299 3941 admissionem
1307 3884 1850 3958 precariaeinetatiS.

307 3982 421 4037 Nec
460 3979 600 4036 latet
640 3977 1005 4036 ferculorum
1040 3978 1288 4036 istorum
1321 3978 1617 4037 ordinatio
1650 3999 1665 4035 ε
1699 3996 1851 4054 quo-

306 4071 469 4129 niam
507 4074 826 4146 antequam
866 4070 1216 4129 decernatur
1250 4071 1579 4146 judicium,
1620 4077 1854 4149 oportet

307 4162 474 4237 quod
501 4161 670 4236 pium
697 4162 775 4220 ab
804 4162 990 4237 impio
1021 4161 1402 4220 discernatur.
1445 4164 1612 4221 Pium
1651 4168 1849 4222 autem

306 4257 385 4314 ab
420 4258 605 4331 impio
635 4255 1007 4328 discernitur,
1046 4272 1183 4314 cum
1209 4257 1367 4316 istud
1395 4258 1658 4332 admitti,
1696 4259 1851 4317 illud

307 4350 488 4408 emitti
516 4349 907 4408 concernitur.
941 4350 1106 4408 Circa
1131 4351 1382 4426 pietatis,
1409 4369 1513 4410 seu
1546 4354 1660 4428 piae
1700 4355 1847 4429 peti-

304 4445 478 4504 tionis
501 4445 925 4504 admissionem
941 4461 1189 4520 pensare
1208 4463 1524 4521 possumus
1544 4448 1846 4522 duplicem

301 4542 485 4617 ipsius
513 4541 948 4600 conditionem:
980 4541 1256 4600 videlicet
1275 4542 1633 4616 virilitatem,
1662 4561 1848 4619 quam

302 4637 638 4696 octonarius
663 4637 891 4711 primus
918 4636 1322 4711 praeloquitur,
1354 4642 1410 4696 et
1434 4639 1843 4714 humilitatem,

302 4746 483 4804 quam
531 4729 867 4789 octonarius
905 4746 1158 4805 sequens
1203 4731 1528 4806 exequitur.
1589 4735 1655 4790 Et
1689 4749 1845 4807 quo-

300 4824 462 4884 niam
482 4825 773 4884 virilitatis
802 4827 889 4882 est
914 4825 1037 4883 vim
1066 4825 1310 4894 inferre,
1351 4818 1695 4885 humilitatis
1737 4844 1842 4887 au-

300 4922 416 4978 tem
455 4918 700 4978 sufferre
732 4938 746 4977 :
782 4936 891 4995 per
932 4918 1278 4993 primariam
1315 4922 1595 4980 octonarii
1631 4922 1844 4997 prioris

298 5011 580 5086 litteram,
604 5012 823 5071 scilicet
841 5014 1035 5088 Coph,
1067 5030 1201 5088 quae
1223 5014 1634 5090 interpretatur
1661 5033 1843 5074 excus-

297 5110 401 5179 sio,
441 5107 685 5166 virilitas
721 5110 1081 5182 praenotatur
1091 5127 1108 5180 3
1142 5111 1199 5165 et
1224 5124 1332 5183 per
1358 5111 1704 5183 primariam
1745 5127 1845 5169 oc-

298 5201 510 5261 tonarii
544 5200 886 5275 posterioris
911 5201 1186 5273 litteram,
1226 5203 1446 5263 scilicet
1472 5205 1675 5277 Rescb,
1707 5222 1841 5281 quse

365 5397 382 5432 ¹
407 5398 449 5448 ΙΙ
476 5379 619 5460 Tim„
648 5409 712 5464 11,
741 5402 789 5451 7.
808 5426 871 5440 -
893 5401 915 5437 ²
940 5399 1068 5453 psal.
1101 5401 1219 5464 boc,
1251 5403 1357 5453 130.
1382 5427 1443 5441 -
1462 5401 1483 5436 ⁸
1506 5403 1625 5466 Iso„
1655 5415 1839 5481 xxvrn,

3389 441 3507 502 503

1968 575 2379 648 interpretatur
2420 574 2727 646 patientia,
2774 571 3075 630 humilitas
3133 573 3503 633 subnotatur.

1967 668 2217 726 virilitas
2250 666 2663 741 huiuscemodi
2697 667 2863 740 prius
2899 666 3229 725 declaratur
3271 668 3333 725 in
3375 685 3508 728 ora-

1970 763 2127 821 tione
2164 761 2437 833 mentali,
2474 761 2555 818 ad
2578 759 2840 835 primum
2868 762 3312 836 quaternarium
3336 763 3513 837 perti-

1968 857 2166 922 nenti;
2197 855 2489 929 posterius
2525 855 2587 913 in
2615 855 2882 913 oratione
2908 855 3139 927 vocali,
3178 854 3258 913 ad
3302 872 3512 915 secun-

1972 949 2118 1006 dum
2164 948 2605 1023 quaternarium
2654 948 2935 1006 attinenti.
2996 948 3113 1006 Sed
3169 954 3227 1007 et
3269 949 3514 1008 virilitas

1974 1036 2186 1101 orandi
2230 1044 2381 1101 solet
2421 1042 2644 1100 servari
2690 1042 2751 1098 in
2801 1041 3045 1099 mentali
3087 1042 3353 1101 oratione
3402 1060 3513 1118 pro

1973 1136 2348 1213 quadruplici
2377 1136 2716 1193 necessitate
2750 1152 2764 1190 ε
2795 1135 3069 1193 videlicet
3094 1153 3204 1211 pro
3233 1137 3366 1195 vitae
3404 1154 3515 1211 pu-

1972 1232 2140 1291 ritate
2158 1274 2175 1301 ,
2214 1248 2325 1305 pro
2352 1231 2484 1288 vitae
2510 1228 2850 1301 securitate,
2878 1245 2989 1303 pro
3018 1231 3292 1288 exteriori
3319 1235 3519 1289 matu-

1973 1327 2179 1397 ritate,
2209 1331 2264 1384 et
2289 1341 2401 1399 pro
2429 1324 2691 1382 interiori
2719 1325 3014 1382 saturitate
3055 1344 3069 1381 :
3112 1341 3244 1399 quae
3283 1325 3519 1384 videtur

1975 1421 2468 1494 psalmographus
2485 1422 2741 1493 quatuor
2759 1418 3027 1475 versibus
3041 1462 3060 1490 ,
3085 1419 3253 1492 quasi
3273 1418 3518 1476 totidem

1976 1514 2219 1572 testibus
2239 1515 2653 1587 comprobare.
2677 1516 2886 1570 Versus
2903 1512 3132 1587 primus
3152 1513 3370 1586 probat
3392 1529 3519 1572 ora-

1974 1609 2150 1667 tionis
2177 1608 2511 1665 virilitatem
2550 1610 2793 1682 propter
2818 1607 2952 1664 vitae
2983 1607 3301 1681 puritatem
3321 1651 3340 1681 ,
3381 1624 3522 1682 pro·

1972 1702 2239 1779 palando
2267 1718 2389 1776 qua
2414 1702 2767 1776 frequentia,
2796 1717 2917 1775 qua
2942 1701 3247 1775 ferventia,
3280 1718 3401 1776 qua
3429 1702 3518 1759 in-

1976 1798 2188 1857 stantia
2205 1796 2522 1871 requiritur
2534 1796 2967 1868 justificationis
2983 1796 3191 1868 gratia,
3209 1813 3317 1870 per
3335 1813 3520 1871 quam

1974 1895 2261 1966 purgatur
2308 1890 2690 1965 conscientia3
2742 1891 2885 1965 quia
2926 1889 3104 1964 plane
3155 1892 3342 1950 oratio
3394 1891 3519 1950 sine

1974 1990 2215 2060 torpore
2233 2027 2255 2057 ,
2274 1986 2399 2043 sine
2425 1988 2630 2060 tepore
2646 2030 2665 2058 ‚
2685 1985 2809 2042 sine
2829 1988 3060 2042 tumore
3084 1984 3360 2059 recipitur
3383 2002 3521 2043 cum

1974 2080 2200 2138 favore.
2279 2080 2441 2138 Unde
2496 2083 2654 2154 patet
2721 2095 2925 2137 versus
2980 2081 3279 2153 praesentis
3333 2081 3520 2139 conti-

1975 2177 2177 2235 nentia
2206 2175 2725 2252 quadrimembriS.
2756 2175 3026 2234 Continet
3053 2175 3212 2232 enim
3240 2176 3522 2235 orationis

1974 2270 2398 2346 frequentiam,
2434 2271 2807 2342 ferventiam,
2838 2269 3205 2340 instantiam,
3236 2272 3293 2326 et
3314 2269 3521 2342 justifi-

1975 2365 2221 2424 cationis
2256 2365 2506 2436 gratiam
2537 2383 2551 2420 :
2585 2378 2842 2439 quorum
2878 2364 3139 2438 primum
3170 2363 3364 2438 privat
3397 2367 3522 2421 tor-

1973 2476 2184 2534 porem
2206 2502 2227 2531 ,
2255 2459 2586 2518 secundum
2610 2463 2905 2532 teporem,
2934 2458 3168 2517 tertium
3196 2463 3517 2531 tumorem,

1975 2559 2251 2630 quartum
2279 2553 2448 2627 ponit
2474 2552 2762 2612 favorem.

2481 2715 2755 2770 Articulus
2792 2714 3019 2784 primus.

2045 2838 2334 2898 Orationis
2361 2838 2691 2913 frequentia
2716 2839 3096 2912 praenotatur,
3115 2852 3254 2894 cum
3272 2836 3518 2896 dicitur:

1972 2936 2218 2993 clamavi
2223 2953 2243 3006 3
2258 2932 2510 2991 dicendo
2531 2948 2820 3007 namque:
2845 2933 3108 3003 clamavi,
3118 2947 3244 2990 non
3262 2951 3276 2989 ε
3294 2931 3520 3006 Clamo,

1973 3030 2215 3086 notatur
2264 3026 2538 3085 clamoris
2584 3025 2975 3096 continuatio,
3023 3042 3144 3084 non
3194 3025 3516 3087 inchoatio.

1970 3125 2036 3181 Et
2062 3126 2235 3196 nota,
2267 3122 2435 3196 quod
2453 3122 2706 3180 clamare
2736 3120 2970 3194 signum
2993 3124 3080 3180 est
3106 3121 3404 3180 interdum
3433 3122 3519 3180 di-

1969 3219 2223 3290 stantias,
2250 3217 2550 3276 interdum
2571 3217 2887 3290 instantiae,
2912 3220 2970 3275 et
2993 3217 3293 3275 interdum
3319 3233 3519 3291 perse·

1967 3313 2264 3371 verantiae.
2322 3313 2546 3371 Clamat
2585 3312 2744 3370 enim
2781 3311 3014 3382 anima,
3057 3311 3220 3369 velut
3262 3312 3484 3369 distans
3494 3354 3515 3383 ,

1965 3409 2295 3484 posteriora
2322 3407 2935 3481 desiderans301amat
2961 3408 3122 3465 velut
3149 3407 3391 3476 instanS,
3422 3423 3515 3465 su-

1963 3503 2204 3577 periora
2231 3502 2574 3560 desiderans
2601 3521 2620 3574 ;
2659 3502 2875 3560 clamat
2899 3502 3062 3559 velut
3085 3517 3468 3575 perseverans
3489 3544 3509 3573 ‚

1965 3598 2045 3655 ad
2082 3596 2378 3655 anteriora
2420 3612 2766 3671 properans.
2802 3599 2878 3653 De
2927 3595 3120 3670 primo
3170 3596 3398 3653 canitur
3427 3597 3449 3630 ⁸
3493 3614 3508 3653 ε

1968 3698 2058 3751 «A
2072 3692 2291 3749 finibus
2308 3693 2476 3748 terrae
2500 3691 2579 3749 ad
2597 3694 2653 3747 te
2674 3690 2958 3749 clamavi:
2981 3712 3009 3745 ιι
3028 3690 3125 3747 hic
3148 3689 3362 3748 clamat
3387 3690 3512 3748 ani-

1961 3804 2100 3858 ma,
2132 3785 2302 3860 quasi
2342 3785 2582 3844 distans.
2630 3785 2740 3855 Qui
2777 3788 2912 3841 sunt
2953 3788 3119 3841 terrae
3161 3783 3311 3840 fines
3330 3826 3349 3856 ,
3395 3784 3507 3842 nisi

1960 3886 2204 3939 terrenae
2230 3880 2523 3955 passionis
2559 3879 2983 3948 extremitateS,
3021 3878 3085 3935 in
3113 3876 3332 3951 quibus
3367 3893 3505 3936 nos-

1961 3978 2172 4033 cuntur
2186 3974 2327 4032 vitia
2350 3974 2850 4043 residere,virtute
2873 3972 2935 4028 in
2953 3970 3155 4029 medio
3171 3971 3461 4029 residente
3475 3975 3504 4030 ‘i

1957 4070 2123 4129 Unde
2139 4069 2430 4144 sapienter
2457 4085 2561 4142 per
2577 4067 2907 4141 Sapientem
2927 4064 3233 4123 scribitur⁸
3260 4085 3279 4120 ε
3296 4085 3324 4119 α
3339 4065 3503 4124 Oculi

1957 4164 2269 4223 stultorum
2302 4164 2363 4219 in
2401 4161 2622 4219 finibus
2664 4164 2848 4218 terrae.
2875 4179 2905 4214 ιο
2938 4162 3016 4216 De
3058 4159 3320 4217 secundo
3359 4160 3503 4233 legi-

1955 4264 2049 4317 tur
2072 4262 2093 4295 ⁶
2128 4276 2142 4315 ε
2180 4242 2517 4316 {Clamavit
2543 4255 2803 4329 populus
2831 4254 2910 4311 ad
2938 4254 3252 4313 Dominum
3279 4255 3499 4313 instan-

1955 4353 2034 4413 tia
2064 4367 2304 4425 magna.
2329 4371 2358 4405 ιο
2391 4350 2491 4407 Hic
2542 4350 2758 4407 clamat
2792 4349 3022 4422 anima,
3067 4349 3217 4410 sicut
3251 4350 3492 4407 instans.

1952 4452 2029 4506 De
2058 4447 2226 4505 tertio
2248 4445 2459 4504 dicitur
2479 4460 2516 4501 a
2540 4443 3003 4518 psalmographo
3031 4445 3087 4500 ⁷:
3112 4446 3218 4502 «In
3247 4444 3342 4502 die
3375 4443 3494 4502 cla-

1951 4543 2147 4614 mavi,
2178 4546 2234 4600 et
2260 4544 2431 4599 nocte
2458 4554 2660 4597 coram
2689 4542 2760 4595 te.
2787 4557 2815 4592 ιο
2849 4537 2951 4595 Hic
2998 4538 3212 4598 clamat
3250 4539 3451 4598 anima
3472 4582 3493 4612 ,

1951 4644 2237 4713 tanquam
2263 4635 2537 4711 improbe
2565 4650 2970 4709 perseverans

2418 4794 2702 4850 Articulus
2734 4792 3016 4851 secundus.

2022 4920 2310 4981 Orationis
2331 4918 2616 4977 ferventia
2633 4918 3005 4990 subnotatur,
3025 4935 3160 4977 cum
3176 4919 3450 4978 subditur
3472 4940 3487 4980 :

1948 5020 2015 5075 In
2051 5021 2162 5073 toto
2192 5014 2367 5072 corde.
2407 5012 2562 5071 Nulli
2599 5012 2882 5084 dubium,
2911 5014 3068 5087 *quin
3104 5029 3206 5071 eor
3236 5014 3310 5072 sit
3353 5014 3491 5073 cali-

1952 5111 2119 5183 dum,
2150 5113 2206 5167 et
2232 5106 2541 5167 caliditatis
2568 5105 2925 5181 principium
2951 5127 2964 5165 :
2995 5108 3176 5181 unde,
3204 5107 3267 5165 ni
3292 5107 3489 5180 fallor,

1947 5209 2138 5265 totum
2157 5219 2262 5262 cor
2283 5201 2496 5261 dicitur
2515 5217 2767 5274 magnus
2787 5201 3002 5260 fervor.
3032 5202 3147 5261 Sed
3168 5207 3311 5263 nota
3334 5204 3490 5265 circa
3514 5225 3602 5272 cor
3619 5225 3729 5284 quid

1949 5336 2026 5383 19.
2057 5359 2120 5369 -
2142 5332 2164 5367 ⁴
2192 5329 2329 5381 Psal.
2359 5342 2444 5393 Lx,
2472 5331 2520 5377 3.
2549 5354 2614 5365 —
2639 5329 2657 5358 ⁵
2684 5328 2852 5392 prov„
2877 5339 3006 5391 xvn,
3043 5333 3122 5382 14.
3153 5356 3215 5371 --
3243 5332 3263 5362 ⁸
3289 5330 3487 5394 Iudith,

1947 5415 2020 5470 w,
2048 5407 2095 5455 8.
2118 5430 2176 5441 —-
2204 5405 2225 5439 7
2253 5401 2391 5454 psal.
2421 5411 2650 5463 mxxvn,
2675 5403 2722 5451 2.
