<?xml version="1.0" encoding="UTF-8"?>
<!DOCTYPE html PUBLIC "-//W3C//DTD XHTML 1.0 Transitional//EN"
    "http://www.w3.org/TR/xhtml1/DTD/xhtml1-transitional.dtd">
<html xmlns="http://www.w3.org/1999/xhtml" xml:lang="en" lang="en">
 <head>
  <title>
</title>
<meta http-equiv="Content-Type" content="text/html;charset=utf-8" />
  <meta name='ocr-system' content='tesseract 3.04.00' />
  <meta name='ocr-capabilities' content='ocr_page ocr_carea ocr_par ocr_line ocrx_word'/>
</head>
<body>
  <div class='ocr_page' id='page_1' title='image "./srecardinalissb00cargoog_0554.png"; bbox 0 0 4196 6294; ppageno 0'>
   <div class='ocr_carea' id='block_1_1' title="bbox 672 479 791 540">
    <p class='ocr_par' dir='ltr' id='par_1_1' title="bbox 672 479 791 540">
     <span class='ocr_line' id='line_1_1' title="bbox 672 479 791 540; baseline 0.008 -1"><span class='ocrx_word' id='word_1_1' title='bbox 672 479 791 540; x_wconf 69' lang='lat'><strong>494</strong></span> 
     </span>
    </p>
   </div>
   <div class='ocr_carea' id='block_1_2' title="bbox 655 602 2205 1058">
    <p class='ocr_par' dir='ltr' id='par_1_2' title="bbox 655 602 2205 1058">
     <span class='ocr_line' id='line_1_2' title="bbox 655 602 2201 680; baseline -0.004 -13"><span class='ocrx_word' id='word_1_2' title='bbox 655 609 844 667; x_wconf 89' lang='lat' dir='ltr'><strong>solem</strong></span> <span class='ocrx_word' id='word_1_3' title='bbox 867 649 887 680; x_wconf 95' lang='lat'><strong>,</strong></span> <span class='ocrx_word' id='word_1_4' title='bbox 950 602 1481 679; x_wconf 79' lang='lat' dir='ltr'><strong>circumspicientes</strong></span> <span class='ocrx_word' id='word_1_5' title='bbox 1549 617 1755 660; x_wconf 88' lang='lat' dir='ltr'><strong>omnes</strong></span> <span class='ocrx_word' id='word_1_6' title='bbox 1814 604 1944 661; x_wconf 83' lang='lat' dir='ltr'><strong>vias</strong></span> <span class='ocrx_word' id='word_1_7' title='bbox 2004 603 2201 663; x_wconf 91' lang='lat' dir='ltr'><strong>homi-</strong></span> 
     </span>
     <span class='ocr_line' id='line_1_3' title="bbox 656 695 2205 775; baseline -0.005 -14"><span class='ocrx_word' id='word_1_8' title='bbox 656 718 836 775; x_wconf 90' lang='lat' dir='ltr'><strong>num,</strong></span> <span class='ocrx_word' id='word_1_9' title='bbox 875 722 905 757; x_wconf 66' lang='lat' dir='ltr'>u</span> <span class='ocrx_word' id='word_1_10' title='bbox 938 703 1093 758; x_wconf 86' lang='lat' dir='ltr'><strong>etc.:</strong></span> <span class='ocrx_word' id='word_1_11' title='bbox 1131 714 1265 757; x_wconf 88' lang='lat' dir='ltr'><strong>ecce</strong></span> <span class='ocrx_word' id='word_1_12' title='bbox 1302 695 1584 755; x_wconf 81' lang='lat' dir='ltr'><strong>Dominus</strong></span> <span class='ocrx_word' id='word_1_13' title='bbox 1623 697 1825 756; x_wconf 91' lang='lat' dir='ltr'><strong>omnia</strong></span> <span class='ocrx_word' id='word_1_14' title='bbox 1864 697 2205 773; x_wconf 90' lang='lat' dir='ltr'><strong>circumspi-</strong></span> 
     </span>
     <span class='ocr_line' id='line_1_4' title="bbox 658 790 2202 866; baseline -0.003 -13"><span class='ocrx_word' id='word_1_15' title='bbox 658 797 835 853; x_wconf 88' lang='lat' dir='ltr'><strong>ciens.</strong></span> <span class='ocrx_word' id='word_1_16' title='bbox 852 798 932 853; x_wconf 91' lang='lat' dir='ltr'><strong>De</strong></span> <span class='ocrx_word' id='word_1_17' title='bbox 951 793 1119 852; x_wconf 87' lang='lat' dir='ltr'><strong>tertio</strong></span> <span class='ocrx_word' id='word_1_18' title='bbox 1146 792 1419 851; x_wconf 85' lang='lat' dir='ltr'><strong>scribitur</strong></span> <span class='ocrx_word' id='word_1_19' title='bbox 1437 792 1485 849; x_wconf 90' lang='lat'><strong>¹:</strong></span> <span class='ocrx_word' id='word_1_20' title='bbox 1508 809 1536 846; x_wconf 75' lang='grc' dir='ltr'><strong>α</strong></span> <span class='ocrx_word' id='word_1_21' title='bbox 1557 790 1788 862; x_wconf 87' lang='lat' dir='ltr'><strong>Omnia,</strong></span> <span class='ocrx_word' id='word_1_22' title='bbox 1810 807 2202 866; x_wconf 71' lang='lat' dir='ltr'><strong>quaecumque</strong></span> 
     </span>
     <span class='ocr_line' id='line_1_5' title="bbox 656 885 2203 961; baseline -0.002 -15"><span class='ocrx_word' id='word_1_23' title='bbox 656 889 875 961; x_wconf 78' lang='lat' dir='ltr'><strong>voluit,</strong></span> <span class='ocrx_word' id='word_1_24' title='bbox 905 888 1187 946; x_wconf 86' lang='lat' dir='ltr'><strong>Dominus</strong></span> <span class='ocrx_word' id='word_1_25' title='bbox 1221 886 1383 959; x_wconf 83' lang='lat' dir='ltr'><strong>fecit3</strong></span> <span class='ocrx_word' id='word_1_26' title='bbox 1413 907 1441 941; x_wconf 69' lang='lat' dir='ltr'><strong>n</strong></span> <span class='ocrx_word' id='word_1_27' title='bbox 1489 902 1623 945; x_wconf 90' lang='lat' dir='ltr'><strong>ecce</strong></span> <span class='ocrx_word' id='word_1_28' title='bbox 1651 886 1932 946; x_wconf 86' lang='lat' dir='ltr'><strong>Dominus</strong></span> <span class='ocrx_word' id='word_1_29' title='bbox 1970 885 2203 956; x_wconf 91' lang='lat' dir='ltr'><strong>omnia,</strong></span> 
     </span>
     <span class='ocr_line' id='line_1_6' title="bbox 660 981 1246 1058; baseline -0.009 -15"><span class='ocrx_word' id='word_1_30' title='bbox 660 1000 795 1058; x_wconf 77' lang='lat' dir='ltr'><strong>quae</strong></span> <span class='ocrx_word' id='word_1_31' title='bbox 820 983 975 1055; x_wconf 81' lang='lat' dir='ltr'><strong>vult,</strong></span> <span class='ocrx_word' id='word_1_32' title='bbox 1005 981 1246 1042; x_wconf 86' lang='lat' dir='ltr'><strong>faciens.</strong></span> 
     </span>
    </p>
   </div>
   <div class='ocr_carea' id='block_1_3' title="bbox 1167 1141 1684 1197">
    <p class='ocr_par' dir='ltr' id='par_1_3' title="bbox 1167 1141 1684 1197">
     <span class='ocr_line' id='line_1_7' title="bbox 1167 1141 1684 1197; baseline -0.012 0"><span class='ocrx_word' id='word_1_33' title='bbox 1167 1141 1444 1197; x_wconf 76' lang='lat' dir='ltr'><strong>Articulus</strong></span> <span class='ocrx_word' id='word_1_34' title='bbox 1473 1141 1684 1196; x_wconf 78' lang='lat' dir='ltr'><strong>tertius.</strong></span> 
     </span>
    </p>
   </div>
   <div class='ocr_carea' id='block_1_4' title="bbox 659 1263 2216 3019">
    <p class='ocr_par' dir='ltr' id='par_1_4' title="bbox 659 1263 2216 3019">
     <span class='ocr_line' id='line_1_8' title="bbox 734 1263 2200 1344; baseline -0.003 -19"><span class='ocrx_word' id='word_1_35' title='bbox 734 1270 975 1325; x_wconf 84' lang='lat' dir='ltr'><strong>Rectum</strong></span> <span class='ocrx_word' id='word_1_36' title='bbox 999 1264 1286 1324; x_wconf 79' lang='lat' dir='ltr'><strong>rationale</strong></span> <span class='ocrx_word' id='word_1_37' title='bbox 1310 1263 1685 1339; x_wconf 89' lang='lat' dir='ltr'><strong>proponitur,</strong></span> <span class='ocrx_word' id='word_1_38' title='bbox 1710 1279 1846 1321; x_wconf 90' lang='lat' dir='ltr'><strong>cum</strong></span> <span class='ocrx_word' id='word_1_39' title='bbox 1868 1263 2200 1344; x_wconf 83' lang='lat' dir='ltr'><strong>profertur:</strong></span> 
     </span>
     <span class='ocr_line' id='line_1_9' title="bbox 662 1357 2203 1431; baseline -0.002 -14"><span class='ocrx_word' id='word_1_40' title='bbox 662 1364 733 1418; x_wconf 77' lang='lat' dir='ltr'><strong>Et</strong></span> <span class='ocrx_word' id='word_1_41' title='bbox 767 1368 988 1419; x_wconf 82' lang='lat' dir='ltr'><strong>rectum.</strong></span> <span class='ocrx_word' id='word_1_42' title='bbox 1029 1360 1284 1431; x_wconf 82' lang='lat' dir='ltr'><strong>Qualiter</strong></span> <span class='ocrx_word' id='word_1_43' title='bbox 1329 1361 1598 1417; x_wconf 77' lang='lat' dir='ltr'><strong>rectum?</strong></span> <span class='ocrx_word' id='word_1_44' title='bbox 1645 1357 1983 1417; x_wconf 89' lang='lat' dir='ltr'><strong>Secundum</strong></span> <span class='ocrx_word' id='word_1_45' title='bbox 2022 1357 2203 1415; x_wconf 89' lang='lat' dir='ltr'><strong>inter-</strong></span> 
     </span>
     <span class='ocr_line' id='line_1_10' title="bbox 661 1453 2208 1525; baseline -0.003 -14"><span class='ocrx_word' id='word_1_46' title='bbox 661 1472 808 1512; x_wconf 91' lang='lat' dir='ltr'><strong>num</strong></span> <span class='ocrx_word' id='word_1_47' title='bbox 852 1455 1097 1513; x_wconf 87' lang='lat' dir='ltr'><strong>rationis</strong></span> <span class='ocrx_word' id='word_1_48' title='bbox 1146 1453 1486 1520; x_wconf 83' lang='lat' dir='ltr'><strong>arbitrium,</strong></span> <span class='ocrx_word' id='word_1_49' title='bbox 1531 1453 1627 1509; x_wconf 84' lang='lat' dir='ltr'><strong>vel</strong></span> <span class='ocrx_word' id='word_1_50' title='bbox 1682 1454 2005 1525; x_wconf 88' lang='lat' dir='ltr'><strong>aspectum.</strong></span> <span class='ocrx_word' id='word_1_51' title='bbox 2060 1454 2208 1508; x_wconf 89' lang='lat' dir='ltr'><strong>Nam</strong></span> 
     </span>
     <span class='ocr_line' id='line_1_11' title="bbox 659 1545 2211 1624; baseline -0.003 -18"><span class='ocrx_word' id='word_1_52' title='bbox 659 1549 1062 1624; x_wconf 88' lang='lat' dir='ltr'><strong>proculdubio</strong></span> <span class='ocrx_word' id='word_1_53' title='bbox 1090 1547 1369 1623; x_wconf 73' lang='lat' dir='ltr'><strong>quaelibet</strong></span> <span class='ocrx_word' id='word_1_54' title='bbox 1395 1549 1519 1604; x_wconf 88' lang='lat' dir='ltr'><strong>tam</strong></span> <span class='ocrx_word' id='word_1_55' title='bbox 1544 1545 1809 1616; x_wconf 88' lang='lat' dir='ltr'><strong>interior,</strong></span> <span class='ocrx_word' id='word_1_56' title='bbox 1838 1561 2022 1619; x_wconf 90' lang='lat' dir='ltr'><strong>quam</strong></span> <span class='ocrx_word' id='word_1_57' title='bbox 2046 1547 2211 1603; x_wconf 80' lang='lat' dir='ltr'><strong>exte-</strong></span> 
     </span>
     <span class='ocr_line' id='line_1_12' title="bbox 661 1638 2211 1714; baseline -0.003 -14"><span class='ocrx_word' id='word_1_58' title='bbox 661 1644 784 1701; x_wconf 83' lang='lat' dir='ltr'><strong>rior</strong></span> <span class='ocrx_word' id='word_1_59' title='bbox 826 1643 977 1702; x_wconf 88' lang='lat' dir='ltr'><strong>actio</strong></span> <span class='ocrx_word' id='word_1_60' title='bbox 1026 1641 1334 1701; x_wconf 87' lang='lat' dir='ltr'><strong>rectificari</strong></span> <span class='ocrx_word' id='word_1_61' title='bbox 1375 1640 1737 1714; x_wconf 83' lang='lat' dir='ltr'><strong>dignoscitur</strong></span> <span class='ocrx_word' id='word_1_62' title='bbox 1778 1638 2076 1697; x_wconf 79' lang='lat' dir='ltr'><strong>mediante</strong></span> <span class='ocrx_word' id='word_1_63' title='bbox 2121 1638 2211 1695; x_wconf 92' lang='lat' dir='ltr'><strong>in-</strong></span> 
     </span>
     <span class='ocr_line' id='line_1_13' title="bbox 663 1732 2213 1796; baseline -0.003 -2"><span class='ocrx_word' id='word_1_64' title='bbox 663 1740 829 1795; x_wconf 88' lang='lat' dir='ltr'><strong>terno</strong></span> <span class='ocrx_word' id='word_1_65' title='bbox 874 1736 1119 1796; x_wconf 89' lang='lat' dir='ltr'><strong>rationis</strong></span> <span class='ocrx_word' id='word_1_66' title='bbox 1160 1735 1424 1794; x_wconf 90' lang='lat' dir='ltr'><strong>arbitri0.</strong></span> <span class='ocrx_word' id='word_1_67' title='bbox 1470 1735 1632 1792; x_wconf 90' lang='lat' dir='ltr'><strong>Unde</strong></span> <span class='ocrx_word' id='word_1_68' title='bbox 1677 1732 2008 1792; x_wconf 87' lang='lat' dir='ltr'><strong>notandum</strong></span> <span class='ocrx_word' id='word_1_69' title='bbox 2056 1733 2213 1790; x_wconf 89' lang='lat' dir='ltr'><strong>circa</strong></span> 
     </span>
     <span class='ocr_line' id='line_1_14' title="bbox 661 1821 2212 1904; baseline -0.005 -15"><span class='ocrx_word' id='word_1_70' title='bbox 661 1832 1071 1891; x_wconf 84' lang='lat' dir='ltr'><strong>rectitudinem</strong></span> <span class='ocrx_word' id='word_1_71' title='bbox 1118 1829 1394 1900; x_wconf 77' lang='lat' dir='ltr'><strong>rationiS,</strong></span> <span class='ocrx_word' id='word_1_72' title='bbox 1436 1828 1635 1904; x_wconf 89' lang='lat' dir='ltr'><strong>quod,</strong></span> <span class='ocrx_word' id='word_1_73' title='bbox 1690 1828 1839 1886; x_wconf 88' lang='lat' dir='ltr'><strong>sicut</strong></span> <span class='ocrx_word' id='word_1_74' title='bbox 1889 1825 2103 1900; x_wconf 88' lang='lat' dir='ltr'><strong>legitur</strong></span> <span class='ocrx_word' id='word_1_75' title='bbox 2150 1821 2212 1883; x_wconf 91' lang='lat' dir='ltr'><strong>iu</strong></span> 
     </span>
     <span class='ocr_line' id='line_1_15' title="bbox 662 1921 2211 1999; baseline -0.003 -16"><span class='ocrx_word' id='word_1_76' title='bbox 662 1926 1002 1999; x_wconf 73' lang='lat' dir='ltr'><strong>ScripturiS,</strong></span> <span class='ocrx_word' id='word_1_77' title='bbox 1044 1928 1130 1983; x_wconf 89' lang='lat' dir='ltr'><strong>est</strong></span> <span class='ocrx_word' id='word_1_78' title='bbox 1164 1923 1454 1983; x_wconf 88' lang='lat' dir='ltr'><strong>rectitudo</strong></span> <span class='ocrx_word' id='word_1_79' title='bbox 1494 1924 1769 1994; x_wconf 83' lang='lat' dir='ltr'><strong>visionis,</strong></span> <span class='ocrx_word' id='word_1_80' title='bbox 1809 1926 1894 1980; x_wconf 90' lang='lat' dir='ltr'><strong>est</strong></span> <span class='ocrx_word' id='word_1_81' title='bbox 1918 1921 2211 1980; x_wconf 86' lang='lat' dir='ltr'><strong>rectitudo</strong></span> 
     </span>
     <span class='ocr_line' id='line_1_16' title="bbox 662 2016 2214 2094; baseline -0.002 -18"><span class='ocrx_word' id='word_1_82' title='bbox 662 2018 1095 2094; x_wconf 74' lang='lat' dir='ltr'><strong>praedicationis</strong></span> <span class='ocrx_word' id='word_1_83' title='bbox 1105 2061 1123 2090; x_wconf 92' lang='lat'>‚</span> <span class='ocrx_word' id='word_1_84' title='bbox 1155 2020 1242 2076; x_wconf 88' lang='lat' dir='ltr'><strong>est</strong></span> <span class='ocrx_word' id='word_1_85' title='bbox 1266 2017 1555 2075; x_wconf 81' lang='lat' dir='ltr'><strong>rectitudo</strong></span> <span class='ocrx_word' id='word_1_86' title='bbox 1586 2016 1978 2092; x_wconf 81' lang='lat' dir='ltr'><strong>operationiS‚</strong></span> <span class='ocrx_word' id='word_1_87' title='bbox 2006 2031 2214 2090; x_wconf 88' lang='lat' dir='ltr'><strong>proce-</strong></span> 
     </span>
     <span class='ocr_line' id='line_1_17' title="bbox 666 2109 2209 2185; baseline -0.003 -16"><span class='ocrx_word' id='word_1_88' title='bbox 666 2112 814 2169; x_wconf 88' lang='lat' dir='ltr'><strong>dens</strong></span> <span class='ocrx_word' id='word_1_89' title='bbox 858 2130 895 2170; x_wconf 93' lang='lat' dir='ltr'><strong>a</strong></span> <span class='ocrx_word' id='word_1_90' title='bbox 933 2111 1280 2170; x_wconf 88' lang='lat' dir='ltr'><strong>rectitudine</strong></span> <span class='ocrx_word' id='word_1_91' title='bbox 1328 2110 1614 2169; x_wconf 87' lang='lat' dir='ltr'><strong>rationis:</strong></span> <span class='ocrx_word' id='word_1_92' title='bbox 1664 2111 1861 2185; x_wconf 91' lang='lat' dir='ltr'><strong>prima</strong></span> <span class='ocrx_word' id='word_1_93' title='bbox 1905 2109 2209 2181; x_wconf 85' lang='lat' dir='ltr'><strong>mentalis3</strong></span> 
     </span>
     <span class='ocr_line' id='line_1_18' title="bbox 665 2204 2209 2278; baseline -0.001 -15"><span class='ocrx_word' id='word_1_94' title='bbox 665 2207 927 2265; x_wconf 90' lang='lat' dir='ltr'><strong>secunda</strong></span> <span class='ocrx_word' id='word_1_95' title='bbox 965 2206 1191 2266; x_wconf 81' lang='lat' dir='ltr'><strong>vocalis</strong></span> <span class='ocrx_word' id='word_1_96' title='bbox 1204 2225 1222 2277; x_wconf 90' lang='lat'>;</span> <span class='ocrx_word' id='word_1_97' title='bbox 1264 2205 1435 2263; x_wconf 88' lang='lat' dir='ltr'><strong>tertia</strong></span> <span class='ocrx_word' id='word_1_98' title='bbox 1471 2205 1782 2264; x_wconf 63' lang='lat' dir='ltr'><strong>manualis</strong></span> <span class='ocrx_word' id='word_1_99' title='bbox 1814 2207 1892 2262; x_wconf 92' lang='lat' dir='ltr'><strong>De</strong></span> <span class='ocrx_word' id='word_1_100' title='bbox 1927 2204 2125 2278; x_wconf 90' lang='lat' dir='ltr'><strong>primo</strong></span> <span class='ocrx_word' id='word_1_101' title='bbox 2146 2206 2209 2261; x_wconf 81' lang='lat'><strong>¹:</strong></span> 
     </span>
     <span class='ocr_line' id='line_1_19' title="bbox 672 2298 2215 2362; baseline -0.003 -3"><span class='ocrx_word' id='word_1_102' title='bbox 672 2326 699 2359; x_wconf 73' lang='grc' dir='ltr'><strong>α</strong></span> <span class='ocrx_word' id='word_1_103' title='bbox 727 2304 891 2362; x_wconf 89' lang='lat' dir='ltr'><strong>Oculi</strong></span> <span class='ocrx_word' id='word_1_104' title='bbox 935 2303 1020 2360; x_wconf 91' lang='lat' dir='ltr'><strong>tui</strong></span> <span class='ocrx_word' id='word_1_105' title='bbox 1059 2302 1300 2360; x_wconf 85' lang='lat' dir='ltr'><strong>videant</strong></span> <span class='ocrx_word' id='word_1_106' title='bbox 1334 2304 1495 2359; x_wconf 89' lang='lat' dir='ltr'><strong>recta</strong></span> <span class='ocrx_word' id='word_1_107' title='bbox 1528 2321 1592 2359; x_wconf 74' lang='grc' dir='ltr'><strong>ε»</strong></span> <span class='ocrx_word' id='word_1_108' title='bbox 1625 2317 1758 2359; x_wconf 87' lang='lat' dir='ltr'><strong>ecce</strong></span> <span class='ocrx_word' id='word_1_109' title='bbox 1793 2299 2083 2358; x_wconf 87' lang='lat' dir='ltr'><strong>rectitudo</strong></span> <span class='ocrx_word' id='word_1_110' title='bbox 2123 2298 2215 2356; x_wconf 77' lang='lat' dir='ltr'><strong>vi-</strong></span> 
     </span>
     <span class='ocr_line' id='line_1_20' title="bbox 664 2389 2210 2470; baseline -0.003 -18"><span class='ocrx_word' id='word_1_111' title='bbox 664 2399 865 2456; x_wconf 80' lang='lat' dir='ltr'><strong>sionis,</strong></span> <span class='ocrx_word' id='word_1_112' title='bbox 895 2400 970 2455; x_wconf 89' lang='lat' dir='ltr'><strong>De</strong></span> <span class='ocrx_word' id='word_1_113' title='bbox 1007 2396 1270 2454; x_wconf 90' lang='lat' dir='ltr'><strong>secundo</strong></span> <span class='ocrx_word' id='word_1_114' title='bbox 1302 2398 1359 2454; x_wconf 82' lang='lat'><strong>⁸:</strong></span> <span class='ocrx_word' id='word_1_115' title='bbox 1392 2414 1421 2450; x_wconf 77' lang='grc' dir='ltr'><strong>α</strong></span> <span class='ocrx_word' id='word_1_116' title='bbox 1447 2395 1793 2470; x_wconf 83' lang='lat' dir='ltr'><strong>Aperientur</strong></span> <span class='ocrx_word' id='word_1_117' title='bbox 1829 2394 1992 2452; x_wconf 88' lang='lat' dir='ltr'><strong>labia</strong></span> <span class='ocrx_word' id='word_1_118' title='bbox 2038 2389 2210 2464; x_wconf 85' lang='lat' dir='ltr'><strong>mea,</strong></span> 
     </span>
     <span class='ocr_line' id='line_1_21' title="bbox 667 2486 2215 2565; baseline -0.003 -17"><span class='ocrx_word' id='word_1_119' title='bbox 667 2496 731 2548; x_wconf 90' lang='lat' dir='ltr'><strong>ut</strong></span> <span class='ocrx_word' id='word_1_120' title='bbox 773 2496 932 2549; x_wconf 87' lang='lat' dir='ltr'><strong>recta</strong></span> <span class='ocrx_word' id='word_1_121' title='bbox 970 2491 1291 2565; x_wconf 78' lang='lat' dir='ltr'><strong>praedicent</strong></span> <span class='ocrx_word' id='word_1_122' title='bbox 1319 2512 1336 2547; x_wconf 76' lang='grc' dir='ltr'><strong><em>ε</em></strong></span> <span class='ocrx_word' id='word_1_123' title='bbox 1366 2509 1396 2544; x_wconf 73' lang='grc' dir='ltr'><strong>ιο</strong></span> <span class='ocrx_word' id='word_1_124' title='bbox 1431 2505 1565 2548; x_wconf 89' lang='lat' dir='ltr'><strong>ecce</strong></span> <span class='ocrx_word' id='word_1_125' title='bbox 1602 2487 1894 2547; x_wconf 90' lang='lat' dir='ltr'><strong>rectitudo</strong></span> <span class='ocrx_word' id='word_1_126' title='bbox 1928 2486 2215 2561; x_wconf 82' lang='lat' dir='ltr'><strong>praedica-</strong></span> 
     </span>
     <span class='ocr_line' id='line_1_22' title="bbox 664 2583 2212 2654; baseline -0.004 -11"><span class='ocrx_word' id='word_1_127' title='bbox 664 2586 859 2644; x_wconf 87' lang='lat' dir='ltr'><strong>tionis.</strong></span> <span class='ocrx_word' id='word_1_128' title='bbox 910 2589 986 2643; x_wconf 90' lang='lat' dir='ltr'><strong>De</strong></span> <span class='ocrx_word' id='word_1_129' title='bbox 1027 2585 1194 2644; x_wconf 89' lang='lat' dir='ltr'><strong>tertio</strong></span> <span class='ocrx_word' id='word_1_130' title='bbox 1221 2585 1285 2642; x_wconf 71' lang='lat'><strong>⁸:</strong></span> <span class='ocrx_word' id='word_1_131' title='bbox 1320 2601 1350 2638; x_wconf 79' lang='grc' dir='ltr'><strong>α</strong></span> <span class='ocrx_word' id='word_1_132' title='bbox 1377 2583 1488 2654; x_wconf 91' lang='lat' dir='ltr'><strong>Qui</strong></span> <span class='ocrx_word' id='word_1_133' title='bbox 1525 2583 1788 2641; x_wconf 91' lang='lat' dir='ltr'><strong>mundus</strong></span> <span class='ocrx_word' id='word_1_134' title='bbox 1825 2585 1945 2653; x_wconf 89' lang='lat' dir='ltr'><strong>est,</strong></span> <span class='ocrx_word' id='word_1_135' title='bbox 1986 2585 2212 2638; x_wconf 88' lang='lat' dir='ltr'><strong>rectum</strong></span> 
     </span>
     <span class='ocr_line' id='line_1_23' title="bbox 667 2674 2215 2755; baseline -0.002 -18"><span class='ocrx_word' id='word_1_136' title='bbox 667 2697 818 2755; x_wconf 87' lang='lat' dir='ltr'><strong>opus</strong></span> <span class='ocrx_word' id='word_1_137' title='bbox 862 2680 1023 2753; x_wconf 86' lang='lat' dir='ltr'><strong>ejus:</strong></span> <span class='ocrx_word' id='word_1_138' title='bbox 1065 2700 1095 2734; x_wconf 66' lang='lat' dir='ltr'><strong>n</strong></span> <span class='ocrx_word' id='word_1_139' title='bbox 1127 2694 1263 2736; x_wconf 90' lang='lat' dir='ltr'><strong>ecce</strong></span> <span class='ocrx_word' id='word_1_140' title='bbox 1297 2677 1584 2736; x_wconf 89' lang='lat' dir='ltr'><strong>rectitudo</strong></span> <span class='ocrx_word' id='word_1_141' title='bbox 1622 2674 2001 2751; x_wconf 79' lang='lat' dir='ltr'><strong>operationis,</strong></span> <span class='ocrx_word' id='word_1_142' title='bbox 2049 2676 2215 2734; x_wconf 92' lang='lat' dir='ltr'><strong>Unde</strong></span> 
     </span>
     <span class='ocr_line' id='line_1_24' title="bbox 665 2770 2216 2848; baseline -0.003 -16"><span class='ocrx_word' id='word_1_143' title='bbox 665 2774 946 2832; x_wconf 90' lang='lat' dir='ltr'><strong>nimirum</strong></span> <span class='ocrx_word' id='word_1_144' title='bbox 967 2776 1122 2832; x_wconf 91' lang='lat' dir='ltr'><strong>recte</strong></span> <span class='ocrx_word' id='word_1_145' title='bbox 1148 2772 1499 2848; x_wconf 89' lang='lat' dir='ltr'><strong>prohibetur</strong></span> <span class='ocrx_word' id='word_1_146' title='bbox 1525 2770 1765 2843; x_wconf 86' lang='lat' dir='ltr'><strong>vitium,</strong></span> <span class='ocrx_word' id='word_1_147' title='bbox 1814 2787 1951 2828; x_wconf 90' lang='lat' dir='ltr'><strong>cum</strong></span> <span class='ocrx_word' id='word_1_148' title='bbox 1988 2774 2216 2828; x_wconf 89' lang='lat' dir='ltr'><strong>rectum</strong></span> 
     </span>
     <span class='ocr_line' id='line_1_25' title="bbox 665 2862 2212 2942; baseline -0.004 -16"><span class='ocrx_word' id='word_1_149' title='bbox 665 2868 1009 2942; x_wconf 90' lang='lat' dir='ltr'><strong>perhibetur</strong></span> <span class='ocrx_word' id='word_1_150' title='bbox 1036 2867 1110 2942; x_wconf 86' lang='lat' dir='ltr'><strong>(a)</strong></span> <span class='ocrx_word' id='word_1_151' title='bbox 1138 2867 1266 2940; x_wconf 87' lang='lat' dir='ltr'><strong>ejus</strong></span> <span class='ocrx_word' id='word_1_152' title='bbox 1292 2865 1651 2940; x_wconf 88' lang='lat' dir='ltr'><strong>supplicium</strong></span> <span class='ocrx_word' id='word_1_153' title='bbox 1677 2880 1788 2939; x_wconf 89' lang='lat' dir='ltr'><strong>per</strong></span> <span class='ocrx_word' id='word_1_154' title='bbox 1827 2867 2001 2923; x_wconf 73' lang='lat' dir='ltr'><strong>rectae</strong></span> <span class='ocrx_word' id='word_1_155' title='bbox 2029 2862 2212 2923; x_wconf 88' lang='lat' dir='ltr'><strong>ratio-</strong></span> 
     </span>
     <span class='ocr_line' id='line_1_26' title="bbox 664 2960 1114 3019; baseline -0.002 -1"><span class='ocrx_word' id='word_1_156' title='bbox 664 2961 759 3018; x_wconf 89' lang='lat' dir='ltr'><strong>nis</strong></span> <span class='ocrx_word' id='word_1_157' title='bbox 785 2960 1114 3019; x_wconf 83' lang='lat' dir='ltr'><strong>arbitrium.</strong></span> 
     </span>
    </p>
   </div>
   <div class='ocr_carea' id='block_1_5' title="bbox 1154 3111 1725 3182">
    <p class='ocr_par' dir='ltr' id='par_1_5' title="bbox 1154 3111 1725 3182">
     <span class='ocr_line' id='line_1_27' title="bbox 1154 3111 1725 3182; baseline -0.005 -14"><span class='ocrx_word' id='word_1_158' title='bbox 1154 3111 1440 3168; x_wconf 76' lang='lat' dir='ltr'><strong>Articulus</strong></span> <span class='ocrx_word' id='word_1_159' title='bbox 1475 3113 1725 3182; x_wconf 80' lang='lat' dir='ltr'><strong>quartus.</strong></span> 
     </span>
    </p>
   </div>
   <div class='ocr_carea' id='block_1_6' title="bbox 669 3243 2221 4917">
    <p class='ocr_par' dir='ltr' id='par_1_6' title="bbox 669 3243 2221 4917">
     <span class='ocr_line' id='line_1_28' title="bbox 738 3243 2216 3318; baseline -0.005 -13"><span class='ocrx_word' id='word_1_160' title='bbox 738 3246 1032 3305; x_wconf 85' lang='lat' dir='ltr'><strong>Judicium</strong></span> <span class='ocrx_word' id='word_1_161' title='bbox 1077 3245 1404 3318; x_wconf 82' lang='lat' dir='ltr'><strong>gehennale</strong></span> <span class='ocrx_word' id='word_1_162' title='bbox 1445 3243 1891 3318; x_wconf 89' lang='lat' dir='ltr'><strong>pronuntiatur,</strong></span> <span class='ocrx_word' id='word_1_163' title='bbox 1940 3259 2077 3301; x_wconf 90' lang='lat' dir='ltr'><strong>cum</strong></span> <span class='ocrx_word' id='word_1_164' title='bbox 2124 3258 2216 3298; x_wconf 91' lang='lat' dir='ltr'><strong>se-</strong></span> 
     </span>
     <span class='ocr_line' id='line_1_29' title="bbox 670 3335 2221 3414; baseline -0.002 -18"><span class='ocrx_word' id='word_1_165' title='bbox 670 3340 867 3414; x_wconf 89' lang='lat' dir='ltr'><strong>quitur</strong></span> <span class='ocrx_word' id='word_1_166' title='bbox 901 3359 914 3397; x_wconf 92' lang='lat'><strong>:</strong></span> <span class='ocrx_word' id='word_1_167' title='bbox 952 3339 1234 3396; x_wconf 77' lang='lat' dir='ltr'><strong>Judicium</strong></span> <span class='ocrx_word' id='word_1_168' title='bbox 1266 3345 1454 3410; x_wconf 83' lang='lat' dir='ltr'><strong>tuum,</strong></span> <span class='ocrx_word' id='word_1_169' title='bbox 1486 3337 1602 3395; x_wconf 90' lang='lat' dir='ltr'><strong>hoc</strong></span> <span class='ocrx_word' id='word_1_170' title='bbox 1630 3336 1789 3394; x_wconf 91' lang='lat' dir='ltr'><strong>enim</strong></span> <span class='ocrx_word' id='word_1_171' title='bbox 1811 3335 2105 3409; x_wconf 88' lang='lat' dir='ltr'><strong>judicium</strong></span> <span class='ocrx_word' id='word_1_172' title='bbox 2131 3338 2221 3393; x_wconf 88' lang='lat' dir='ltr'><strong>cst</strong></span> 
     </span>
     <span class='ocr_line' id='line_1_30' title="bbox 670 3429 2215 3508; baseline -0.002 -17"><span class='ocrx_word' id='word_1_173' title='bbox 670 3433 995 3506; x_wconf 84' lang='lat' dir='ltr'><strong>gehennale</strong></span> <span class='ocrx_word' id='word_1_174' title='bbox 1025 3433 1402 3508; x_wconf 88' lang='lat' dir='ltr'><strong>supplicium.</strong></span> <span class='ocrx_word' id='word_1_175' title='bbox 1433 3434 1477 3490; x_wconf 91' lang='grc' dir='ltr'>Ο</span> <span class='ocrx_word' id='word_1_176' title='bbox 1506 3447 1688 3507; x_wconf 92' lang='lat' dir='ltr'><strong>quam</strong></span> <span class='ocrx_word' id='word_1_177' title='bbox 1716 3431 1866 3488; x_wconf 89' lang='lat' dir='ltr'><strong>dura</strong></span> <span class='ocrx_word' id='word_1_178' title='bbox 1892 3429 2215 3504; x_wconf 92' lang='lat' dir='ltr'><strong>prohibitio</strong></span> 
     </span>
     <span class='ocr_line' id='line_1_31' title="bbox 670 3524 2218 3600; baseline -0.004 -14"><span class='ocrx_word' id='word_1_179' title='bbox 670 3531 757 3588; x_wconf 87' lang='lat' dir='ltr'><strong>est</strong></span> <span class='ocrx_word' id='word_1_180' title='bbox 786 3529 913 3585; x_wconf 83' lang='lat' dir='ltr'><strong>haec</strong></span> <span class='ocrx_word' id='word_1_181' title='bbox 951 3527 1378 3585; x_wconf 83' lang='lat' dir='ltr'><strong>consideratio!</strong></span> <span class='ocrx_word' id='word_1_182' title='bbox 1414 3527 1781 3600; x_wconf 89' lang='lat' dir='ltr'><strong>Quicumque</strong></span> <span class='ocrx_word' id='word_1_183' title='bbox 1816 3524 1917 3583; x_wconf 91' lang='lat' dir='ltr'><strong>tali</strong></span> <span class='ocrx_word' id='word_1_184' title='bbox 1954 3524 2218 3599; x_wconf 91' lang='lat' dir='ltr'><strong>prohibi-</strong></span> 
     </span>
     <span class='ocr_line' id='line_1_32' title="bbox 669 3618 2218 3696; baseline -0.004 -16"><span class='ocrx_word' id='word_1_185' title='bbox 669 3622 819 3681; x_wconf 87' lang='lat' dir='ltr'><strong>torio</strong></span> <span class='ocrx_word' id='word_1_186' title='bbox 846 3638 969 3679; x_wconf 89' lang='lat' dir='ltr'><strong>non</strong></span> <span class='ocrx_word' id='word_1_187' title='bbox 994 3621 1344 3696; x_wconf 88' lang='lat' dir='ltr'><strong>prohibetur</strong></span> <span class='ocrx_word' id='word_1_188' title='bbox 1359 3664 1377 3693; x_wconf 91' lang='lat'>‚</span> <span class='ocrx_word' id='word_1_189' title='bbox 1408 3636 1533 3677; x_wconf 91' lang='lat' dir='ltr'><strong>non</strong></span> <span class='ocrx_word' id='word_1_190' title='bbox 1559 3618 1794 3691; x_wconf 77' lang='lat' dir='ltr'><strong>surduS,</strong></span> <span class='ocrx_word' id='word_1_191' title='bbox 1819 3618 1927 3676; x_wconf 87' lang='lat' dir='ltr'><strong>sed</strong></span> <span class='ocrx_word' id='word_1_192' title='bbox 1948 3622 2218 3675; x_wconf 89' lang='lat' dir='ltr'><strong>mortuus</strong></span> 
     </span>
     <span class='ocr_line' id='line_1_33' title="bbox 671 3711 2217 3788; baseline -0.004 -14"><span class='ocrx_word' id='word_1_193' title='bbox 671 3733 796 3774; x_wconf 86' lang='lat' dir='ltr'><strong>esse</strong></span> <span class='ocrx_word' id='word_1_194' title='bbox 836 3715 1091 3774; x_wconf 84' lang='lat' dir='ltr'><strong>videtur.</strong></span> <span class='ocrx_word' id='word_1_195' title='bbox 1130 3719 1195 3773; x_wconf 88' lang='lat' dir='ltr'><strong>Et</strong></span> <span class='ocrx_word' id='word_1_196' title='bbox 1229 3719 1404 3780; x_wconf 91' lang='lat' dir='ltr'><strong>nota,</strong></span> <span class='ocrx_word' id='word_1_197' title='bbox 1435 3714 1630 3788; x_wconf 89' lang='lat' dir='ltr'><strong>quod,</strong></span> <span class='ocrx_word' id='word_1_198' title='bbox 1671 3714 1820 3770; x_wconf 86' lang='lat' dir='ltr'><strong>sicut</strong></span> <span class='ocrx_word' id='word_1_199' title='bbox 1865 3711 2117 3770; x_wconf 88' lang='lat' dir='ltr'><strong>traditur</strong></span> <span class='ocrx_word' id='word_1_200' title='bbox 2155 3711 2217 3768; x_wconf 91' lang='lat' dir='ltr'><strong>in</strong></span> 
     </span>
     <span class='ocr_line' id='line_1_34' title="bbox 671 3805 2219 3885; baseline -0.003 -17"><span class='ocrx_word' id='word_1_201' title='bbox 671 3810 992 3885; x_wconf 88' lang='lat' dir='ltr'><strong>Scriptura,</strong></span> <span class='ocrx_word' id='word_1_202' title='bbox 1016 3808 1309 3881; x_wconf 88' lang='lat' dir='ltr'><strong>judicium</strong></span> <span class='ocrx_word' id='word_1_203' title='bbox 1349 3806 1465 3866; x_wconf 89' lang='lat' dir='ltr'><strong>tale</strong></span> <span class='ocrx_word' id='word_1_204' title='bbox 1495 3806 1709 3864; x_wconf 89' lang='lat' dir='ltr'><strong>dicitur</strong></span> <span class='ocrx_word' id='word_1_205' title='bbox 1736 3805 2029 3879; x_wconf 88' lang='lat' dir='ltr'><strong>judicium</strong></span> <span class='ocrx_word' id='word_1_206' title='bbox 2057 3822 2219 3864; x_wconf 89' lang='lat' dir='ltr'><strong>mor-</strong></span> 
     </span>
     <span class='ocr_line' id='line_1_35' title="bbox 671 3899 2216 3975; baseline -0.002 -14"><span class='ocrx_word' id='word_1_207' title='bbox 671 3905 819 3975; x_wconf 86' lang='lat' dir='ltr'><strong>tale,</strong></span> <span class='ocrx_word' id='word_1_208' title='bbox 857 3902 1149 3974; x_wconf 89' lang='lat' dir='ltr'><strong>judicium</strong></span> <span class='ocrx_word' id='word_1_209' title='bbox 1187 3901 1549 3975; x_wconf 85' lang='lat' dir='ltr'><strong>gehennale,</strong></span> <span class='ocrx_word' id='word_1_210' title='bbox 1587 3899 1883 3973; x_wconf 89' lang='lat' dir='ltr'><strong>judicium</strong></span> <span class='ocrx_word' id='word_1_211' title='bbox 1920 3899 2216 3958; x_wconf 81' lang='lat' dir='ltr'><strong>aeternale.</strong></span> 
     </span>
     <span class='ocr_line' id='line_1_36' title="bbox 672 3993 2214 4071; baseline -0.002 -17"><span class='ocrx_word' id='word_1_212' title='bbox 672 3997 911 4069; x_wconf 76' lang='lat' dir='ltr'><strong>Quaeris,</strong></span> <span class='ocrx_word' id='word_1_213' title='bbox 940 4012 1156 4071; x_wconf 89' lang='lat' dir='ltr'><strong>quare:</strong></span> <span class='ocrx_word' id='word_1_214' title='bbox 1190 3995 1332 4070; x_wconf 91' lang='lat' dir='ltr'><strong>quia</strong></span> <span class='ocrx_word' id='word_1_215' title='bbox 1357 3993 1809 4053; x_wconf 86' lang='lat' dir='ltr'><strong>interminabile.</strong></span> <span class='ocrx_word' id='word_1_216' title='bbox 1843 3996 1920 4051; x_wconf 92' lang='lat' dir='ltr'><strong>De</strong></span> <span class='ocrx_word' id='word_1_217' title='bbox 1946 3993 2143 4068; x_wconf 89' lang='lat' dir='ltr'><strong>primo</strong></span> <span class='ocrx_word' id='word_1_218' title='bbox 2163 3995 2214 4051; x_wconf 78' lang='lat'><strong>⁸:</strong></span> 
     </span>
     <span class='ocr_line' id='line_1_37' title="bbox 676 4087 2219 4162; baseline 0 -17"><span class='ocrx_word' id='word_1_219' title='bbox 676 4110 707 4145; x_wconf 74' lang='grc' dir='ltr'><strong>α</strong></span> <span class='ocrx_word' id='word_1_220' title='bbox 743 4093 872 4148; x_wconf 91' lang='lat' dir='ltr'><strong>Non</strong></span> <span class='ocrx_word' id='word_1_221' title='bbox 907 4093 994 4148; x_wconf 85' lang='lat' dir='ltr'><strong>est</strong></span> <span class='ocrx_word' id='word_1_222' title='bbox 1031 4090 1162 4148; x_wconf 82' lang='lat' dir='ltr'><strong>viro</strong></span> <span class='ocrx_word' id='word_1_223' title='bbox 1195 4089 1333 4147; x_wconf 88' lang='lat' dir='ltr'><strong>huic</strong></span> <span class='ocrx_word' id='word_1_224' title='bbox 1367 4088 1660 4161; x_wconf 85' lang='lat' dir='ltr'><strong>jndicium</strong></span> <span class='ocrx_word' id='word_1_225' title='bbox 1695 4087 1934 4160; x_wconf 84' lang='lat' dir='ltr'><strong>mortis,</strong></span> <span class='ocrx_word' id='word_1_226' title='bbox 1976 4088 2118 4162; x_wconf 87' lang='lat' dir='ltr'><strong>quia</strong></span> <span class='ocrx_word' id='word_1_227' title='bbox 2155 4088 2219 4144; x_wconf 89' lang='lat' dir='ltr'><strong>in</strong></span> 
     </span>
     <span class='ocr_line' id='line_1_38' title="bbox 673 4181 2214 4242; baseline -0.004 0"><span class='ocrx_word' id='word_1_228' title='bbox 673 4185 914 4242; x_wconf 88' lang='lat' dir='ltr'><strong>nomine</strong></span> <span class='ocrx_word' id='word_1_229' title='bbox 944 4183 1176 4241; x_wconf 91' lang='lat' dir='ltr'><strong>Domini</strong></span> <span class='ocrx_word' id='word_1_230' title='bbox 1203 4183 1305 4240; x_wconf 91' lang='lat' dir='ltr'><strong>Dei</strong></span> <span class='ocrx_word' id='word_1_231' title='bbox 1331 4181 1519 4241; x_wconf 87' lang='lat' dir='ltr'><strong>nostri</strong></span> <span class='ocrx_word' id='word_1_232' title='bbox 1540 4182 1771 4240; x_wconf 86' lang='lat' dir='ltr'><strong>locutus</strong></span> <span class='ocrx_word' id='word_1_233' title='bbox 1800 4184 1885 4240; x_wconf 90' lang='lat' dir='ltr'><strong>est</strong></span> <span class='ocrx_word' id='word_1_234' title='bbox 1913 4181 1992 4238; x_wconf 86' lang='lat' dir='ltr'><strong>ad</strong></span> <span class='ocrx_word' id='word_1_235' title='bbox 2016 4197 2155 4239; x_wconf 90' lang='lat' dir='ltr'><strong>nos:</strong></span> <span class='ocrx_word' id='word_1_236' title='bbox 2184 4201 2214 4236; x_wconf 70' lang='lat' dir='ltr'><strong>n</strong></span> 
     </span>
     <span class='ocr_line' id='line_1_39' title="bbox 676 4274 2220 4351; baseline -0.003 -16"><span class='ocrx_word' id='word_1_237' title='bbox 676 4294 812 4336; x_wconf 88' lang='lat' dir='ltr'><strong>ecce</strong></span> <span class='ocrx_word' id='word_1_238' title='bbox 842 4276 1134 4351; x_wconf 87' lang='lat' dir='ltr'><strong>judicium</strong></span> <span class='ocrx_word' id='word_1_239' title='bbox 1169 4276 1439 4336; x_wconf 87' lang='lat' dir='ltr'><strong>mortale.</strong></span> <span class='ocrx_word' id='word_1_240' title='bbox 1471 4279 1548 4335; x_wconf 93' lang='lat' dir='ltr'><strong>De</strong></span> <span class='ocrx_word' id='word_1_241' title='bbox 1589 4275 1853 4334; x_wconf 89' lang='lat' dir='ltr'><strong>secundo</strong></span> <span class='ocrx_word' id='word_1_242' title='bbox 1879 4275 1901 4310; x_wconf 78' lang='lat'>⁸</span> <span class='ocrx_word' id='word_1_243' title='bbox 1943 4294 1958 4332; x_wconf 73' lang='grc' dir='ltr'>ε</span> <span class='ocrx_word' id='word_1_244' title='bbox 1997 4293 2027 4329; x_wconf 75' lang='grc' dir='ltr'>α</span> <span class='ocrx_word' id='word_1_245' title='bbox 2051 4274 2220 4333; x_wconf 89' lang='lat' dir='ltr'><strong>Geni-</strong></span> 
     </span>
     <span class='ocr_line' id='line_1_40' title="bbox 676 4368 2219 4446; baseline -0.003 -16"><span class='ocrx_word' id='word_1_246' title='bbox 676 4372 838 4430; x_wconf 89' lang='lat' dir='ltr'><strong>mina</strong></span> <span class='ocrx_word' id='word_1_247' title='bbox 879 4371 1254 4443; x_wconf 84' lang='lat' dir='ltr'><strong>viperarum,</strong></span> <span class='ocrx_word' id='word_1_248' title='bbox 1293 4370 1603 4446; x_wconf 89' lang='lat' dir='ltr'><strong>quomodo</strong></span> <span class='ocrx_word' id='word_1_249' title='bbox 1650 4369 1886 4443; x_wconf 82' lang='lat' dir='ltr'><strong>fugietis</strong></span> <span class='ocrx_word' id='word_1_250' title='bbox 1924 4386 1960 4427; x_wconf 92' lang='lat' dir='ltr'><strong>a</strong></span> <span class='ocrx_word' id='word_1_251' title='bbox 1990 4368 2219 4441; x_wconf 87' lang='lat' dir='ltr'><strong>judicio</strong></span> 
     </span>
     <span class='ocr_line' id='line_1_41' title="bbox 677 4462 2217 4540; baseline -0.003 -16"><span class='ocrx_word' id='word_1_252' title='bbox 677 4466 1001 4540; x_wconf 73' lang='lat' dir='ltr'><strong>gehennae?</strong></span> <span class='ocrx_word' id='word_1_253' title='bbox 1016 4485 1045 4520; x_wconf 71' lang='lat' dir='ltr'>n</span> <span class='ocrx_word' id='word_1_254' title='bbox 1061 4480 1195 4524; x_wconf 88' lang='lat' dir='ltr'><strong>ecce</strong></span> <span class='ocrx_word' id='word_1_255' title='bbox 1210 4463 1502 4537; x_wconf 90' lang='lat' dir='ltr'><strong>judicium</strong></span> <span class='ocrx_word' id='word_1_256' title='bbox 1520 4462 1867 4535; x_wconf 85' lang='lat' dir='ltr'><strong>gehennale.</strong></span> <span class='ocrx_word' id='word_1_257' title='bbox 1882 4467 1962 4521; x_wconf 91' lang='lat' dir='ltr'><strong>De</strong></span> <span class='ocrx_word' id='word_1_258' title='bbox 1977 4463 2147 4521; x_wconf 88' lang='lat' dir='ltr'><strong>tertio</strong></span> <span class='ocrx_word' id='word_1_259' title='bbox 2167 4465 2217 4519; x_wconf 85' lang='lat'><strong>⁷:</strong></span> 
     </span>
     <span class='ocr_line' id='line_1_42' title="bbox 681 4556 2217 4631; baseline -0.001 -16"><span class='ocrx_word' id='word_1_260' title='bbox 681 4582 710 4615; x_wconf 73' lang='grc' dir='ltr'><strong>α</strong></span> <span class='ocrx_word' id='word_1_261' title='bbox 736 4559 1174 4619; x_wconf 85' lang='lat' dir='ltr'><strong>intermittentes</strong></span> <span class='ocrx_word' id='word_1_262' title='bbox 1202 4556 1595 4616; x_wconf 89' lang='lat' dir='ltr'><strong>inchoationis</strong></span> <span class='ocrx_word' id='word_1_263' title='bbox 1620 4556 1825 4615; x_wconf 87' lang='lat' dir='ltr'><strong>Christi</strong></span> <span class='ocrx_word' id='word_1_264' title='bbox 1851 4572 2217 4631; x_wconf 89' lang='lat' dir='ltr'><strong>sermonem,</strong></span> 
     </span>
     <span class='ocr_line' id='line_1_43' title="bbox 676 4651 2220 4730; baseline -0.002 -17"><span class='ocrx_word' id='word_1_265' title='bbox 676 4655 756 4713; x_wconf 89' lang='lat' dir='ltr'><strong>ad</strong></span> <span class='ocrx_word' id='word_1_266' title='bbox 788 4654 1211 4730; x_wconf 81' lang='lat' dir='ltr'><strong>perfectionem</strong></span> <span class='ocrx_word' id='word_1_267' title='bbox 1251 4651 1511 4711; x_wconf 87' lang='lat' dir='ltr'><strong>feramur</strong></span> <span class='ocrx_word' id='word_1_268' title='bbox 1521 4672 1539 4725; x_wconf 86' lang='lat'>3</span> <span class='ocrx_word' id='word_1_269' title='bbox 1578 4674 1606 4707; x_wconf 73' lang='grc' dir='ltr'><strong>ι»</strong></span> <span class='ocrx_word' id='word_1_270' title='bbox 1641 4657 1697 4710; x_wconf 88' lang='lat' dir='ltr'><strong>et</strong></span> <span class='ocrx_word' id='word_1_271' title='bbox 1732 4652 1921 4710; x_wconf 87' lang='lat' dir='ltr'><strong>infra:</strong></span> <span class='ocrx_word' id='word_1_272' title='bbox 1958 4673 1987 4706; x_wconf 74' lang='grc' dir='ltr'><strong>α</strong></span> <span class='ocrx_word' id='word_1_273' title='bbox 2012 4656 2220 4711; x_wconf 83' lang='lat' dir='ltr'><strong>Resur-</strong></span> 
     </span>
     <span class='ocr_line' id='line_1_44' title="bbox 675 4746 2218 4821; baseline -0.001 -14"><span class='ocrx_word' id='word_1_274' title='bbox 675 4749 951 4808; x_wconf 87' lang='lat' dir='ltr'><strong>rectionis</strong></span> <span class='ocrx_word' id='word_1_275' title='bbox 985 4751 1393 4821; x_wconf 90' lang='lat' dir='ltr'><strong>mortuorum,</strong></span> <span class='ocrx_word' id='word_1_276' title='bbox 1438 4750 1494 4806; x_wconf 89' lang='lat' dir='ltr'><strong>et</strong></span> <span class='ocrx_word' id='word_1_277' title='bbox 1515 4746 1723 4820; x_wconf 72' lang='lat' dir='ltr'><strong>iudicii</strong></span> <span class='ocrx_word' id='word_1_278' title='bbox 1746 4746 1941 4805; x_wconf 83' lang='lat' dir='ltr'><strong>aeterni</strong></span> <span class='ocrx_word' id='word_1_279' title='bbox 1974 4765 1988 4804; x_wconf 74' lang='grc' dir='ltr'><strong><em>ε</em></strong></span> <span class='ocrx_word' id='word_1_280' title='bbox 2019 4768 2049 4803; x_wconf 66' lang='lat' dir='ltr'>u</span> <span class='ocrx_word' id='word_1_281' title='bbox 2085 4763 2218 4806; x_wconf 88' lang='lat' dir='ltr'><strong>ecce</strong></span> 
     </span>
     <span class='ocr_line' id='line_1_45' title="bbox 671 4843 1375 4917; baseline -0.001 -16"><span class='ocrx_word' id='word_1_282' title='bbox 671 4843 963 4917; x_wconf 84' lang='lat' dir='ltr'><strong>jndicium</strong></span> <span class='ocrx_word' id='word_1_283' title='bbox 992 4843 1282 4902; x_wconf 80' lang='lat' dir='ltr'><strong>oeternale.</strong></span> <span class='ocrx_word' id='word_1_284' title='bbox 1368 4878 1375 4883; x_wconf 93' lang='lat'>-</span> 
     </span>
    </p>
   </div>
   <div class='ocr_carea' id='block_1_7' title="bbox 677 5006 2218 5300">
    <p class='ocr_par' dir='ltr' id='par_1_7' title="bbox 677 5006 2218 5300">
     <span class='ocr_line' id='line_1_46' title="bbox 974 5006 1576 5077; baseline -0.003 -19"><span class='ocrx_word' id='word_1_285' title='bbox 974 5067 985 5077; x_wconf 43' lang='lat'>‚</span> <span class='ocrx_word' id='word_1_286' title='bbox 1320 5006 1576 5073; x_wconf 81' lang='lat' dir='ltr'><strong>Epilogus.</strong></span> 
     </span>
     <span class='ocr_line' id='line_1_47' title="bbox 748 5128 2218 5205; baseline 0.001 -17"><span class='ocrx_word' id='word_1_287' title='bbox 748 5130 840 5188; x_wconf 73' lang='lat' dir='ltr'><strong>Ait</strong></span> <span class='ocrx_word' id='word_1_288' title='bbox 865 5145 1007 5202; x_wconf 90' lang='lat' dir='ltr'><strong>ergo</strong></span> <span class='ocrx_word' id='word_1_289' title='bbox 1042 5129 1359 5204; x_wconf 89' lang='lat' dir='ltr'><strong>Propheta,</strong></span> <span class='ocrx_word' id='word_1_290' title='bbox 1392 5128 1844 5205; x_wconf 85' lang='lat' dir='ltr'><strong>quadruplicem</strong></span> <span class='ocrx_word' id='word_1_291' title='bbox 1868 5129 2218 5204; x_wconf 88' lang='lat' dir='ltr'><strong>prohibitio-</strong></span> 
     </span>
     <span class='ocr_line' id='line_1_48' title="bbox 677 5223 2214 5300; baseline 0.001 -19"><span class='ocrx_word' id='word_1_292' title='bbox 677 5238 814 5282; x_wconf 90' lang='lat' dir='ltr'><strong>nem</strong></span> <span class='ocrx_word' id='word_1_293' title='bbox 841 5223 1141 5298; x_wconf 84' lang='lat' dir='ltr'><strong>explicans</strong></span> <span class='ocrx_word' id='word_1_294' title='bbox 1166 5240 1275 5300; x_wconf 90' lang='lat' dir='ltr'><strong>per</strong></span> <span class='ocrx_word' id='word_1_295' title='bbox 1302 5224 1428 5282; x_wconf 81' lang='lat' dir='ltr'><strong>haec</strong></span> <span class='ocrx_word' id='word_1_296' title='bbox 1452 5224 1673 5283; x_wconf 83' lang='lat' dir='ltr'><strong>verba:</strong></span> <span class='ocrx_word' id='word_1_297' title='bbox 1702 5226 1888 5282; x_wconf 76' lang='lat' dir='ltr'><strong>Justus</strong></span> <span class='ocrx_word' id='word_1_298' title='bbox 1909 5240 1993 5297; x_wconf 84' lang='lat' dir='ltr'><strong>es,</strong></span> <span class='ocrx_word' id='word_1_299' title='bbox 2021 5241 2214 5299; x_wconf 90' lang='lat' dir='ltr'><strong>quan-</strong></span> 
     </span>
    </p>
   </div>
   <div class='ocr_carea' id='block_1_8' title="bbox 679 5349 2215 5488">
    <p class='ocr_par' dir='ltr' id='par_1_8' title="bbox 679 5349 2215 5488">
     <span class='ocr_line' id='line_1_49' title="bbox 742 5349 2212 5414; baseline -0.001 -12"><span class='ocrx_word' id='word_1_300' title='bbox 742 5353 755 5382; x_wconf 89' lang='lat'><strong>¹</strong></span> <span class='ocrx_word' id='word_1_301' title='bbox 794 5350 930 5402; x_wconf 78' lang='lat' dir='ltr'><strong>Psal.</strong></span> <span class='ocrx_word' id='word_1_302' title='bbox 973 5361 1181 5413; x_wconf 74' lang='lat' dir='ltr'><strong>cxxxw,</strong></span> <span class='ocrx_word' id='word_1_303' title='bbox 1224 5352 1273 5400; x_wconf 83' lang='lat'><strong>6.</strong></span> <span class='ocrx_word' id='word_1_304' title='bbox 1308 5375 1371 5388; x_wconf 95' lang='lat'>—</span> <span class='ocrx_word' id='word_1_305' title='bbox 1410 5350 1429 5380; x_wconf 82' lang='lat'>²</span> <span class='ocrx_word' id='word_1_306' title='bbox 1466 5349 1629 5410; x_wconf 60' lang='lat' dir='ltr'><strong>prov„</strong></span> <span class='ocrx_word' id='word_1_307' title='bbox 1671 5362 1741 5412; x_wconf 77' lang='lat' dir='ltr'><strong>IV,</strong></span> <span class='ocrx_word' id='word_1_308' title='bbox 1781 5351 1859 5400; x_wconf 83' lang='lat'><strong>25.</strong></span> <span class='ocrx_word' id='word_1_309' title='bbox 1894 5376 1953 5387; x_wconf 94' lang='lat'>—</span> <span class='ocrx_word' id='word_1_310' title='bbox 1995 5350 2017 5384; x_wconf 81' lang='lat'>³</span> <span class='ocrx_word' id='word_1_311' title='bbox 2046 5352 2212 5414; x_wconf 69' lang='lat' dir='ltr'><strong>Prov„</strong></span> 
     </span>
     <span class='ocr_line' id='line_1_50' title="bbox 679 5422 2215 5488; baseline 0.001 -16"><span class='ocrx_word' id='word_1_312' title='bbox 679 5434 804 5486; x_wconf 81' lang='lat' dir='ltr'><strong>vm,</strong></span> <span class='ocrx_word' id='word_1_313' title='bbox 856 5426 905 5473; x_wconf 87' lang='grc'><strong>6.</strong></span> <span class='ocrx_word' id='word_1_314' title='bbox 947 5448 1000 5457; x_wconf 92' lang='grc'>-</span> <span class='ocrx_word' id='word_1_315' title='bbox 1055 5424 1080 5457; x_wconf 66' lang='lat'>⁴</span> <span class='ocrx_word' id='word_1_316' title='bbox 1117 5422 1283 5485; x_wconf 61' lang='lat' dir='ltr'><strong>Prov„</strong></span> <span class='ocrx_word' id='word_1_317' title='bbox 1329 5432 1475 5483; x_wconf 77' lang='lat'><strong>1111,</strong></span> <span class='ocrx_word' id='word_1_318' title='bbox 1527 5423 1574 5471; x_wconf 88' lang='lat'><strong>8.</strong></span> <span class='ocrx_word' id='word_1_319' title='bbox 1618 5446 1679 5458; x_wconf 92' lang='lat'>-</span> <span class='ocrx_word' id='word_1_320' title='bbox 1731 5423 1752 5458; x_wconf 63' lang='grc' dir='ltr'><strong>ὅ</strong></span> <span class='ocrx_word' id='word_1_321' title='bbox 1800 5423 2004 5484; x_wconf 57' lang='lat' dir='ltr'><strong>lema,</strong></span> <span class='ocrx_word' id='word_1_322' title='bbox 2051 5436 2215 5488; x_wconf 62' lang='lat' dir='ltr'><strong>xxm,</strong></span> 
     </span>
    </p>
   </div>
   <div class='ocr_carea' id='block_1_9' title="bbox 1714 465 2815 533">
    <p class='ocr_par' dir='ltr' id='par_1_9' title="bbox 1714 465 2815 533">
     <span class='ocr_line' id='line_1_51' title="bbox 1714 465 2815 533; baseline 0.001 -1"><span class='ocrx_word' id='word_1_323' title='bbox 1714 466 2125 533; x_wconf 87' lang='lat' dir='ltr'>EXPOSITIO</span> <span class='ocrx_word' id='word_1_324' title='bbox 2169 467 2249 532; x_wconf 87' lang='lat' dir='ltr'><strong>IN</strong></span> <span class='ocrx_word' id='word_1_325' title='bbox 2291 465 2815 533; x_wconf 84' lang='lat' dir='ltr'><strong>PSALTERIUM.</strong></span> 
     </span>
    </p>
   </div>
   <div class='ocr_carea' id='block_1_10' title="bbox 2315 600 3859 1149">
    <p class='ocr_par' dir='ltr' id='par_1_10' title="bbox 2315 600 3859 1149">
     <span class='ocr_line' id='line_1_52' title="bbox 2316 600 3859 677; baseline 0.001 -18"><span class='ocrx_word' id='word_1_326' title='bbox 2316 606 2443 660; x_wconf 88' lang='lat' dir='ltr'><strong>tum</strong></span> <span class='ocrx_word' id='word_1_327' title='bbox 2472 603 2552 662; x_wconf 90' lang='lat' dir='ltr'><strong>ad</strong></span> <span class='ocrx_word' id='word_1_328' title='bbox 2574 604 2800 676; x_wconf 87' lang='lat' dir='ltr'><strong>justum</strong></span> <span class='ocrx_word' id='word_1_329' title='bbox 2824 602 3015 676; x_wconf 88' lang='lat' dir='ltr'><strong>legale</strong></span> <span class='ocrx_word' id='word_1_330' title='bbox 3029 645 3048 675; x_wconf 93' lang='lat'><strong>,</strong></span> <span class='ocrx_word' id='word_1_331' title='bbox 3074 600 3400 677; x_wconf 83' lang='lat' dir='ltr'><strong>prohibens</strong></span> <span class='ocrx_word' id='word_1_332' title='bbox 3428 601 3680 660; x_wconf 85' lang='lat' dir='ltr'><strong>exterius</strong></span> <span class='ocrx_word' id='word_1_333' title='bbox 3706 602 3770 660; x_wconf 87' lang='lat' dir='ltr'><strong>in</strong></span> <span class='ocrx_word' id='word_1_334' title='bbox 3795 601 3859 660; x_wconf 88' lang='lat' dir='ltr'><strong>li-</strong></span> 
     </span>
     <span class='ocr_line' id='line_1_53' title="bbox 2317 694 3858 770; baseline -0.002 -15"><span class='ocrx_word' id='word_1_335' title='bbox 2317 695 2439 755; x_wconf 88' lang='lat' dir='ltr'><strong>bris</strong></span> <span class='ocrx_word' id='word_1_336' title='bbox 2467 697 2801 770; x_wconf 85' lang='lat' dir='ltr'><strong>legalibus;</strong></span> <span class='ocrx_word' id='word_1_337' title='bbox 2830 699 3076 770; x_wconf 77' lang='lat' dir='ltr'><strong>Domine,</strong></span> <span class='ocrx_word' id='word_1_338' title='bbox 3104 699 3394 770; x_wconf 88' lang='lat' dir='ltr'><strong>quantum</strong></span> <span class='ocrx_word' id='word_1_339' title='bbox 3422 694 3501 753; x_wconf 90' lang='lat' dir='ltr'><strong>ad</strong></span> <span class='ocrx_word' id='word_1_340' title='bbox 3525 694 3858 754; x_wconf 83' lang='lat' dir='ltr'><strong>dominium</strong></span> 
     </span>
     <span class='ocr_line' id='line_1_54' title="bbox 2315 789 3858 866; baseline -0.001 -18"><span class='ocrx_word' id='word_1_341' title='bbox 2315 789 2537 862; x_wconf 88' lang='lat' dir='ltr'><strong>regale,</strong></span> <span class='ocrx_word' id='word_1_342' title='bbox 2563 791 2889 866; x_wconf 88' lang='lat' dir='ltr'><strong>prohibens</strong></span> <span class='ocrx_word' id='word_1_343' title='bbox 2911 791 3212 866; x_wconf 85' lang='lat' dir='ltr'><strong>superius3</strong></span> <span class='ocrx_word' id='word_1_344' title='bbox 3237 792 3310 848; x_wconf 80' lang='lat' dir='ltr'><strong>Et</strong></span> <span class='ocrx_word' id='word_1_345' title='bbox 3326 795 3552 863; x_wconf 80' lang='lat' dir='ltr'><strong>rectum,</strong></span> <span class='ocrx_word' id='word_1_346' title='bbox 3574 792 3858 865; x_wconf 88' lang='lat' dir='ltr'><strong>quantum</strong></span> 
     </span>
     <span class='ocr_line' id='line_1_55' title="bbox 2318 885 3858 961; baseline 0 -17"><span class='ocrx_word' id='word_1_347' title='bbox 2318 885 2398 944; x_wconf 89' lang='lat' dir='ltr'><strong>ad</strong></span> <span class='ocrx_word' id='word_1_348' title='bbox 2442 889 2667 944; x_wconf 91' lang='lat' dir='ltr'><strong>rectum</strong></span> <span class='ocrx_word' id='word_1_349' title='bbox 2702 887 3022 961; x_wconf 88' lang='lat' dir='ltr'><strong>rationale,</strong></span> <span class='ocrx_word' id='word_1_350' title='bbox 3050 886 3375 961; x_wconf 82' lang='lat' dir='ltr'><strong>prohibens</strong></span> <span class='ocrx_word' id='word_1_351' title='bbox 3402 885 3643 945; x_wconf 88' lang='lat' dir='ltr'><strong>interius</strong></span> <span class='ocrx_word' id='word_1_352' title='bbox 3653 906 3671 959; x_wconf 89' lang='lat'>;</span> <span class='ocrx_word' id='word_1_353' title='bbox 3707 888 3858 944; x_wconf 66' lang='lat' dir='ltr'><strong>ludi-</strong></span> 
     </span>
     <span class='ocr_line' id='line_1_56' title="bbox 2318 979 3852 1058; baseline 0.005 -22"><span class='ocrx_word' id='word_1_354' title='bbox 2318 984 2460 1037; x_wconf 82' lang='lat' dir='ltr'><strong>cium</strong></span> <span class='ocrx_word' id='word_1_355' title='bbox 2495 987 2648 1039; x_wconf 77' lang='lat' dir='ltr'><strong>tuum</strong></span> <span class='ocrx_word' id='word_1_356' title='bbox 2663 1025 2682 1054; x_wconf 91' lang='lat'><strong>,</strong></span> <span class='ocrx_word' id='word_1_357' title='bbox 2721 986 3009 1055; x_wconf 86' lang='lat' dir='ltr'><strong>quantum</strong></span> <span class='ocrx_word' id='word_1_358' title='bbox 3044 983 3126 1042; x_wconf 89' lang='lat' dir='ltr'><strong>ad</strong></span> <span class='ocrx_word' id='word_1_359' title='bbox 3169 979 3461 1056; x_wconf 88' lang='lat' dir='ltr'><strong>judicium</strong></span> <span class='ocrx_word' id='word_1_360' title='bbox 3506 983 3852 1058; x_wconf 88' lang='lat' dir='ltr'><strong>gehennale,</strong></span> 
     </span>
     <span class='ocr_line' id='line_1_57' title="bbox 2318 1074 2934 1149; baseline 0.002 -16"><span class='ocrx_word' id='word_1_361' title='bbox 2318 1074 2646 1149; x_wconf 89' lang='lat' dir='ltr'><strong>prohibens</strong></span> <span class='ocrx_word' id='word_1_362' title='bbox 2673 1075 2934 1135; x_wconf 76' lang='lat' dir='ltr'><strong>inferius.</strong></span> 
     </span>
    </p>
   </div>
   <div class='ocr_carea' id='block_1_11' title="bbox 2900 1298 3328 1343">
    <p class='ocr_par' dir='ltr' id='par_1_11' title="bbox 2900 1298 3328 1343">
     <span class='ocr_line' id='line_1_58' title="bbox 2900 1298 3328 1343; baseline 0 -2"><span class='ocrx_word' id='word_1_363' title='bbox 2900 1298 3232 1343; x_wconf 61' lang='lat' dir='ltr'><strong>vastemus</strong></span> <span class='ocrx_word' id='word_1_364' title='bbox 3269 1302 3328 1343; x_wconf 85' lang='lat'><strong>1.</strong></span> 
     </span>
    </p>
   </div>
   <div class='ocr_carea' id='block_1_12' title="bbox 2320 1453 3869 3409">
    <p class='ocr_par' dir='ltr' id='par_1_12' title="bbox 2320 1453 3869 3409">
     <span class='ocr_line' id='line_1_59' title="bbox 2396 1453 3860 1529; baseline 0.002 -20"><span class='ocrx_word' id='word_1_365' title='bbox 2396 1456 2517 1510; x_wconf 78' lang='grc'><strong>138.</strong></span> <span class='ocrx_word' id='word_1_366' title='bbox 2544 1453 2828 1511; x_wconf 64' lang='lat' dir='ltr'><strong>Mandas&amp;</strong></span> <span class='ocrx_word' id='word_1_367' title='bbox 2845 1455 3159 1526; x_wconf 78' lang='lat' dir='ltr'><strong>justitiam,</strong></span> <span class='ocrx_word' id='word_1_368' title='bbox 3182 1458 3292 1512; x_wconf 87' lang='lat' dir='ltr'><strong>etc.</strong></span> <span class='ocrx_word' id='word_1_369' title='bbox 3321 1455 3380 1512; x_wconf 93' lang='lat' dir='ltr'><strong>Si</strong></span> <span class='ocrx_word' id='word_1_370' title='bbox 3402 1454 3535 1529; x_wconf 89' lang='lat' dir='ltr'><strong>quis</strong></span> <span class='ocrx_word' id='word_1_371' title='bbox 3553 1455 3860 1514; x_wconf 85' lang='lat' dir='ltr'><strong>abhorreat</strong></span> 
     </span>
     <span class='ocr_line' id='line_1_60' title="bbox 2320 1546 3857 1621; baseline 0.001 -17"><span class='ocrx_word' id='word_1_372' title='bbox 2320 1547 2669 1618; x_wconf 84' lang='lat' dir='ltr'><strong>gravitatem</strong></span> <span class='ocrx_word' id='word_1_373' title='bbox 2699 1546 2934 1618; x_wconf 74' lang='lat' dir='ltr'><strong>justitiae</strong></span> <span class='ocrx_word' id='word_1_374' title='bbox 2964 1548 3334 1621; x_wconf 82' lang='lat' dir='ltr'><strong>prohibitivae</strong></span> <span class='ocrx_word' id='word_1_375' title='bbox 3376 1549 3438 1604; x_wconf 93' lang='lat' dir='ltr'><strong>in</strong></span> <span class='ocrx_word' id='word_1_376' title='bbox 3477 1564 3654 1607; x_wconf 80' lang='lat' dir='ltr'><strong>versu</strong></span> <span class='ocrx_word' id='word_1_377' title='bbox 3688 1548 3857 1607; x_wconf 88' lang='lat' dir='ltr'><strong>tradi·</strong></span> 
     </span>
     <span class='ocr_line' id='line_1_61' title="bbox 2320 1641 3863 1716; baseline 0.002 -19"><span class='ocrx_word' id='word_1_378' title='bbox 2320 1644 2443 1698; x_wconf 87' lang='lat' dir='ltr'><strong>tam</strong></span> <span class='ocrx_word' id='word_1_379' title='bbox 2464 1641 2856 1715; x_wconf 80' lang='lat' dir='ltr'><strong>praecedente‚</strong></span> <span class='ocrx_word' id='word_1_380' title='bbox 2881 1641 3085 1700; x_wconf 87' lang='lat' dir='ltr'><strong>audiat</strong></span> <span class='ocrx_word' id='word_1_381' title='bbox 3103 1642 3449 1700; x_wconf 78' lang='lat' dir='ltr'><strong>suavitatem</strong></span> <span class='ocrx_word' id='word_1_382' title='bbox 3469 1642 3706 1714; x_wconf 67' lang='lat' dir='ltr'><strong>¹iustitiae</strong></span> <span class='ocrx_word' id='word_1_383' title='bbox 3727 1657 3863 1716; x_wconf 81' lang='lat' dir='ltr'><strong>prae-</strong></span> 
     </span>
     <span class='ocr_line' id='line_1_62' title="bbox 2322 1734 3863 1809; baseline 0.001 -18"><span class='ocrx_word' id='word_1_384' title='bbox 2322 1735 2561 1809; x_wconf 80' lang='lat' dir='ltr'><strong>ceptivae</strong></span> <span class='ocrx_word' id='word_1_385' title='bbox 2614 1734 2983 1809; x_wconf 86' lang='lat' dir='ltr'><strong>propositam</strong></span> <span class='ocrx_word' id='word_1_386' title='bbox 3035 1735 3100 1792; x_wconf 91' lang='lat' dir='ltr'><strong>in</strong></span> <span class='ocrx_word' id='word_1_387' title='bbox 3147 1737 3440 1809; x_wconf 82' lang='lat' dir='ltr'><strong>praesenti.</strong></span> <span class='ocrx_word' id='word_1_388' title='bbox 3506 1736 3663 1794; x_wconf 88' lang='lat' dir='ltr'><strong>Sicut</strong></span> <span class='ocrx_word' id='word_1_389' title='bbox 3711 1736 3863 1794; x_wconf 91' lang='lat' dir='ltr'><strong>enim</strong></span> 
     </span>
     <span class='ocr_line' id='line_1_63' title="bbox 2321 1829 3865 1904; baseline 0.001 -18"><span class='ocrx_word' id='word_1_390' title='bbox 2321 1845 2573 1903; x_wconf 86' lang='lat' dir='ltr'><strong>sponsus</strong></span> <span class='ocrx_word' id='word_1_391' title='bbox 2615 1830 2951 1888; x_wconf 90' lang='lat' dir='ltr'><strong>carissimus</strong></span> <span class='ocrx_word' id='word_1_392' title='bbox 2994 1829 3238 1888; x_wconf 87' lang='lat' dir='ltr'><strong>mandat</strong></span> <span class='ocrx_word' id='word_1_393' title='bbox 3285 1846 3517 1904; x_wconf 83' lang='lat' dir='ltr'><strong>sponsae</strong></span> <span class='ocrx_word' id='word_1_394' title='bbox 3561 1830 3865 1888; x_wconf 60' lang='lat' dir='ltr'><strong>carissima!</strong></span> 
     </span>
     <span class='ocr_line' id='line_1_64' title="bbox 2322 1923 3862 1996; baseline 0.001 -16"><span class='ocrx_word' id='word_1_395' title='bbox 2322 1923 2605 1981; x_wconf 90' lang='lat' dir='ltr'><strong>mandata</strong></span> <span class='ocrx_word' id='word_1_396' title='bbox 2650 1923 2951 1981; x_wconf 86' lang='lat' dir='ltr'><strong>carissima</strong></span> <span class='ocrx_word' id='word_1_397' title='bbox 2992 1940 3063 1980; x_wconf 83' lang='lat' dir='ltr'><strong>ex</strong></span> <span class='ocrx_word' id='word_1_398' title='bbox 3116 1923 3394 1982; x_wconf 88' lang='lat' dir='ltr'><strong>charitate</strong></span> <span class='ocrx_word' id='word_1_399' title='bbox 3438 1924 3730 1996; x_wconf 80' lang='lat' dir='ltr'><strong>maxima,</strong></span> <span class='ocrx_word' id='word_1_400' title='bbox 3783 1924 3862 1982; x_wconf 89' lang='lat' dir='ltr'><strong>sic</strong></span> 
     </span>
     <span class='ocr_line' id='line_1_65' title="bbox 2323 2016 3862 2090; baseline 0.002 -17"><span class='ocrx_word' id='word_1_401' title='bbox 2323 2018 2470 2075; x_wconf 89' lang='lat' dir='ltr'><strong>Deus</strong></span> <span class='ocrx_word' id='word_1_402' title='bbox 2498 2016 2744 2074; x_wconf 88' lang='lat' dir='ltr'><strong>mandat</strong></span> <span class='ocrx_word' id='word_1_403' title='bbox 2786 2018 2998 2076; x_wconf 84' lang='lat' dir='ltr'><strong>animae</strong></span> <span class='ocrx_word' id='word_1_404' title='bbox 3036 2017 3318 2076; x_wconf 87' lang='lat' dir='ltr'><strong>mandata</strong></span> <span class='ocrx_word' id='word_1_405' title='bbox 3342 2017 3520 2075; x_wconf 91' lang='lat' dir='ltr'><strong>nimis</strong></span> <span class='ocrx_word' id='word_1_406' title='bbox 3550 2017 3862 2090; x_wconf 89' lang='lat' dir='ltr'><strong>amabilia,</strong></span> 
     </span>
     <span class='ocr_line' id='line_1_66' title="bbox 2321 2111 3861 2184; baseline 0.002 -17"><span class='ocrx_word' id='word_1_407' title='bbox 2321 2126 2443 2184; x_wconf 80' lang='lat' dir='ltr'><strong>prae</strong></span> <span class='ocrx_word' id='word_1_408' title='bbox 2471 2111 2750 2170; x_wconf 86' lang='lat' dir='ltr'><strong>charitate</strong></span> <span class='ocrx_word' id='word_1_409' title='bbox 2789 2111 2996 2170; x_wconf 89' lang='lat' dir='ltr'><strong>nimia.</strong></span> <span class='ocrx_word' id='word_1_410' title='bbox 3034 2112 3208 2181; x_wconf 92' lang='lat' dir='ltr'><strong>Quod</strong></span> <span class='ocrx_word' id='word_1_411' title='bbox 3244 2118 3310 2170; x_wconf 92' lang='lat' dir='ltr'><strong>ut</strong></span> <span class='ocrx_word' id='word_1_412' title='bbox 3336 2111 3551 2170; x_wconf 86' lang='lat' dir='ltr'><strong>clarius</strong></span> <span class='ocrx_word' id='word_1_413' title='bbox 3580 2112 3861 2183; x_wconf 84' lang='lat' dir='ltr'><strong>videatur,</strong></span> 
     </span>
     <span class='ocr_line' id='line_1_67' title="bbox 2321 2205 3858 2281; baseline 0.001 -19"><span class='ocrx_word' id='word_1_414' title='bbox 2321 2205 2693 2263; x_wconf 88' lang='lat' dir='ltr'><strong>attendamus</strong></span> <span class='ocrx_word' id='word_1_415' title='bbox 2716 2207 2864 2281; x_wconf 91' lang='lat' dir='ltr'><strong>quid</strong></span> <span class='ocrx_word' id='word_1_416' title='bbox 2904 2206 3194 2280; x_wconf 87' lang='lat' dir='ltr'><strong>Propheta</strong></span> <span class='ocrx_word' id='word_1_417' title='bbox 3230 2222 3406 2280; x_wconf 89' lang='lat' dir='ltr'><strong>super</strong></span> <span class='ocrx_word' id='word_1_418' title='bbox 3440 2207 3558 2263; x_wconf 91' lang='lat' dir='ltr'><strong>hoc</strong></span> <span class='ocrx_word' id='word_1_419' title='bbox 3599 2206 3858 2265; x_wconf 84' lang='lat' dir='ltr'><strong>fateatur.</strong></span> 
     </span>
     <span class='ocr_line' id='line_1_68' title="bbox 2321 2298 3862 2374; baseline 0.001 -18"><span class='ocrx_word' id='word_1_420' title='bbox 2321 2298 2498 2356; x_wconf 88' lang='lat' dir='ltr'><strong>Plane</strong></span> <span class='ocrx_word' id='word_1_421' title='bbox 2515 2299 2859 2374; x_wconf 88' lang='lat' dir='ltr'><strong>prophetica</strong></span> <span class='ocrx_word' id='word_1_422' title='bbox 2872 2300 2955 2356; x_wconf 91' lang='lat' dir='ltr'><strong>sic</strong></span> <span class='ocrx_word' id='word_1_423' title='bbox 2973 2304 3167 2358; x_wconf 88' lang='lat' dir='ltr'><strong>cantat</strong></span> <span class='ocrx_word' id='word_1_424' title='bbox 3181 2300 3374 2358; x_wconf 88' lang='lat' dir='ltr'><strong>littera</strong></span> <span class='ocrx_word' id='word_1_425' title='bbox 3391 2319 3404 2357; x_wconf 76' lang='grc' dir='ltr'>ε</span> <span class='ocrx_word' id='word_1_426' title='bbox 3423 2302 3725 2373; x_wconf 74' lang='lat' dir='ltr'><strong>Mmzdasti,</strong></span> <span class='ocrx_word' id='word_1_427' title='bbox 3739 2305 3862 2366; x_wconf 73' lang='lat' dir='ltr'><strong>etc„</strong></span> 
     </span>
     <span class='ocr_line' id='line_1_69' title="bbox 2323 2393 3868 2468; baseline 0.001 -18"><span class='ocrx_word' id='word_1_428' title='bbox 2323 2393 2494 2466; x_wconf 86' lang='lat' dir='ltr'><strong>quasi</strong></span> <span class='ocrx_word' id='word_1_429' title='bbox 2524 2393 2715 2451; x_wconf 90' lang='lat' dir='ltr'><strong>dicat:</strong></span> <span class='ocrx_word' id='word_1_430' title='bbox 2746 2394 3032 2451; x_wconf 84' lang='lat' dir='ltr'><strong>Mandasti</strong></span> <span class='ocrx_word' id='word_1_431' title='bbox 3061 2393 3387 2468; x_wconf 87' lang='lat' dir='ltr'><strong>operabile,</strong></span> <span class='ocrx_word' id='word_1_432' title='bbox 3409 2394 3576 2467; x_wconf 89' lang='lat' dir='ltr'><strong>quod</strong></span> <span class='ocrx_word' id='word_1_433' title='bbox 3606 2398 3691 2453; x_wconf 88' lang='lat' dir='ltr'><strong>est</strong></span> <span class='ocrx_word' id='word_1_434' title='bbox 3717 2411 3868 2452; x_wconf 87' lang='lat' dir='ltr'><strong>ama-</strong></span> 
     </span>
     <span class='ocr_line' id='line_1_70' title="bbox 2322 2486 3868 2565; baseline 0.001 -21"><span class='ocrx_word' id='word_1_435' title='bbox 2322 2486 2444 2545; x_wconf 84' lang='lat' dir='ltr'><strong>bile</strong></span> <span class='ocrx_word' id='word_1_436' title='bbox 2472 2503 2650 2562; x_wconf 90' lang='lat' dir='ltr'><strong>super</strong></span> <span class='ocrx_word' id='word_1_437' title='bbox 2669 2488 2870 2546; x_wconf 90' lang='lat' dir='ltr'><strong>omnia</strong></span> <span class='ocrx_word' id='word_1_438' title='bbox 2900 2488 3261 2563; x_wconf 84' lang='lat' dir='ltr'><strong>operabilia3</strong></span> <span class='ocrx_word' id='word_1_439' title='bbox 3289 2493 3343 2547; x_wconf 91' lang='lat' dir='ltr'><strong>et</strong></span> <span class='ocrx_word' id='word_1_440' title='bbox 3370 2488 3679 2560; x_wconf 89' lang='lat' dir='ltr'><strong>credibile,</strong></span> <span class='ocrx_word' id='word_1_441' title='bbox 3707 2488 3868 2565; x_wconf 89' lang='lat' dir='ltr'><strong>quod</strong></span> 
     </span>
     <span class='ocr_line' id='line_1_71' title="bbox 2324 2581 3867 2656; baseline 0 -17"><span class='ocrx_word' id='word_1_442' title='bbox 2324 2584 2409 2639; x_wconf 89' lang='lat' dir='ltr'><strong>est</strong></span> <span class='ocrx_word' id='word_1_443' title='bbox 2436 2581 2692 2639; x_wconf 88' lang='lat' dir='ltr'><strong>amabile</strong></span> <span class='ocrx_word' id='word_1_444' title='bbox 2727 2597 2904 2656; x_wconf 86' lang='lat' dir='ltr'><strong>super</strong></span> <span class='ocrx_word' id='word_1_445' title='bbox 2941 2582 3145 2639; x_wconf 88' lang='lat' dir='ltr'><strong>omnia</strong></span> <span class='ocrx_word' id='word_1_446' title='bbox 3175 2581 3483 2640; x_wconf 86' lang='lat' dir='ltr'><strong>credibilia</strong></span> <span class='ocrx_word' id='word_1_447' title='bbox 3494 2602 3512 2655; x_wconf 84' lang='lat'>3</span> <span class='ocrx_word' id='word_1_448' title='bbox 3547 2586 3604 2641; x_wconf 90' lang='lat' dir='ltr'><strong>et</strong></span> <span class='ocrx_word' id='word_1_449' title='bbox 3643 2582 3867 2641; x_wconf 88' lang='lat' dir='ltr'><strong>deside-</strong></span> 
     </span>
     <span class='ocr_line' id='line_1_72' title="bbox 2322 2674 3869 2751; baseline 0.001 -20"><span class='ocrx_word' id='word_1_450' title='bbox 2322 2674 2529 2745; x_wconf 85' lang='lat' dir='ltr'><strong>rabile,</strong></span> <span class='ocrx_word' id='word_1_451' title='bbox 2559 2675 2726 2749; x_wconf 89' lang='lat' dir='ltr'><strong>quod</strong></span> <span class='ocrx_word' id='word_1_452' title='bbox 2762 2678 2848 2732; x_wconf 90' lang='lat' dir='ltr'><strong>est</strong></span> <span class='ocrx_word' id='word_1_453' title='bbox 2892 2675 3150 2734; x_wconf 88' lang='lat' dir='ltr'><strong>amabile</strong></span> <span class='ocrx_word' id='word_1_454' title='bbox 3186 2692 3364 2751; x_wconf 90' lang='lat' dir='ltr'><strong>super</strong></span> <span class='ocrx_word' id='word_1_455' title='bbox 3408 2676 3613 2735; x_wconf 89' lang='lat' dir='ltr'><strong>omnia</strong></span> <span class='ocrx_word' id='word_1_456' title='bbox 3649 2675 3869 2734; x_wconf 89' lang='lat' dir='ltr'><strong>deside-</strong></span> 
     </span>
     <span class='ocr_line' id='line_1_73' title="bbox 2322 2769 3869 2829; baseline 0.001 -4"><span class='ocrx_word' id='word_1_457' title='bbox 2322 2769 2537 2827; x_wconf 89' lang='lat' dir='ltr'><strong>rabilia</strong></span> <span class='ocrx_word' id='word_1_458' title='bbox 2565 2785 2636 2826; x_wconf 79' lang='lat' dir='ltr'><strong>ex</strong></span> <span class='ocrx_word' id='word_1_459' title='bbox 2664 2769 2941 2828; x_wconf 85' lang='lat' dir='ltr'><strong>charitate</strong></span> <span class='ocrx_word' id='word_1_460' title='bbox 2969 2770 3172 2828; x_wconf 91' lang='lat' dir='ltr'><strong>nimia.</strong></span> <span class='ocrx_word' id='word_1_461' title='bbox 3205 2773 3350 2827; x_wconf 87' lang='lat' dir='ltr'><strong>Ecce</strong></span> <span class='ocrx_word' id='word_1_462' title='bbox 3375 2770 3728 2829; x_wconf 88' lang='lat' dir='ltr'><strong>mandatum</strong></span> <span class='ocrx_word' id='word_1_463' title='bbox 3749 2770 3869 2826; x_wconf 90' lang='lat' dir='ltr'><strong>ani-</strong></span> 
     </span>
     <span class='ocr_line' id='line_1_74' title="bbox 2326 2861 3864 2937; baseline 0.001 -19"><span class='ocrx_word' id='word_1_464' title='bbox 2326 2877 2436 2919; x_wconf 80' lang='lat' dir='ltr'><strong>mae</strong></span> <span class='ocrx_word' id='word_1_465' title='bbox 2476 2861 2845 2920; x_wconf 85' lang='lat' dir='ltr'><strong>carissimum</strong></span> <span class='ocrx_word' id='word_1_466' title='bbox 2888 2863 3226 2937; x_wconf 88' lang='lat' dir='ltr'><strong>operabile,</strong></span> <span class='ocrx_word' id='word_1_467' title='bbox 3270 2863 3641 2923; x_wconf 88' lang='lat' dir='ltr'><strong>carissimum</strong></span> <span class='ocrx_word' id='word_1_468' title='bbox 3679 2863 3864 2923; x_wconf 89' lang='lat' dir='ltr'><strong>credi-</strong></span> 
     </span>
     <span class='ocr_line' id='line_1_75' title="bbox 2324 2955 3864 3027; baseline 0.002 -15"><span class='ocrx_word' id='word_1_469' title='bbox 2324 2955 2476 3027; x_wconf 89' lang='lat' dir='ltr'><strong>bile,</strong></span> <span class='ocrx_word' id='word_1_470' title='bbox 2519 2955 2887 3015; x_wconf 88' lang='lat' dir='ltr'><strong>carissimum</strong></span> <span class='ocrx_word' id='word_1_471' title='bbox 2924 2956 3320 3015; x_wconf 86' lang='lat' dir='ltr'><strong>desiderabile</strong></span> <span class='ocrx_word' id='word_1_472' title='bbox 3349 2973 3423 3015; x_wconf 84' lang='lat' dir='ltr'><strong>ex</strong></span> <span class='ocrx_word' id='word_1_473' title='bbox 3462 2957 3651 3015; x_wconf 90' lang='lat' dir='ltr'><strong>nimia</strong></span> <span class='ocrx_word' id='word_1_474' title='bbox 3687 2957 3864 3015; x_wconf 88' lang='lat' dir='ltr'><strong>chari-</strong></span> 
     </span>
     <span class='ocr_line' id='line_1_76' title="bbox 2322 3049 3862 3125; baseline 0.001 -19"><span class='ocrx_word' id='word_1_475' title='bbox 2322 3051 2487 3107; x_wconf 89' lang='lat' dir='ltr'><strong>tate:</strong></span> <span class='ocrx_word' id='word_1_476' title='bbox 2535 3065 2794 3124; x_wconf 89' lang='lat' dir='ltr'><strong>quorum</strong></span> <span class='ocrx_word' id='word_1_477' title='bbox 2845 3049 3106 3124; x_wconf 89' lang='lat' dir='ltr'><strong>primum</strong></span> <span class='ocrx_word' id='word_1_478' title='bbox 3158 3050 3410 3125; x_wconf 86' lang='lat' dir='ltr'><strong>pertinet</strong></span> <span class='ocrx_word' id='word_1_479' title='bbox 3462 3051 3543 3109; x_wconf 92' lang='lat' dir='ltr'><strong>ad</strong></span> <span class='ocrx_word' id='word_1_480' title='bbox 3597 3051 3862 3108; x_wconf 81' lang='lat' dir='ltr'><strong>virtutem</strong></span> 
     </span>
     <span class='ocr_line' id='line_1_77' title="bbox 2324 3143 3855 3217; baseline 0.001 -15"><span class='ocrx_word' id='word_1_481' title='bbox 2324 3143 2536 3202; x_wconf 79' lang='lat' dir='ltr'><strong>animae</strong></span> <span class='ocrx_word' id='word_1_482' title='bbox 2564 3143 2926 3217; x_wconf 83' lang='lat' dir='ltr'><strong>effectivam;</strong></span> <span class='ocrx_word' id='word_1_483' title='bbox 2955 3143 3176 3203; x_wconf 91' lang='lat' dir='ltr'><strong>secund</strong></span> <span class='ocrx_word' id='word_1_484' title='bbox 3184 3162 3286 3203; x_wconf 89' lang='lat' dir='ltr'><strong>um</strong></span> <span class='ocrx_word' id='word_1_485' title='bbox 3316 3145 3396 3203; x_wconf 91' lang='lat' dir='ltr'><strong>ad</strong></span> <span class='ocrx_word' id='word_1_486' title='bbox 3413 3144 3855 3217; x_wconf 81' lang='lat' dir='ltr'><strong>intellectivam3</strong></span> 
     </span>
     <span class='ocr_line' id='line_1_78' title="bbox 2324 3240 3858 3316; baseline -0.001 -19"><span class='ocrx_word' id='word_1_487' title='bbox 2324 3240 2560 3298; x_wconf 87' lang='lat' dir='ltr'><strong>tertium</strong></span> <span class='ocrx_word' id='word_1_488' title='bbox 2598 3240 2678 3299; x_wconf 90' lang='lat' dir='ltr'><strong>ad</strong></span> <span class='ocrx_word' id='word_1_489' title='bbox 2714 3240 3080 3313; x_wconf 81' lang='lat' dir='ltr'><strong>affectivam3</strong></span> <span class='ocrx_word' id='word_1_490' title='bbox 3125 3244 3402 3316; x_wconf 88' lang='lat' dir='ltr'><strong>quartum</strong></span> <span class='ocrx_word' id='word_1_491' title='bbox 3445 3241 3527 3301; x_wconf 90' lang='lat' dir='ltr'><strong>ad</strong></span> <span class='ocrx_word' id='word_1_492' title='bbox 3570 3241 3858 3301; x_wconf 85' lang='lat' dir='ltr'><strong>charitatis</strong></span> 
     </span>
     <span class='ocr_line' id='line_1_79' title="bbox 2322 3334 2795 3409; baseline -0.002 -16"><span class='ocrx_word' id='word_1_493' title='bbox 2322 3334 2795 3409; x_wconf 81' lang='lat' dir='ltr'><strong>praerogativam.</strong></span> 
     </span>
    </p>
   </div>
   <div class='ocr_carea' id='block_1_13' title="bbox 2821 3486 3369 3558">
    <p class='ocr_par' dir='ltr' id='par_1_13' title="bbox 2821 3486 3369 3558">
     <span class='ocr_line' id='line_1_80' title="bbox 2821 3486 3369 3558; baseline 0.004 -16"><span class='ocrx_word' id='word_1_494' title='bbox 2821 3486 3105 3542; x_wconf 78' lang='lat' dir='ltr'><strong>Articulus</strong></span> <span class='ocrx_word' id='word_1_495' title='bbox 3138 3489 3369 3558; x_wconf 75' lang='lat' dir='ltr'><strong>primus.</strong></span> 
     </span>
    </p>
   </div>
   <div class='ocr_carea' id='block_1_14' title="bbox 2324 3620 3869 5109">
    <p class='ocr_par' dir='ltr' id='par_1_14' title="bbox 2324 3620 3869 5109">
     <span class='ocr_line' id='line_1_81' title="bbox 2396 3620 3865 3692; baseline -0.001 -13"><span class='ocrx_word' id='word_1_496' title='bbox 2396 3621 2655 3679; x_wconf 89' lang='lat' dir='ltr'><strong>Primum</strong></span> <span class='ocrx_word' id='word_1_497' title='bbox 2707 3623 2966 3692; x_wconf 89' lang='lat' dir='ltr'><strong>notatur,</strong></span> <span class='ocrx_word' id='word_1_498' title='bbox 3022 3637 3159 3678; x_wconf 90' lang='lat' dir='ltr'><strong>cum</strong></span> <span class='ocrx_word' id='word_1_499' title='bbox 3213 3620 3488 3678; x_wconf 90' lang='lat' dir='ltr'><strong>scribitur</strong></span> <span class='ocrx_word' id='word_1_500' title='bbox 3519 3639 3533 3677; x_wconf 75' lang='lat' dir='ltr'><strong>t</strong></span> <span class='ocrx_word' id='word_1_501' title='bbox 3590 3622 3865 3679; x_wconf 66' lang='lat' dir='ltr'><strong>mandasti</strong></span> 
     </span>
     <span class='ocr_line' id='line_1_82' title="bbox 2325 3714 3868 3788; baseline 0 -17"><span class='ocrx_word' id='word_1_502' title='bbox 2325 3716 2613 3787; x_wconf 73' lang='lat' dir='ltr'><strong>iustitiam.</strong></span> <span class='ocrx_word' id='word_1_503' title='bbox 2650 3719 2792 3773; x_wconf 87' lang='lat' dir='ltr'><strong>Ecce</strong></span> <span class='ocrx_word' id='word_1_504' title='bbox 2823 3714 3128 3788; x_wconf 90' lang='lat' dir='ltr'><strong>operabile</strong></span> <span class='ocrx_word' id='word_1_505' title='bbox 3143 3757 3160 3786; x_wconf 90' lang='lat'><strong>,</strong></span> <span class='ocrx_word' id='word_1_506' title='bbox 3191 3714 3358 3788; x_wconf 91' lang='lat' dir='ltr'><strong>quod</strong></span> <span class='ocrx_word' id='word_1_507' title='bbox 3385 3719 3471 3773; x_wconf 86' lang='lat' dir='ltr'><strong>est</strong></span> <span class='ocrx_word' id='word_1_508' title='bbox 3497 3714 3754 3773; x_wconf 85' lang='lat' dir='ltr'><strong>amabile</strong></span> <span class='ocrx_word' id='word_1_509' title='bbox 3776 3731 3868 3771; x_wconf 90' lang='lat' dir='ltr'><strong>su·</strong></span> 
     </span>
     <span class='ocr_line' id='line_1_83' title="bbox 2324 3808 3868 3884; baseline -0.001 -17"><span class='ocrx_word' id='word_1_510' title='bbox 2324 3825 2431 3883; x_wconf 89' lang='lat' dir='ltr'><strong>per</strong></span> <span class='ocrx_word' id='word_1_511' title='bbox 2451 3809 2653 3867; x_wconf 92' lang='lat' dir='ltr'><strong>omnia</strong></span> <span class='ocrx_word' id='word_1_512' title='bbox 2682 3809 3031 3883; x_wconf 88' lang='lat' dir='ltr'><strong>operabilia.</strong></span> <span class='ocrx_word' id='word_1_513' title='bbox 3052 3808 3206 3877; x_wconf 86' lang='lat' dir='ltr'><strong>Quid</strong></span> <span class='ocrx_word' id='word_1_514' title='bbox 3233 3808 3392 3866; x_wconf 89' lang='lat' dir='ltr'><strong>enim</strong></span> <span class='ocrx_word' id='word_1_515' title='bbox 3416 3809 3686 3884; x_wconf 89' lang='lat' dir='ltr'><strong>operanti</strong></span> <span class='ocrx_word' id='word_1_516' title='bbox 3713 3824 3868 3866; x_wconf 89' lang='lat' dir='ltr'><strong>ama-</strong></span> 
     </span>
     <span class='ocr_line' id='line_1_84' title="bbox 2327 3901 3867 3977; baseline -0.001 -17"><span class='ocrx_word' id='word_1_517' title='bbox 2327 3903 2541 3973; x_wconf 82' lang='lat' dir='ltr'><strong>bilius,</strong></span> <span class='ocrx_word' id='word_1_518' title='bbox 2591 3907 2692 3960; x_wconf 90' lang='lat' dir='ltr'><strong>aut</strong></span> <span class='ocrx_word' id='word_1_519' title='bbox 2735 3901 2954 3960; x_wconf 88' lang='lat' dir='ltr'><strong>amanti</strong></span> <span class='ocrx_word' id='word_1_520' title='bbox 3001 3901 3394 3976; x_wconf 79' lang='lat' dir='ltr'><strong>operabiliuS,</strong></span> <span class='ocrx_word' id='word_1_521' title='bbox 3433 3919 3618 3977; x_wconf 89' lang='lat' dir='ltr'><strong>quam</strong></span> <span class='ocrx_word' id='word_1_522' title='bbox 3649 3903 3867 3976; x_wconf 89' lang='lat' dir='ltr'><strong>justitia</strong></span> 
     </span>
     <span class='ocr_line' id='line_1_85' title="bbox 2328 3995 3868 4070; baseline 0.001 -17"><span class='ocrx_word' id='word_1_523' title='bbox 2328 4013 2460 4070; x_wconf 62' lang='lat' dir='ltr'><strong>quae</strong></span> <span class='ocrx_word' id='word_1_524' title='bbox 2486 3996 2746 4054; x_wconf 89' lang='lat' dir='ltr'><strong>continet</strong></span> <span class='ocrx_word' id='word_1_525' title='bbox 2781 3997 3056 4053; x_wconf 79' lang='lat' dir='ltr'><strong>universa</strong></span> <span class='ocrx_word' id='word_1_526' title='bbox 3093 3995 3257 4055; x_wconf 89' lang='lat' dir='ltr'><strong>bona</strong></span> <span class='ocrx_word' id='word_1_527' title='bbox 3282 3996 3578 4055; x_wconf 77' lang='lat' dir='ltr'><strong>moralia?</strong></span> <span class='ocrx_word' id='word_1_528' title='bbox 3610 4000 3676 4056; x_wconf 84' lang='lat' dir='ltr'><strong>Et</strong></span> <span class='ocrx_word' id='word_1_529' title='bbox 3701 4000 3868 4068; x_wconf 88' lang='lat' dir='ltr'><strong>nota,</strong></span> 
     </span>
     <span class='ocr_line' id='line_1_86' title="bbox 2327 4091 3868 4167; baseline -0.001 -17"><span class='ocrx_word' id='word_1_530' title='bbox 2327 4091 2494 4166; x_wconf 92' lang='lat' dir='ltr'><strong>quod</strong></span> <span class='ocrx_word' id='word_1_531' title='bbox 2516 4091 2740 4163; x_wconf 85' lang='lat' dir='ltr'><strong>justitia</strong></span> <span class='ocrx_word' id='word_1_532' title='bbox 2767 4096 2853 4150; x_wconf 89' lang='lat' dir='ltr'><strong>est</strong></span> <span class='ocrx_word' id='word_1_533' title='bbox 2880 4092 3153 4150; x_wconf 89' lang='lat' dir='ltr'><strong>amabilis</strong></span> <span class='ocrx_word' id='word_1_534' title='bbox 3163 4136 3181 4166; x_wconf 89' lang='lat'>‚</span> <span class='ocrx_word' id='word_1_535' title='bbox 3213 4097 3270 4150; x_wconf 89' lang='lat' dir='ltr'><strong>et</strong></span> <span class='ocrx_word' id='word_1_536' title='bbox 3304 4091 3640 4151; x_wconf 84' lang='lat' dir='ltr'><strong>amabiliter</strong></span> <span class='ocrx_word' id='word_1_537' title='bbox 3666 4105 3868 4167; x_wconf 86' lang='lat' dir='ltr'><strong>opera·</strong></span> 
     </span>
     <span class='ocr_line' id='line_1_87' title="bbox 2325 4182 3868 4260; baseline 0.001 -18"><span class='ocrx_word' id='word_1_538' title='bbox 2325 4185 2463 4242; x_wconf 85' lang='lat' dir='ltr'><strong>bilis</strong></span> <span class='ocrx_word' id='word_1_539' title='bbox 2481 4228 2499 4257; x_wconf 92' lang='lat'>‚</span> <span class='ocrx_word' id='word_1_540' title='bbox 2529 4182 2773 4260; x_wconf 84' lang='lat' dir='ltr'><strong>propter</strong></span> <span class='ocrx_word' id='word_1_541' title='bbox 2796 4185 2948 4244; x_wconf 84' lang='lat' dir='ltr'><strong>tria:</strong></span> <span class='ocrx_word' id='word_1_542' title='bbox 2988 4185 3128 4260; x_wconf 89' lang='lat' dir='ltr'><strong>quia</strong></span> <span class='ocrx_word' id='word_1_543' title='bbox 3170 4184 3309 4243; x_wconf 89' lang='lat' dir='ltr'><strong>facit</strong></span> <span class='ocrx_word' id='word_1_544' title='bbox 3347 4186 3611 4245; x_wconf 83' lang='lat' dir='ltr'><strong>animam</strong></span> <span class='ocrx_word' id='word_1_545' title='bbox 3637 4189 3753 4245; x_wconf 87' lang='lat' dir='ltr'><strong>Deo</strong></span> <span class='ocrx_word' id='word_1_546' title='bbox 3782 4202 3868 4243; x_wconf 85' lang='lat' dir='ltr'><strong>ca·</strong></span> 
     </span>
     <span class='ocr_line' id='line_1_88' title="bbox 2326 4280 3868 4353; baseline 0.001 -16"><span class='ocrx_word' id='word_1_547' title='bbox 2326 4296 2487 4351; x_wconf 88' lang='lat' dir='ltr'><strong>ram,</strong></span> <span class='ocrx_word' id='word_1_548' title='bbox 2519 4280 2782 4339; x_wconf 91' lang='lat' dir='ltr'><strong>animam</strong></span> <span class='ocrx_word' id='word_1_549' title='bbox 2823 4284 2941 4339; x_wconf 87' lang='lat' dir='ltr'><strong>Deo</strong></span> <span class='ocrx_word' id='word_1_550' title='bbox 2983 4281 3302 4353; x_wconf 89' lang='lat' dir='ltr'><strong>cariorem,</strong></span> <span class='ocrx_word' id='word_1_551' title='bbox 3335 4281 3598 4341; x_wconf 89' lang='lat' dir='ltr'><strong>animam</strong></span> <span class='ocrx_word' id='word_1_552' title='bbox 3637 4284 3752 4340; x_wconf 91' lang='lat' dir='ltr'><strong>Deo</strong></span> <span class='ocrx_word' id='word_1_553' title='bbox 3782 4299 3868 4339; x_wconf 89' lang='lat' dir='ltr'><strong>ca-</strong></span> 
     </span>
     <span class='ocr_line' id='line_1_89' title="bbox 2326 4375 3865 4451; baseline 0.001 -19"><span class='ocrx_word' id='word_1_554' title='bbox 2326 4375 2651 4448; x_wconf 82' lang='lat' dir='ltr'><strong>rissimam3</strong></span> <span class='ocrx_word' id='word_1_555' title='bbox 2683 4380 2968 4450; x_wconf 84' lang='lat' dir='ltr'><strong>tanquam</strong></span> <span class='ocrx_word' id='word_1_556' title='bbox 2998 4375 3282 4449; x_wconf 88' lang='lat' dir='ltr'><strong>amicam,</strong></span> <span class='ocrx_word' id='word_1_557' title='bbox 3327 4381 3616 4451; x_wconf 87' lang='lat' dir='ltr'><strong>tanquam</strong></span> <span class='ocrx_word' id='word_1_558' title='bbox 3663 4376 3865 4446; x_wconf 90' lang='lat' dir='ltr'><strong>filiam,</strong></span> 
     </span>
     <span class='ocr_line' id='line_1_90' title="bbox 2325 4470 3864 4545; baseline 0 -18"><span class='ocrx_word' id='word_1_559' title='bbox 2325 4473 2609 4544; x_wconf 89' lang='lat' dir='ltr'><strong>tanquam</strong></span> <span class='ocrx_word' id='word_1_560' title='bbox 2651 4486 2951 4545; x_wconf 88' lang='lat' dir='ltr'><strong>sponsam.</strong></span> <span class='ocrx_word' id='word_1_561' title='bbox 2999 4473 3076 4528; x_wconf 90' lang='lat' dir='ltr'><strong>De</strong></span> <span class='ocrx_word' id='word_1_562' title='bbox 3117 4470 3312 4545; x_wconf 88' lang='lat' dir='ltr'><strong>primo</strong></span> <span class='ocrx_word' id='word_1_563' title='bbox 3325 4513 3345 4543; x_wconf 95' lang='lat'><strong>,</strong></span> <span class='ocrx_word' id='word_1_564' title='bbox 3390 4471 3498 4528; x_wconf 87' lang='lat' dir='ltr'><strong>ubi</strong></span> <span class='ocrx_word' id='word_1_565' title='bbox 3547 4470 3760 4529; x_wconf 90' lang='lat' dir='ltr'><strong>dicitur</strong></span> <span class='ocrx_word' id='word_1_566' title='bbox 3793 4470 3864 4527; x_wconf 88' lang='lat' dir='ltr'><strong>de</strong></span> 
     </span>
     <span class='ocr_line' id='line_1_91' title="bbox 2327 4564 3862 4639; baseline 0.001 -17"><span class='ocrx_word' id='word_1_567' title='bbox 2327 4581 2504 4639; x_wconf 89' lang='lat' dir='ltr'><strong>opere</strong></span> <span class='ocrx_word' id='word_1_568' title='bbox 2543 4564 2840 4623; x_wconf 65' lang='lat' dir='ltr'><strong>ahraham</strong></span> <span class='ocrx_word' id='word_1_569' title='bbox 2867 4566 2926 4621; x_wconf 79' lang='lat'><strong>⁸:</strong></span> <span class='ocrx_word' id='word_1_570' title='bbox 2962 4583 2991 4617; x_wconf 79' lang='grc' dir='ltr'>α</span> <span class='ocrx_word' id='word_1_571' title='bbox 3017 4566 3371 4638; x_wconf 85' lang='lat' dir='ltr'><strong>Reputatum</strong></span> <span class='ocrx_word' id='word_1_572' title='bbox 3408 4568 3494 4623; x_wconf 86' lang='lat' dir='ltr'><strong>est</strong></span> <span class='ocrx_word' id='word_1_573' title='bbox 3525 4564 3616 4623; x_wconf 92' lang='lat' dir='ltr'><strong>illi</strong></span> <span class='ocrx_word' id='word_1_574' title='bbox 3642 4566 3722 4625; x_wconf 93' lang='lat' dir='ltr'><strong>ad</strong></span> <span class='ocrx_word' id='word_1_575' title='bbox 3741 4566 3862 4639; x_wconf 89' lang='lat' dir='ltr'><strong>jus-</strong></span> 
     </span>
     <span class='ocr_line' id='line_1_92' title="bbox 2324 4657 3868 4733; baseline 0.001 -16"><span class='ocrx_word' id='word_1_576' title='bbox 2324 4658 2541 4731; x_wconf 89' lang='lat' dir='ltr'><strong>titiam,</strong></span> <span class='ocrx_word' id='word_1_577' title='bbox 2570 4662 2625 4716; x_wconf 91' lang='lat' dir='ltr'><strong>et</strong></span> <span class='ocrx_word' id='word_1_578' title='bbox 2651 4657 2876 4716; x_wconf 86' lang='lat' dir='ltr'><strong>amicus</strong></span> <span class='ocrx_word' id='word_1_579' title='bbox 2902 4657 3003 4715; x_wconf 89' lang='lat' dir='ltr'><strong>Dei</strong></span> <span class='ocrx_word' id='word_1_580' title='bbox 3030 4658 3361 4733; x_wconf 89' lang='lat' dir='ltr'><strong>appellatus</strong></span> <span class='ocrx_word' id='word_1_581' title='bbox 3378 4661 3466 4716; x_wconf 84' lang='lat' dir='ltr'><strong>est</strong></span> <span class='ocrx_word' id='word_1_582' title='bbox 3484 4679 3502 4716; x_wconf 75' lang='grc' dir='ltr'><strong><em>ε</em></strong></span> <span class='ocrx_word' id='word_1_583' title='bbox 3527 4678 3558 4714; x_wconf 71' lang='grc' dir='ltr'><strong>ι</strong></span> <span class='ocrx_word' id='word_1_584' title='bbox 3585 4674 3721 4718; x_wconf 88' lang='lat' dir='ltr'><strong>ecce</strong></span> <span class='ocrx_word' id='word_1_585' title='bbox 3751 4660 3868 4733; x_wconf 86' lang='lat' dir='ltr'><strong>jus-</strong></span> 
     </span>
     <span class='ocr_line' id='line_1_93' title="bbox 2325 4750 3863 4823; baseline -0.001 -12"><span class='ocrx_word' id='word_1_586' title='bbox 2325 4753 2470 4823; x_wconf 87' lang='lat' dir='ltr'><strong>titia,</strong></span> <span class='ocrx_word' id='word_1_587' title='bbox 2491 4751 2715 4810; x_wconf 83' lang='lat' dir='ltr'><strong>faciens</strong></span> <span class='ocrx_word' id='word_1_588' title='bbox 2737 4750 2999 4810; x_wconf 90' lang='lat' dir='ltr'><strong>animam</strong></span> <span class='ocrx_word' id='word_1_589' title='bbox 3017 4751 3118 4809; x_wconf 91' lang='lat' dir='ltr'><strong>Dei</strong></span> <span class='ocrx_word' id='word_1_590' title='bbox 3140 4751 3413 4811; x_wconf 90' lang='lat' dir='ltr'><strong>amicam.</strong></span> <span class='ocrx_word' id='word_1_591' title='bbox 3435 4754 3513 4810; x_wconf 92' lang='lat' dir='ltr'><strong>De</strong></span> <span class='ocrx_word' id='word_1_592' title='bbox 3536 4753 3796 4812; x_wconf 86' lang='lat' dir='ltr'><strong>secundo</strong></span> <span class='ocrx_word' id='word_1_593' title='bbox 3812 4754 3863 4810; x_wconf 77' lang='lat'><strong>⁹:</strong></span> 
     </span>
     <span class='ocr_line' id='line_1_94' title="bbox 2329 4843 3869 4921; baseline 0.003 -19"><span class='ocrx_word' id='word_1_594' title='bbox 2329 4865 2359 4902; x_wconf 71' lang='grc' dir='ltr'><strong>α</strong></span> <span class='ocrx_word' id='word_1_595' title='bbox 2384 4846 2613 4920; x_wconf 74' lang='grc' dir='ltr'><strong>Οωῑιίε,</strong></span> <span class='ocrx_word' id='word_1_596' title='bbox 2645 4844 2748 4920; x_wconf 87' lang='lat' dir='ltr'><strong>qui</strong></span> <span class='ocrx_word' id='word_1_597' title='bbox 2777 4843 2915 4903; x_wconf 86' lang='lat' dir='ltr'><strong>facit</strong></span> <span class='ocrx_word' id='word_1_598' title='bbox 2934 4845 3255 4918; x_wconf 87' lang='lat' dir='ltr'><strong>justitiam,</strong></span> <span class='ocrx_word' id='word_1_599' title='bbox 3287 4862 3361 4905; x_wconf 82' lang='lat' dir='ltr'><strong>ex</strong></span> <span class='ocrx_word' id='word_1_600' title='bbox 3387 4846 3565 4921; x_wconf 66' lang='lat' dir='ltr'><strong>ipso,</strong></span> <span class='ocrx_word' id='word_1_601' title='bbox 3591 4869 3622 4904; x_wconf 67' lang='lat' dir='ltr'><strong>u</strong></span> <span class='ocrx_word' id='word_1_602' title='bbox 3654 4846 3869 4906; x_wconf 87' lang='lat' dir='ltr'><strong>scilicet</strong></span> 
     </span>
     <span class='ocr_line' id='line_1_95' title="bbox 2326 4940 3865 5014; baseline 0.001 -15"><span class='ocrx_word' id='word_1_603' title='bbox 2326 4944 2467 5013; x_wconf 85' lang='lat' dir='ltr'><strong>Dec,</strong></span> <span class='ocrx_word' id='word_1_604' title='bbox 2494 4959 2523 4996; x_wconf 76' lang='grc' dir='ltr'><strong>α</strong></span> <span class='ocrx_word' id='word_1_605' title='bbox 2549 4943 2721 4999; x_wconf 87' lang='lat' dir='ltr'><strong>natus</strong></span> <span class='ocrx_word' id='word_1_606' title='bbox 2750 4942 2872 4999; x_wconf 83' lang='lat' dir='ltr'><strong>est:</strong></span> <span class='ocrx_word' id='word_1_607' title='bbox 2905 4962 2935 4998; x_wconf 69' lang='grc' dir='ltr'><strong>ιο</strong></span> <span class='ocrx_word' id='word_1_608' title='bbox 2956 4956 3091 4999; x_wconf 86' lang='lat' dir='ltr'><strong>ecce</strong></span> <span class='ocrx_word' id='word_1_609' title='bbox 3112 4940 3337 5014; x_wconf 85' lang='lat' dir='ltr'><strong>justitia</strong></span> <span class='ocrx_word' id='word_1_610' title='bbox 3361 4940 3584 4999; x_wconf 85' lang='lat' dir='ltr'><strong>faciens</strong></span> <span class='ocrx_word' id='word_1_611' title='bbox 3612 4942 3865 5001; x_wconf 89' lang='lat' dir='ltr'><strong>animam</strong></span> 
     </span>
     <span class='ocr_line' id='line_1_96' title="bbox 2325 5033 3864 5109; baseline 0 -16"><span class='ocrx_word' id='word_1_612' title='bbox 2325 5035 2425 5094; x_wconf 93' lang='lat' dir='ltr'><strong>Dei</strong></span> <span class='ocrx_word' id='word_1_613' title='bbox 2462 5034 2668 5093; x_wconf 88' lang='lat' dir='ltr'><strong>filiam.</strong></span> <span class='ocrx_word' id='word_1_614' title='bbox 2700 5036 2778 5092; x_wconf 91' lang='lat' dir='ltr'><strong>De</strong></span> <span class='ocrx_word' id='word_1_615' title='bbox 2803 5034 2974 5093; x_wconf 88' lang='lat' dir='ltr'><strong>tertio</strong></span> <span class='ocrx_word' id='word_1_616' title='bbox 3003 5034 3083 5091; x_wconf 88' lang='lat'><strong>¹⁰:</strong></span> <span class='ocrx_word' id='word_1_617' title='bbox 3125 5055 3153 5087; x_wconf 91' lang='lat'>«</span> <span class='ocrx_word' id='word_1_618' title='bbox 3180 5033 3486 5109; x_wconf 86' lang='lat' dir='ltr'><strong>sponsabo</strong></span> <span class='ocrx_word' id='word_1_619' title='bbox 3524 5038 3580 5094; x_wconf 87' lang='lat' dir='ltr'><strong>te</strong></span> <span class='ocrx_word' id='word_1_620' title='bbox 3620 5036 3765 5095; x_wconf 90' lang='lat' dir='ltr'><strong>mihi</strong></span> <span class='ocrx_word' id='word_1_621' title='bbox 3804 5036 3864 5093; x_wconf 90' lang='lat' dir='ltr'><strong>in</strong></span> 
     </span>
    </p>
   </div>
   <div class='ocr_carea' id='block_1_15' title="bbox 2325 5187 3869 5397">
    <p class='ocr_par' dir='ltr' id='par_1_15' title="bbox 2325 5187 3869 5397">
     <span class='ocr_line' id='line_1_97' title="bbox 2327 5187 3866 5255; baseline 0.001 -14"><span class='ocrx_word' id='word_1_622' title='bbox 2327 5192 2404 5241; x_wconf 79' lang='lat'><strong>16.</strong></span> <span class='ocrx_word' id='word_1_623' title='bbox 2448 5214 2513 5226; x_wconf 92' lang='lat'>—</span> <span class='ocrx_word' id='word_1_624' title='bbox 2550 5189 2573 5224; x_wconf 78' lang='lat'>⁸</span> <span class='ocrx_word' id='word_1_625' title='bbox 2615 5187 2819 5250; x_wconf 66' lang='lat' dir='ltr'><strong>Mami„</strong></span> <span class='ocrx_word' id='word_1_626' title='bbox 2858 5199 3026 5249; x_wconf 80' lang='lat' dir='ltr'><strong>xxm,</strong></span> <span class='ocrx_word' id='word_1_627' title='bbox 3069 5189 3150 5239; x_wconf 89' lang='grc'><strong>33.</strong></span> <span class='ocrx_word' id='word_1_628' title='bbox 3198 5214 3261 5225; x_wconf 89' lang='grc'><strong>-</strong></span> <span class='ocrx_word' id='word_1_629' title='bbox 3306 5187 3531 5254; x_wconf 76' lang='lat' dir='ltr'><strong>⁷·Hebr.,</strong></span> <span class='ocrx_word' id='word_1_630' title='bbox 3584 5202 3665 5255; x_wconf 84' lang='lat' dir='ltr'><strong>vr,</strong></span> <span class='ocrx_word' id='word_1_631' title='bbox 3721 5195 3775 5255; x_wconf 80' lang='grc' dir='ltr'><strong>Ι,</strong></span> <span class='ocrx_word' id='word_1_632' title='bbox 3819 5193 3866 5242; x_wconf 76' lang='grc'><strong>2.</strong></span> 
     </span>
     <span class='ocr_line' id='line_1_98' title="bbox 2325 5260 3869 5385; baseline 0.001 -74"><span class='ocrx_word' id='word_1_633' title='bbox 2325 5263 2602 5385; x_wconf 53' lang='grc' dir='ltr'><strong>-Ι-ἶ-ῑῼωα,</strong></span> <span class='ocrx_word' id='word_1_634' title='bbox 2648 5272 2719 5323; x_wconf 87' lang='lat'><strong>11,</strong></span> <span class='ocrx_word' id='word_1_635' title='bbox 2755 5262 2835 5310; x_wconf 81' lang='lat'><strong>23.</strong></span> <span class='ocrx_word' id='word_1_636' title='bbox 2876 5286 2936 5298; x_wconf 90' lang='lat'>—</span> <span class='ocrx_word' id='word_1_637' title='bbox 2979 5261 2998 5290; x_wconf 79' lang='lat'>⁸</span> <span class='ocrx_word' id='word_1_638' title='bbox 3041 5260 3060 5309; x_wconf 98' lang='lat' dir='ltr'><strong>l</strong></span> <span class='ocrx_word' id='word_1_639' title='bbox 3105 5261 3269 5324; x_wconf 67' lang='lat' dir='ltr'><strong>leam,</strong></span> <span class='ocrx_word' id='word_1_640' title='bbox 3315 5272 3384 5325; x_wconf 77' lang='lat'><strong>11,</strong></span> <span class='ocrx_word' id='word_1_641' title='bbox 3432 5263 3508 5311; x_wconf 75' lang='lat'><strong>29.</strong></span> <span class='ocrx_word' id='word_1_642' title='bbox 3557 5290 3620 5301; x_wconf 90' lang='lat'>—</span> <span class='ocrx_word' id='word_1_643' title='bbox 3664 5264 3701 5298; x_wconf 84' lang='lat'><strong>¹⁰</strong></span> <span class='ocrx_word' id='word_1_644' title='bbox 3741 5262 3869 5323; x_wconf 65' lang='lat' dir='ltr'><strong>Oce„</strong></span> 
     </span>
     <span class='ocr_line' id='line_1_99' title="bbox 2372 5369 2490 5397; baseline 0 -14"><span class='ocrx_word' id='word_1_645' title='bbox 2372 5372 2385 5397; x_wconf 90' lang='lat'>‚</span> <span class='ocrx_word' id='word_1_646' title='bbox 2476 5369 2490 5383; x_wconf 94' lang='lat'><strong>.</strong></span> 
     </span>
    </p>
   </div>
   <div class='ocr_carea' id='block_1_16' title="bbox 2390 5396 3180 5487">
    <p class='ocr_par' dir='ltr' id='par_1_16' title="bbox 2390 5396 3180 5487">
     <span class='ocr_line' id='line_1_100' title="bbox 2390 5396 3180 5487; baseline -0.001 -13"><span class='ocrx_word' id='word_1_647' title='bbox 2390 5424 2455 5487; x_wconf 83' lang='lat' dir='ltr'><strong>(a)</strong></span> <span class='ocrx_word' id='word_1_648' title='bbox 2486 5422 2608 5474; x_wconf 79' lang='lat' dir='ltr'><strong>coet.</strong></span> <span class='ocrx_word' id='word_1_649' title='bbox 2637 5420 2760 5472; x_wconf 66' lang='lat' dir='ltr'><strong>edit.</strong></span> <span class='ocrx_word' id='word_1_650' title='bbox 2787 5420 3106 5486; x_wconf 71' lang='lat' dir='ltr'><strong>prohibetur.</strong></span> <span class='ocrx_word' id='word_1_651' title='bbox 3179 5396 3180 5399; x_wconf 61' lang='grc'>’</span> 
     </span>
    </p>
   </div>
  </div>
 </body>
</html>
