4196 6294
424 1500 619 1544 Verbum

407 1567 488 1610 Dei
508 1579 617 1621 quo-

451 1636 584 1679 modo

655 429 772 490 336

650 561 1040 632 Ρτοηωιίίαυίς
1090 574 1225 621 ecce
1268 561 1486 622 utilitas
1530 561 1738 619 contra
1777 558 2195 619 infructuosos.

652 653 848 712 Omnia
867 655 1128 726 judicia3
1159 672 1293 716 ecce
1316 655 1586 718 docilitas
1613 658 1820 715 contra
1846 653 2195 715 obliviosos,

657 748 784 805 Oris
813 753 931 820 tui3
963 767 1100 811 ecce
1126 752 1419 813 subtilitas
1448 755 1656 811 contra
1680 750 2007 810 fabulosos.

1182 977 1517 1022 vsastcums
1542 978 1664 1020 ΧΠ.

719 1134 786 1188 In
827 1135 923 1189 via
970 1135 1393 1192 testimoniorum
1437 1140 1685 1206 tuorum,
1730 1136 1838 1192 etc.
1869 1132 2199 1191 versiculus

650 1225 1002 1284 antecedens
1030 1227 1363 1301 pertinebat
1388 1228 1468 1285 ad
1493 1227 1868 1302 respiranteS,
1897 1227 2195 1285 mediante

648 1321 747 1376 Dat
786 1320 1001 1393 verbo,
1042 1320 1239 1395 ipsum
1275 1322 1562 1395 sagaciter
1587 1320 1931 1394 {audiend03
1970 1321 2076 1380 iste
2105 1337 2197 1378 se·

648 1428 836 1487 quens
889 1416 1141 1490 pertinet
1185 1416 1267 1475 ad
1306 1416 1694 1492 respirantes,
1749 1416 2048 1475 mediante
2095 1416 2197 1474 Dei

646 1507 857 1579 verbo,
880 1508 1078 1583 ipsum
1102 1511 1383 1570 tenaciter
1401 1510 1811 1570 custodiendo.
1825 1511 1982 1569 Sicut
2001 1513 2200 1570 autem

645 1600 904 1661 insinuat
919 1620 1126 1663 versus
1144 1605 1273 1678 iste,
1295 1609 1551 1680 quatuor
1568 1609 1705 1663 sunt
1726 1621 1939 1677 causae,
1955 1608 2199 1680 propter

444 1711 521 1741 eus
570 1724 588 1732 ·
645 1712 796 1771 quas
855 1701 1090 1773 oportet
1141 1699 1340 1773 ipsum
1399 1700 1677 1758 tenaciter
1733 1699 2048 1758 custodire.
2107 1702 2200 1758 Est

406 1760 615 1804 diendum

646 1805 908 1866 namque
951 1792 1208 1851 verbum
1248 1794 1350 1851 Dei
1386 1793 1843 1853 custodiendum
1886 1793 2034 1851 sicut
2070 1792 2198 1851 the-

646 1901 855 1944 saurus
884 1887 1233 1946 artificiosus
1251 1932 1271 1960 ,
1299 1887 1603 1959 radiosus,
1633 1888 1969 1960 deliciosuS,
1999 1886 2200 1962 copio-

645 1995 763 2037 sus.
796 1979 1156 2040 Artificiosus
1197 1981 1432 2054 dicitur,
1462 1985 1751 2057 quantum
1789 1981 1868 2040 ad
1907 1981 2200 2039 mosaicas

646 2072 991 2148 allegorias3
1037 2075 1309 2135 radiosus
1323 2118 1344 2148 ,
1385 2079 1675 2151 quantum
1709 2076 1789 2134 ad
1825 2075 2199 2149 evangelicas

645 2166 903 2226 theorias
912 2185 931 2241 ;
963 2168 1308 2241 deliciosus,
1339 2174 1629 2244 quantum
1657 2169 1737 2229 ad
1766 2169 2026 2228 coelestes
2061 2185 2200 2227 ana-

647 2261 856 2334 gogias
869 2280 888 2335 3
917 2263 1218 2338 copiosus,
1246 2269 1538 2340 quantum
1564 2265 1646 2324 ad
1671 2267 1967 2322 terrestres
1993 2266 2198 2338 tropo-

647 2355 856 2428 logias.
883 2356 1182 2431 Allegoria
1206 2359 1460 2433 pertinet
1495 2359 1577 2416 ad
1605 2358 1932 2431 credenda3
1967 2358 2197 2416 theoria

647 2448 727 2506 ad
754 2449 1014 2510 videnda
1028 2470 1046 2525 ;
1073 2454 1373 2528 anagogia
1397 2452 1479 2513 ad
1502 2453 1800 2529 speranda
1814 2471 1832 2527 ;
1863 2451 2196 2527 tropologia

645 2542 726 2601 ad
753 2544 1077 2619 operanda.

1152 2697 1428 2754 Articulus
1459 2699 1686 2770 primus.

715 2829 783 2884 In
814 2830 928 2885 via.
972 2830 1093 2886 Hoc
1132 2828 1346 2887 dicitur
1390 2833 1679 2904 quantum
1721 2828 1801 2888 ad
1846 2827 2193 2902 allegoriaS,

643 2936 777 2994 quoe
811 2921 925 2979 viae
968 2924 1107 2980 sunt
1141 2922 1221 2982 ad
1260 2924 1558 2983 theorias:
1602 2923 1747 2998 quia
1775 2922 2060 2981 nimirum
2084 2938 2195 2996 per

642 3014 956 3087 allegorias
973 3015 1121 3090 legis
1141 3017 1355 3075 veteris
1372 3017 1607 3076 venitur
1634 3017 1715 3075 ad
1740 3016 1997 3075 theorias
2019 3031 2193 3074 novoe

641 3107 811 3183 legis,
842 3112 909 3168 Et
939 3114 1113 3183 nota,
1148 3110 1316 3186 quod
1346 3110 1632 3185 allegoria
1667 3112 1753 3168 est
1786 3110 1887 3169 via
1912 3109 2192 3185 spatiosa,

640 3203 982 3279 laboriosa,
1012 3206 1327 3281 inaquosa.
1364 3206 1518 3265 Licet
1543 3210 1743 3265 autem
1785 3207 1858 3264 sit
1901 3206 2191 3281 spatiosa,

642 3298 806 3357 ducit
852 3300 933 3358 ad
975 3298 1328 3359 sacrificium
1364 3299 1629 3374 justitiae3
1677 3300 1817 3358 licet
1854 3300 2189 3374 laboriosa,

642 3393 805 3451 ducit
828 3393 908 3451 ad
924 3396 1267 3453 unctionem
1291 3394 1520 3468 gratiae3
1543 3394 1678 3455 licet
1695 3394 2008 3469 inaquosa,
2030 3397 2192 3454 ducit

640 3487 721 3545 ad
749 3503 971 3563 aquam
998 3487 1316 3563 sapientire.
1341 3490 1419 3544 De
1438 3487 1668 3562 primo¹
1692 3505 1708 3545 ε
1736 3489 2006 3547 «Ibimus
2027 3490 2191 3548 viam

641 3580 814 3639 trium
843 3581 1076 3641 dierum
1100 3581 1177 3654 {in
1205 3581 1553 3653 solitudine,
1582 3585 1648 3639 ut
1675 3582 2051 3641 immolemus
2075 3587 2192 3641 Do-

637 3675 804 3733 mino
842 3679 961 3734 Deo
1003 3679 1239 3747 nostr-03
1267 3695 1297 3731 υ
1328 3676 1498 3750 quasi
1539 3674 1697 3734 dicat
1737 3676 2037 3750 apertius:
2074 3679 2189 3734 lbi·

637 3785 757 3826 mus
783 3769 1026 3829 internis
1052 3769 1339 3845 pedibuS‚
1369 3769 1647 3827 videlicet
1671 3769 2102 3843 admirationis,
2133 3775 2194 3829 et

637 3862 1101 3937 investigationis
1134 3863 1544 3939 processibus;
1578 3882 1607 3919 (ι
1650 3863 1812 3922 viam
1844 3863 2024 3922 trium
2066 3863 2191 3922 die·

636 3973 793 4029 rum,
823 3977 859 4012 n
876 3957 940 4014 id
971 3962 1076 4030 est,
1106 3957 1455 4031 allegoriam
1483 3957 1661 4015 trium
1688 3958 2050 4031 specierum,
2079 3957 2191 4015 sci-

635 4050 774 4108 licet
798 4052 1116 4123 visualem,
1146 4052 1448 4124 vocalem,
1479 4056 1536 4110 et
1559 4052 1931 4125 manualem,
1961 4052 2077 4110 hoc
2105 4056 2190 4110 est

637 4143 701 4200 in
734 4145 912 4216 visis,
953 4145 1018 4203 in
1052 4146 1252 4218 dietis,
1283 4147 1347 4203 in
1382 4146 1666 4221 operibus
1701 4147 2047 4205 existentem
2076 4163 2091 4202 z
2126 4149 2189 4202 in

637 4240 964 4312 solitudine,
992 4240 1058 4298 id
1086 4243 1200 4311 est,
1228 4240 1500 4299 doctrina
1527 4238 1673 4312 legis
1710 4240 1985 4298 mosaicae
2013 4258 2030 4298 :
2067 4258 2096 4294 α
2123 4243 2190 4299 ut

637 4334 1019 4392 immolemus
1074 4334 1429 4392 sacrificium
1476 4334 1712 4407 justitiae
1760 4334 2011 4392 Domino
2065 4336 2185 4393 Deo

638 4431 841 4486 nostro
875 4446 891 4485 ι
926 4446 953 4482 ω
988 4427 1210 4486 scilicet
1234 4428 1599 4486 intellectum
1630 4431 1901 4487 nostrum
1927 4428 1989 4489 in
2017 4428 2187 4486 obse-

638 4522 849 4595 quium
904 4521 1110 4580 Christi
1164 4521 1520 4595 captivando
1540 4564 1561 4594 ,
1614 4526 1671 4579 et
1724 4521 1895 4596 quasi
1945 4522 2186 4581 mortiti-

639 4616 863 4685 cando‚
899 4615 1228 4673 secundum
1269 4614 1598 4673 doctrinam
1637 4614 1896 4673 veritatis
1939 4631 2187 4689 evange-

636 4708 781 4767 lioae.
823 4713 969 4768 Ecce
1006 4709 1106 4766 via
1146 4708 1441 4782 spatIosa,
1470 4708 1577 4766 sed
1614 4723 1739 4766 non
1780 4709 2184 4784 dispendiosa,

637 4804 781 4876 quia
816 4803 977 4862 ducit
1013 4803 1094 4862 ad
1130 4803 1484 4863 sacrificium
1503 4801 1757 4876 justitiae.
1783 4806 1928 4861 Ecce
1955 4804 2185 4862 thesau-

636 4913 739 4955 rus
768 4897 1140 4970 artificiosuS,
1170 4898 1461 4972 quoniam
1487 4896 1870 4956 artificiosum
1899 4901 1984 4956 est
2006 4898 2184 4957 valde

635 4991 862 5064 figuras
913 4991 1180 5050 visibiles
1230 4990 1626 5049 invisibilibus
1675 4994 1972 5066 coaptare.
2020 4990 2183 5050 Unde

636 5084 948 5159 Dionysius
992 5086 1017 5119 ²
1070 5103 1086 5143 z
1133 5103 1164 5139 ι(
1211 5084 1396 5142 Valde
1435 5084 1826 5143 ‘artificialiter
1881 5084 2185 5158 theologia

635 5178 882 5253 poeticis
924 5178 1105 5238 sacris
1150 5177 1608 5238 formationibus
1646 5180 1710 5237 in
1751 5196 1878 5239 non
1916 5179 2183 5253 figuratis

704 5306 720 5341 ¹
750 5303 937 5372 swod„
968 5318 1063 5371 111,
1094 5306 1172 5358 18.
1196 5328 1259 5344 —
1301 5306 1321 5337 ²
1350 5305 1499 5358 Dion.
1533 5308 1742 5373 Areop„
1769 5306 1832 5358 de
1869 5306 1993 5358 Coel.
2020 5304 2181 5368 Hier„

642 5393 689 5430 c.
731 5388 789 5428 ιι.
831 5402 892 5416 --
932 5376 956 5411 ⁸
995 5378 1138 5438 Gen„
1174 5387 1376 5441 xxvm,
1406 5382 1485 5430 2⁰.
1524 5405 1587 5419 —
1628 5380 1649 5416 ὃ
1681 5381 1827 5443 Gen„
1860 5390 2007 5442 mv,
2042 5379 2090 5427 3.
2118 5401 2182 5414 --

1704 422 2118 491 EXPOSITIO
2162 423 2243 489 IN
2287 424 2813 492 PSALTERIUM.

2306 560 2694 620 intellectibus
2723 575 2834 618 usa
2860 561 2962 617 est.
2993 577 3022 614 ιι
3054 561 3134 616 De
3158 557 3423 617 secundo
3449 559 3473 594 ³
3504 574 3520 615 :
3548 576 3578 611 ι(
3602 556 3660 614 Si
3677 556 3855 616 suerit

2305 656 2587 714 Dominus
2641 670 2874 713 mecum
2891 696 2911 726 ,
2968 656 3024 711 et
3078 651 3418 711 custodierit
3461 652 3525 709 in
3568 651 3702 723 via,
3745 668 3855 725 per

2306 764 2490 823 quam
2518 749 2795 822 ambu103
2833 751 2891 806 et
2928 746 3158 806 dederit
3192 746 3337 805 mihi
3371 763 3591 821 panem
3617 746 3696 806 ad
3722 762 3853 804 ves-

2306 843 2586 914 cendum,
2605 848 2662 902 et
2686 846 2910 901 vestem
2938 842 3016 900 ad
3038 841 3429 912 induendum,
3458 856 3848 914 reversusque

2305 936 2476 996 fuero
2505 953 2788 1012 prospere
2824 938 2887 995 in
2913 936 3165 994 domum
3191 936 3373 1011 patris
3397 936 3539 1006 mei,
3567 935 3675 992 erit
3699 934 3847 992 mihi

2304 1032 2587 1090 Dominus
2615 1032 2678 1090 in
2709 1036 2927 1104 Deum,
2954 1035 3010 1090 et
3034 1030 3187 1105 lapis
3214 1031 3350 1103 iste,
3386 1046 3569 1105 quem
3597 1029 3759 1088 erexi
3784 1029 3848 1086 in

2303 1128 2573 1201 titulum,
2610 1129 2921 1188 vocabitur
2961 1128 3176 1186 domus
3212 1126 3330 1184 Dei.
3373 1147 3402 1182 n
3434 1129 3513 1183 Ac
3544 1124 3592 1182 si
3631 1123 3849 1182 diceret

2303 1223 2646 1282 manifeste:
2686 1223 2747 1281 Si
2783 1226 2953 1292 fuerit
2995 1225 3140 1279 Deus
3175 1237 3404 1293 mecum,
3455 1219 3672 1277 scilicet
3710 1234 3849 1292 ape-

2303 1318 2512 1377 riendo
2554 1334 2831 1376 sensum:
2872 1322 2921 1374 et
2956 1316 3276 1374 custodierit
3315 1332 3427 1381 me,
3462 1312 3734 1371 videlicet
3768 1313 3847 1371 ab

2303 1428 2502 1473 errore
2530 1430 2546 1470 ε
2577 1417 2638 1471 in
2659 1417 2785 1485 vio,
2814 1412 2930 1470 hoc
2958 1415 3044 1469 est
3082 1410 3385 1468 laboriosa
3409 1408 3722 1480 allegoria,
3750 1424 3849 1479 per

2303 1524 2465 1580 quam
2491 1509 2701 1565 ambulo
2733 1507 3042 1582 (theoriam
3068 1503 3501 1576 investigando)
3517 1522 3534 1575 ;
3557 1510 3607 1559 et
3637 1501 3849 1559 dederit

2302 1603 2440 1659 mihi
2469 1619 2664 1676 panem
2704 1602 2777 1659 acl
2815 1601 3165 1668 vescendum,
3207 1597 3425 1655 scilicet
3458 1593 3848 1653 intellectuale

2302 1696 2760 1769 nutrimentum;
2790 1701 2841 1754 et
2863 1699 3059 1754 vestem
3080 1694 3153 1750 ad
3181 1691 3516 1750 induendum
3531 1734 3548 1762 ‚
3575 1689 3850 1748 videlicet

2306 1789 2674 1864 disciplinale
2701 1789 3114 1848 vestimentum
3134 1805 3148 1844 ε
3169 1802 3510 1860 reversusque
3527 1787 3682 1854 fuero
3697 1800 3849 1858 pros-

2303 1901 2427 1957 pere
2451 1901 2560 1959 per
2584 1886 2745 1943 viam
2768 1882 3119 1943 obedientiae
3134 1925 3153 1954 ,
3183 1885 3245 1939 in
3271 1882 3484 1938 domum
3500 1883 3685 1952 patris
3711 1882 3845 1944 mei,

2303 1977 2368 2035 id
2388 1983 2492 2049 est,
2509 1979 2573 2036 in
2591 1979 2839 2037 domum
2858 1977 3178 2052 sapientiae,
3196 1976 3270 2034 de
3292 1990 3415 2049 qua
3431 1974 3666 2033 recessit
3681 1977 3849 2047 pater

2303 2088 2473 2131 meus
2497 2088 2605 2147 per
2626 2073 2790 2130 viam
2820 2070 3264 2130 inobedientiae:
3298 2073 3405 2127 erit
3429 2072 3567 2126 mihi
3586 2072 3848 2125 Dominus

2304 2171 2365 2224 in
2411 2172 2603 2237 Deum,
2651 2168 2717 2225 id
2762 2171 2877 2240 est,
2916 2165 3212 2224 timendus
3249 2164 3311 2222 in
3352 2162 3758 2221 credendum:
3799 2167 3851 2219 et

2306 2263 2449 2336 lapis
2487 2266 2620 2330 iste,
2655 2261 2877 2320 scilicet
2913 2261 3170 2319 Christus
3201 2257 3553 2333 reprobatus
3579 2256 3853 2315 humani·

2301 2357 2424 2413 tus:
2448 2372 2601 2428 quem
2628 2359 2779 2412 erexi
2795 2359 2856 2412 in
2885 2357 3123 2420 titulum,
3146 2355 3432 2427 tanquam
3451 2352 3853 2427 approbatum

2305 2450 2607 2521 divinituS‚
2628 2450 2909 2508 vocabitur
2923 2464 3033 2523 per
3050 2448 3192 2505 fidei
3214 2447 3644 2505 confessionem
3664 2448 3851 2504 domus

2303 2548 2436 2617 Dei,
2467 2547 2759 2619 quantum
2781 2542 2862 2602 ad
2877 2545 3223 2601 naturarum
3243 2542 3523 2600 unionem
3544 2559 3561 2599 ε
3581 2543 3646 2600 ut
3664 2541 3850 2599 domus

2301 2638 2587 2698 referatur
2613 2638 2693 2698 ad
2728 2638 3193 2710 humanitatem;
3224 2640 3327 2693 Dei
3355 2640 3582 2708 autem,
3611 2636 3693 2694 ad
3725 2636 3851 2694 dei-

2301 2736 2500 2792 tatem.
2521 2738 2666 2792 Ecce
2693 2733 2794 2790 via
2819 2731 3144 2804 laboriosa,
3166 2730 3275 2789 sed
3300 2746 3428 2789 non
3452 2730 3847 2789 infructuosa:

2303 2826 2447 2902 quia
2483 2827 2646 2885 ducit
2678 2826 2757 2885 ad
2799 2826 3143 2885 unctionem
3177 2824 3410 2898 gratiae,
3445 2823 3666 2883 scilicet
3697 2825 3852 2901 lapi-

2302 2921 2445 2979 dem
2476 2920 2718 2995 vivum,
2757 2925 3000 2979 unctum
3034 2920 3170 2978 oleo
3198 2919 3428 2978 laetitiae.
3472 2922 3549 2977 De
3585 2920 3757 2978 tertio
3788 2923 3847 2978 ⁴:

2306 3034 2336 3068 α
2363 3014 2791 3073 Deambulabat
2817 3018 2976 3073 Isaac
2993 3058 3011 3087 ,
3039 3034 3070 3070 n
3104 3014 3171 3071 id
3198 3016 3303 3086 est,
3335 3013 3569 3071 animus
3594 3028 3851 3088 congau-

2302 3106 2449 3167 dens
2483 3108 2743 3180 veritati,
2774 3109 2917 3184 quia
2942 3112 3097 3168 Isaac
3115 3107 3526 3184 interpretatur
3551 3109 3811 3181 quadium
3828 3130 3847 3181 ς
3880 3117 4027 3162 tuaac.

2295 3219 2396 3276 per
2420 3206 2568 3261 viam
2608 3208 2926 3276 inaquosam
2954 3203 3411 3279 Scripturarum,
3452 3203 3672 3261 scilicet
3698 3203 3851 3277 figu-

2298 3297 2535 3370 ralium,
2564 3315 2697 3373 quae
2726 3298 2888 3356 ducit
2914 3298 2994 3356 ad
3008 3300 3256 3373 puteum
3278 3313 3602 3372 aquarum5
3631 3297 3850 3355 scilicet

2297 3391 2623 3450 viventium
2648 3435 2668 3465 ,
2714 3392 2779 3450 id
2820 3397 2939 3466 est,
2994 3392 3354 3452 theoriarum
3399 3392 3846 3450 vivificantium.

2298 3487 2444 3544 Ecce
2471 3486 2570 3543 via
2595 3485 2916 3561 inaquosa,
2943 3502 3068 3545 non
3091 3489 3290 3545 tamen
3317 3485 3537 3559 otiosa,
3568 3486 3709 3561 quia
3737 3486 3849 3544 du-

2300 3579 2377 3638 cit
2405 3579 2484 3638 ad
2509 3579 2732 3640 fontem
2759 3582 3099 3657 sapientiae:

2773 3744 3059 3800 Articulus
3091 3743 3365 3800 secundus.

2375 3865 2813 3925 Testimoniorum
2850 3873 3079 3926 tuorum.
3130 3871 3250 3927 Hoc
3298 3867 3512 3927 dicitur
3555 3872 3842 3943 quantum

2299 3958 2378 4016 ad
2405 3959 2662 4019 theorias
2694 3964 2836 4020 novi
2861 3963 3244 4035 Testamenti,
3275 3980 3407 4037 quas
3442 3962 3667 4021 clarum
3695 3964 3846 4021 testi·

2296 4052 2568 4112 monium
2592 4055 2910 4129 perhibent
2934 4056 3182 4115 veritati.
3209 4060 3275 4115 Et
3301 4061 3466 4130 nota,
3494 4059 3663 4132 quod
3690 4059 3844 4115 testi-

2295 4148 2637 4207 moniorum
2663 4149 3010 4223 hujusmodi
3038 4151 3314 4225 quoedam
3341 4151 3618 4210 dicuntur
3646 4152 3839 4209 credi-

2293 4239 2461 4314 bilia,
2488 4243 2765 4317 quaedam
2791 4244 3112 4315 mirabilia,
3134 4244 3412 4319 quaedam
3437 4245 3660 4305 fidelia.
3690 4248 3846 4316 Quo-

2292 4349 2430 4392 rum
2461 4336 2660 4409 prima
2693 4338 2989 4413 pertinent
3025 4339 3105 4397 ad
3142 4339 3489 4414 purgandos
3519 4359 3534 4397 :
3582 4340 3846 4398 secunda

2293 4431 2374 4488 ad
2401 4431 2856 4492 illuminandos:
2883 4433 3051 4492 tertia
3069 4433 3149 4491 ad
3177 4434 3593 4509 perficiendos
3620 4437 3698 4492 De
3725 4436 3846 4508 pri-

2292 4524 2406 4581 mis
2442 4525 2583 4585 dicit
2626 4528 2648 4562 ⁸
2679 4546 2694 4585 :
2742 4546 2770 4582 α
2805 4527 3158 4586 'testimonia
3196 4531 3297 4587 tua
3342 4528 3653 4586 credibilia
3690 4528 3851 4609 sacta·

2293 4622 2429 4677 sunt
2470 4620 2682 4678 nimis:
2725 4620 2975 4680 domum
3011 4626 3177 4680 tuam
3213 4622 3380 4681 decet
3413 4622 3777 4681 sanctitudo:
3810 4644 3839 4678 n

2293 4728 2429 4770 ecce
2459 4714 2791 4774 testimonia
2816 4732 2923 4790 per
2950 4716 3134 4773 fidem
3162 4716 3498 4790 purgantia,
3529 4717 3651 4774 sive
3680 4733 3847 4774 sanc·

2292 4805 2593 4865 titicantia.
2624 4811 2701 4865 De
2731 4810 3003 4868 secundis
3030 4810 3247 4869 iterum
3281 4814 3345 4869 in
3377 4812 3607 4869 Psalmo
3638 4811 3752 4869 hoc
3779 4814 3801 4848 ⁸
3826 4832 3840 4870 :

2299 4920 2327 4954 α
2357 4901 2640 4960 Mirabilia
2662 4892 2994 4962 testimonia
3020 4908 3124 4963 tua
3154 4924 3168 4962 z
3198 4905 3337 4964 ideo
3366 4910 3621 4964 scrutata
3661 4909 3745 4963 est
3771 4921 3846 4963 ea

2293 4993 2494 5053 anima
2523 5012 2694 5053 mea:
2728 4997 3046 5057 declaratio
3074 5015 3415 5059 sermonum
3446 5004 3686 5057 tuorum
3709 4998 3843 5056 illu·

2292 5088 2499 5147 minat.
2542 5110 2571 5145 n
2604 5094 2747 5151 Ecce
2786 5093 3120 5153 testimonia
3152 5098 3475 5152 scrutantes
3507 5093 3844 5152 illuminan-

2291 5181 2392 5241 tia.
2432 5185 2511 5241 De
2552 5185 2733 5244 tertiis
2762 5203 2963 5247 rursus
2996 5192 3056 5247 ⁷:
3097 5208 3126 5243 α
3150 5188 3572 5248 Testimonium
3607 5188 3841 5247 Domini

2292 5310 2652 5434 ‘gg-{albitum
2690 5319 2737 5368 5.
2766 5344 2829 5355 -
2866 5317 2888 5353 ⁸
2916 5315 3053 5368 Psal.
3087 5315 3214 5380 hoc,
3246 5318 3366 5381 129,
3397 5320 3505 5370 ¹30.
3545 5343 3604 5355 —
3644 5317 3665 5353 ’ἵ
3697 5315 3840 5366 Psal.

2406 5394 2445 5447 1,
2508 5418 2522 5435 .
