4196 6294
1547 462 1913 532 PSALMUS
1954 465 2216 533 CXVIII.

288 598 423 672 Dei,
451 601 518 656 ut
542 599 827 657 mandata
852 599 981 671 ejus
1007 601 1444 672 custodiamus,
1473 619 1504 654 a
1536 602 1831 673 quantum

217 717 230 730 ·
289 690 366 750 ad
389 693 618 766 judicia
642 694 955 753 charitatis.

780 854 1064 909 Articulus
1097 859 1344 925 quartus.

365 975 666 1033 Sensibilis
713 977 1013 1035 exterioris
1062 981 1260 1035 actum
1310 976 1651 1046 subintulit,
1699 991 1838 1031 cum

54 1084 255 1129 Manda-
294 1068 641 1143 subscripsit
678 1087 694 1126 ε
751 1072 1024 1127 Mandata
1077 1076 1192 1128 tua.
1243 1070 1523 1128 Dicuntur
1576 1083 1837 1141 namque

293 1163 588 1233 mandata,
648 1163 820 1237 quasi
885 1164 1090 1221 manui
1145 1164 1313 1237 data,
1362 1181 1434 1222 eo
1486 1163 1653 1236 quod
1705 1164 1841 1219 sunt

298 1255 673 1314 sensualibus
698 1257 936 1329 organis
978 1258 1344 1332 mancipata,
1374 1258 1527 1315 inter
1552 1273 1685 1331 quae
1711 1271 1839 1313 ma-

298 1367 410 1408 nus
437 1350 705 1425 quodam
730 1351 916 1409 modo
946 1351 1307 1424 dignoscitur
1328 1351 1596 1409 obtinere
1623 1350 1843 1424 prima-

299 1449 424 1503 tum
454 1488 474 1517 ,
533 1463 665 1521 quae
720 1447 1050 1505 secundum
1102 1447 1528 1521 Philosophum
1564 1446 1583 1479 ¹
1633 1446 1844 1503 dicitur

302 1556 596 1613 organum
621 1556 1005 1613 organorum.
1050 1542 1151 1599 Hic
1191 1545 1385 1616 potest
1425 1540 1650 1611 notari,
1677 1538 1846 1614 quod

301 1634 584 1693 mandata
619 1651 803 1693 manu
847 1635 1101 1708 dantur,
1142 1635 1239 1693 vel
1284 1636 1699 1708 mancipantur
1744 1632 1847 1691 tri-

303 1728 561 1801 pliciter,
589 1730 731 1803 quia
769 1729 1218 1801 ministrantur,
1261 1729 1746 1798 manifestantur,
1792 1730 1850 1785 et

306 1825 581 1880 notantur
650 1823 1021 1907 manualiter.
1091 1827 1296 1882 Manus
1355 1823 1516 1882 enim
1560 1821 1851 1880 ministrat

307 1921 473 1975 actus
514 1918 829 1976 exteriores
857 1938 876 1990 3
922 1918 1255 1977 manifestat
1295 1917 1639 1990 interiores;
1686 1918 1852 1973 notat

310 2015 507 2070 autem
535 2014 659 2069 tam
697 2011 1003 2070 interiores
1045 2028 1227 2086 quam
1255 2010 1593 2069 exteriores,
1625 2013 1706 2066 De
1732 2008 1853 2083 pri-

311 2122 412 2163 mo
453 2103 475 2136 ⁸
528 2123 543 2162 :
598 2125 626 2158 «
670 2107 912 2180 Propter
956 2106 1307 2164 mandatum
1352 2121 1586 2163 assume
1630 2118 1855 2177 paupe-

313 2217 479 2257 rem:
511 2220 538 2254 »
557 2215 691 2257 ecce
723 2200 1071 2258 mandatum
1089 2200 1387 2274 pertinens
1400 2199 1480 2256 ad
1504 2196 1855 2256 exteriorem

313 2298 509 2352 actum
553 2294 906 2352 manualiter
932 2293 1344 2352 ministratum.
1377 2296 1456 2350 De
1496 2291 1758 2350 secundo
1788 2291 1810 2326 ⁸
1837 2307 1852 2347 :

321 2408 351 2442 «
378 2392 440 2446 ln
466 2389 582 2446 hoc
608 2389 825 2446 scimus
846 2430 866 2460 ,
897 2388 1182 2463 quoniam
1210 2387 1603 2461 cognovimus
1630 2401 1769 2443 eum
1783 2427 1802 2456 ,
1823 2404 1852 2438 n

316 2482 650 2557 scilicetper
660 2482 867 2554 fidem,
884 2501 913 2535 <t
924 2481 972 2537 si
985 2481 1265 2539 mandata
1276 2482 1401 2553 ejus
1412 2481 1853 2550 observemus,»

316 2576 382 2633 id
409 2581 530 2647 est,
570 2576 755 2634 fidem
802 2579 1064 2634 nostram
1107 2592 1214 2649 per
1260 2591 1443 2650 opera
1489 2574 1859 2631 demonstre-

317 2688 485 2742 muS,
509 2672 679 2743 juxta
704 2670 858 2728 illud
895 2670 1287 2744 apostolicum
1314 2672 1336 2706 ¹·
1368 2688 1383 2727 :
1419 2688 1449 2723 α
1477 2672 1597 2740 Ego
1626 2667 1731 2725 tibi
1760 2682 1860 2723 os-

319 2763 560 2821 tendam
612 2779 685 2821 ex
749 2764 1032 2838 operibus
1083 2762 1269 2820 fidem
1328 2779 1527 2821 meam
1578 2781 1594 2821 ε
1640 2782 1669 2816 ιο
1727 2776 1861 2818 ecce

319 2859 671 2917 mandatum
696 2860 993 2933 pertinens
1022 2859 1102 2917 ad
1129 2858 1469 2917 interiorem
1497 2860 1697 2915 actum
1733 2872 1863 2913 ma-

320 2953 573 3011 nualiter
599 2951 1053 3011 manifestatum.
1085 2956 1162 3011 De
1187 2953 1358 3010 tertio
1388 2952 1536 3009 dixit
1582 2950 1865 3007 Dominus

323 3048 505 3121 Moysi
530 3049 596 3104 ⁸:
633 3067 661 3101 α
709 3048 870 3105 Dabo
916 3047 1026 3104 tibi
1066 3046 1301 3104 tabulas
1345 3045 1613 3120 lapideas
1630 3087 1649 3117 ,
1682 3047 1740 3101 et
1781 3044 1866 3101 le-

324 3159 461 3215 gem
479 3185 500 3214 ,
527 3145 586 3201 et
610 3142 891 3202 mandata
918 3159 1054 3217 quae
1082 3140 1288 3216 scripsi
1317 3160 1332 3199 :
1365 3163 1394 3197 ιο
1430 3157 1563 3199 ecce
1585 3137 1869 3198 mandata

326 3242 449 3294 tam
475 3236 554 3294 ad
578 3237 949 3308 interiorem,
976 3253 1162 3311 quam
1179 3235 1259 3293 ad
1288 3235 1640 3292 exteriorem
1669 3235 1868 3291 actum

326 3330 676 3404 pertinentia
702 3330 1054 3389 manualiter
1081 3333 1376 3388 annotata.

971 3493 1230 3559 Epilogus.

405 3614 550 3672 Dicit
588 3631 732 3688 ergo
775 3615 1272 3689 psalmographus
1313 3614 1506 3673 vicem
1549 3628 1762 3686 gerens
1802 3611 1875 3668 il-

335 3707 482 3779 lius,
512 3708 616 3781 qui
658 3709 784 3782 spei
829 3709 1019 3782 gratia
1061 3709 1422 3768 confortatus
1467 3708 1732 3782 plurium
1776 3720 1878 3762 ex·

334 3801 536 3876 primit
586 3802 802 3860 virium
857 3806 1065 3860 actus:
1106 3806 1340 3861 Paratus
1393 3818 1545 3872 sum,
1588 3804 1878 3875 quantum

337 3896 419 3952 ad
447 3897 987 3971 {concupiscibilem
1042 3900 1447 3972 appetentem3
1495 3899 1567 3951 Et
1612 3911 1719 3951 non
1763 3903 1880 3952 sam

339 3992 619 4062 turbatus,
649 3995 942 4065 quantum
984 3991 1065 4049 ad
1104 3990 1461 4048 irascibilem
1510 3989 1881 4064 applauden-

338 4089 496 4156 tem3
533 4087 600 4142 Ut
628 4087 927 4143 custodiam
944 4129 964 4158 ,
1006 4091 1294 4160 quantum
1338 4086 1419 4143 ad
1464 4082 1883 4142 rationabilem

338 4178 782 4254 consulentem3
814 4181 1084 4237 Mandata
1120 4186 1251 4252 tua,
1282 4182 1573 4254 quantum
1618 4177 1699 4236 ad
1744 4193 1881 4235 sen—

340 4272 577 4331 sibilem
609 4274 1053 4350 obsequentem.

869 4500 1202 4544 vnnstcums
1242 4500 1363 4543 xm.

420 4663 508 4715 61.
528 4660 700 4715 Funes
716 4662 1049 4731 peccatorum
1062 4701 1080 4731 ,
1111 4662 1221 4716 etc.
1242 4660 1515 4728 Quonam
1544 4655 1732 4714 modo
1753 4671 1891 4729 spes

346 4752 592 4811 roboret
618 4752 698 4811 ad
726 4752 1133 4826 operationem
1167 4752 1313 4810 boni
1327 4794 1348 4823 ,
1374 4753 1539 4825 patet
1566 4750 1629 4806 in
1656 4755 1895 4823 quater-

277 4901 283 4907 .
347 4847 520 4905 nario
547 4845 943 4921 praecedenti3
981 4845 1233 4919 qualiter
1276 4849 1475 4902 autem
1512 4860 1616 4902 cor
1651 4843 1898 4901 roboret

350 4942 430 5000 ad
459 4940 898 5015 superationem
924 4938 1098 5011 mali,
1126 4942 1334 5012 patens
1377 4942 1463 4996 est
1505 4938 1567 4995 in
1602 4938 1892 5012 praesenti.

350 5038 474 5093 Hoc
502 5038 701 5092 autem
715 5034 865 5091 solet
892 5032 1048 5090 effici
1074 5033 1463 5090 instrumento
1493 5031 1897 5106 quadruplici,
1922 5055 1925 5058 ·

353 5128 577 5186 scilicet
597 5128 840 5186 rationis
865 5125 1239 5198 discretione,
1261 5125 1589 5184 affectionis
1629 5125 1897 5184 devotio-

355 5240 432 5282 ne
448 5267 468 5297 ,
496 5225 955 5300 supplicantium
975 5223 1513 5283 communicatione
1533 5266 1554 5295 ,
1573 5227 1631 5281 et
1655 5223 1899 5299 propria

423 5350 443 5383 ¹
465 5351 636 5411 Arist„
662 5349 724 5399 de
745 5353 879 5414 part.
908 5347 1154 5410 Animal„
1181 5347 1271 5398 lib.
1303 5348 1391 5411 tv,
1419 5361 1466 5398 ο.
1499 5358 1550 5399 x.
1582 5372 1644 5384 —
1669 5348 1693 5382 ¹
1718 5345 1904 5408 Eccli.,

361 5433 523 5486 xxix,
565 5424 643 5473 12.
674 5447 737 5461 -
773 5422 796 5456 ⁸
840 5425 858 5474 1
894 5423 1059 5485 Ιοαπ.,
1101 5433 1171 5485 11,
1214 5423 1262 5474 3.
1295 5445 1359 5456 —
1396 5420 1421 5454 ὁ
1448 5420 1578 5484 lac„
1621 5431 1688 5483 11,
1731 5421 1809 5473 18.
1838 5444 1901 5458 -

3363 475 3478 537 397

1943 603 2413 676 supplicatione3
2444 604 2611 678 quod
2653 603 2879 675 patebit
2917 604 3165 662 totidem
3202 623 3482 665 versuum

1943 696 2358 755 insinuatione.
2408 701 2795 756 Instrumento
2838 698 3208 757 discretionis
3262 702 3487 759 utimur

1947 805 2084 847 cum
2108 806 2428 864 pensamus
2445 834 2463 861 ,
2486 807 2595 865 per
2625 791 2792 865 quod
2820 792 3187 863 attrahimur,
3212 794 3292 852 ad
3321 795 3488 868 quod

1947 883 2316 955 attrahimur,
2346 901 2383 942 a
2411 901 2534 960 quo
2561 885 2916 942 retrahimur
2934 929 2952 958 ,
2981 902 3089 959 per
3117 887 3284 961 quod
3310 893 3490 946 retra-

1946 976 2190 1034 himur:
2232 994 2490 1051 quorum
2531 978 2794 1052 primum
2841 982 2927 1036 est
2971 981 3238 1054 occasio,
3282 998 3492 1039 secun·-

1951 1070 2098 1128 dum
2124 1114 2142 1141 ,
2188 1071 2474 1143 offensi03
2506 1071 2744 1129 tertium
2768 1114 2789 1143 ,
2836 1072 3142 1146 obediti03
3176 1079 3453 1148 quartum
3472 1118 3493 1148 ,

1951 1164 2178 1223 oblivio
2211 1184 2225 1222 ε
2266 1183 2399 1240 quae
2438 1168 2717 1225 notantur
2756 1183 2865 1241 per
2905 1166 3177 1226 ordinem
3216 1169 3280 1226 in
3319 1184 3494 1227 versu

1950 1259 2278 1334 proposit0.

2439 1359 2724 1416 Articulus
2770 1361 3004 1431 pffmus.

2025 1473 2321 1541 Quantum
2347 1473 2428 1531 ad
2453 1474 2745 1548 primum,
2790 1473 3002 1533 dicitur
3032 1493 3047 1531 τ
3078 1476 3249 1533 Fanes
3275 1480 3498 1535 circum-

1950 1569 2114 1640 pleoei
2156 1573 2283 1624 sant
2326 1585 2409 1625 me
2419 1586 2441 1635 ,·
2485 1567 2629 1643 quia
2672 1584 2880 1626 revera
2925 1568 3095 1627 funes
3129 1612 3148 1642 ,
3196 1586 3304 1645 per
3346 1587 3501 1645 quos

1958 1661 2183 1719 attracti
2228 1666 2285 1720 et
2327 1661 2714 1736 circumplexi
2752 1665 2890 1719 sunt
2945 1666 3285 1737 peccatores
3308 1708 3328 1737 ,
3375 1665 3502 1738 ple-

1958 1772 2214 1831 rumque
2267 1760 2404 1814 sunt
2456 1755 2798 1814 occasiones
2842 1758 3130 1830 peccandi
3152 1801 3173 1831 ,
3226 1775 3360 1833 quae
3410 1760 3500 1817 di-

1961 1854 2173 1908 cuntur
2215 1851 2440 1925 peccati
2490 1851 2925 1926 dispositiones·
2979 1856 3045 1910 Et
3090 1856 3235 1912 nota
3267 1897 3288 1927 ,
3334 1855 3504 1929 quod

1962 1944 2216 2018 legimus
2265 1944 2521 2018 triplices
2574 1945 2745 2002 funes
2781 1990 2801 2019 ,
2865 1947 3196 2005 secundum
3249 1948 3506 2022 triplices

1959 2037 2186 2111 peccati
2232 2038 2665 2113 dispositiones
2708 2043 2805 2097 Est
2849 2040 3010 2097 enim
3053 2042 3364 2116 dispositio
3416 2060 3507 2101 re-

1962 2137 2155 2202 mota,
2183 2132 2523 2208 propinqua
2548 2176 2566 2206 ,
2595 2133 2872 2207 proxima
2900 2176 2920 2206 ,
2951 2138 3007 2192 et
3030 2135 3330 2209 perfecta:
3364 2152 3510 2212 qua-

1964 2243 2102 2284 rum
2153 2227 2348 2301 prima
2395 2227 2647 2302 pertinet
2700 2227 2779 2286 ad
2818 2231 3051 2302 partem
3099 2229 3310 2288 animae
3358 2231 3507 2289 irra-

1965 2320 2252 2379 tionalem
2279 2363 2300 2392 ,
2346 2321 2758 2381 irrationaliter
2801 2328 3185 2397 operantem;
3216 2326 3506 2399 secunda,

1969 2414 2047 2472 ad
2088 2418 2320 2488 partem
2368 2416 2582 2475 animae
2628 2416 3010 2488 rationalem,
3048 2434 3172 2475 non
3215 2418 3512 2476 rationali-

1969 2513 2058 2566 ter
2081 2508 2157 2582 (a)
2187 2514 2533 2583 operantem
2549 2530 2567 2583 ;
2597 2511 2785 2581 tertia,
2816 2510 2897 2567 ad
2931 2514 3161 2585 partem
3189 2512 3401 2570 animae
3422 2529 3514 2570 ra-

1970 2604 2275 2677 tionalem,
2295 2604 2657 2663 rationaliter
2684 2608 3031 2680 operantem
3051 2624 3066 2663 :
3090 2606 3394 2663 rationalis
3412 2623 3514 2664 au-

1971 2701 2091 2755 tem
2121 2699 2385 2773 operatio
2425 2702 2512 2756 est
2545 2699 2913 2758 ratiocinatio
2933 2743 2952 2773 ,
2983 2700 3107 2757 sive
3137 2699 3512 2758 deliberatiO.

1972 2792 2051 2859 De
2079 2791 2288 2866 primis
2311 2792 2555 2851 funibus
2580 2793 2836 2867 legimus
2862 2796 2884 2830 ⁶
2913 2813 2929 2851 ε
2966 2813 2996 2847 ι(
3020 2796 3211 2851 Funes
3239 2793 3517 2852 extende-

1973 2890 2112 2944 runt
2135 2886 2199 2944 in
2214 2886 2501 2961 laqueum
2530 2906 2545 2945 :
2576 2908 2604 2940 »
2631 2887 2910 2946 diabolus
2937 2887 3159 2962 quippe
3188 2887 3422 2945 nobiles
3445 2888 3516 2961 (b)

1972 2978 2144 3038 funes
2183 2980 2247 3037 in
2287 2981 2572 3055 laqueum
2607 2980 2905 3053 extendit,
2935 2997 3073 3039 cum
3097 2980 3162 3037 in
3187 2983 3354 3055 parte
3381 2981 3521 3038 irra-

1974 3074 2187 3132 tionali
2209 3074 2613 3133 irrationalem
2638 3078 2871 3132 motum
2901 3074 3182 3144 intendit,
3210 3091 3317 3150 per
3338 3090 3521 3150 quem

1975 3173 2206 3243 partem
2249 3169 2601 3228 rationalem
2639 3169 2967 3244 illaqueare
3007 3169 3274 3227 intendit.
3320 3172 3397 3226 De
3437 3185 3523 3227 se·

1979 3262 2190 3322 cundis
2217 3263 2471 3336 ⁸funibus
2514 3264 2841 3338 reperimus
2869 3305 2890 3336 ,
2932 3263 3100 3338 quod
3137 3263 3322 3322 Judoei
3367 3262 3524 3321 dixe-

1980 3362 2121 3415 runt
2160 3357 2430 3416 Samsoni
2455 3359 2725 3433 ipsorum
2759 3358 2949 3432 judici
2975 3360 2997 3394 ⁷
3029 3377 3044 3416 ε
3080 3377 3111 3413 α
3138 3361 3265 3416 Non
3288 3363 3343 3415 te
3373 3358 3526 3416 occi-

1983 3452 2194 3510 demus
2208 3495 2228 3525 ,
2256 3451 2364 3510 sed
2400 3452 2665 3510 vinctum
2691 3452 2995 3510 trademus
3010 3471 3030 3525 3
3074 3452 3523 3526 ligaveruntque

1984 3562 2124 3603 eum
2165 3545 2406 3604 duobus
2439 3546 2614 3604 novis
2656 3545 2919 3604 funibus,
2947 3567 2975 3602 ι»
3010 3548 3116 3603 Per
3143 3546 3390 3618 Judaeos,
3422 3545 3527 3619 qui
3575 3560 3736 3606 sudat.

1985 3640 2329 3698 confitentes
2366 3639 2855 3713 interpretantur,
2884 3639 3137 3714 quilibet
3172 3638 3382 3696 fideles
3419 3655 3530 3698 no-

1984 3738 2218 3807 tantur3
2247 3750 2356 3809 per
2380 3735 2688 3793 Samsonem
2725 3751 2935 3793 eorum
2955 3733 3223 3806 judicem
3250 3731 3528 3807 intelligi-

1986 3844 2123 3886 mus
2148 3829 2471 3902 rationem‚
2500 3845 2609 3903 per
2649 3845 2828 3904 quam
2871 3833 3157 3903 tanquam
3196 3844 3302 3901 per
3341 3828 3532 3886 solem

1987 3922 2332 3981 interiorem
2375 3922 2783 3981 illuminantur
2817 3922 3019 3980 :unde
3060 3924 3308 3981 Samson
3343 3924 3423 3979 sol
3455 3939 3535 3980 eo-

1988 4034 2110 4075 rum
2149 4017 2580 4090 interpretatur.
2612 4018 2859 4074 Samson
2882 4032 3025 4089 ergo
3055 4015 3293 4074 duobus
3318 4015 3536 4089 ligatur

1988 4110 2233 4169 funibus
2253 4154 2274 4183 ,
2319 4128 2456 4169 cum
2498 4110 2648 4168 ratio
2691 4109 2931 4169 duobus
2978 4110 3195 4183 ligatur
3229 4111 3492 4168 motibus
3517 4153 3537 4182 ,

1992 4204 2216 4263 scilicet
2269 4207 2437 4263 motu
2488 4203 2948 4262 irrationalitatis
3001 4203 3330 4262 irrationali
3359 4247 3380 4276 ,
3434 4204 3539 4279 qui

1995 4300 2211 4358 dicitur
2253 4299 2484 4374 primus
2522 4303 2718 4356 motus
2738 4316 2757 4370 3
2803 4301 2860 4355 et
2909 4303 3078 4356 motu
3131 4298 3541 4357 rationalitatis

1994 4409 2120 4452 non
2146 4391 2422 4453 rationali
2438 4435 2459 4465 ‚
2494 4392 2600 4467 qui
2635 4394 2880 4450 vocatur
2916 4407 3237 4451 consensus
3264 4390 3494 4450 subitus
3525 4410 3539 4449 ε

1997 4491 2055 4545 et
2102 4487 2392 4562 quoniam
2432 4490 2679 4561 uterque
2729 4488 2927 4543 motus
2971 4484 3221 4544 venialis
3265 4487 3387 4556 est,
3418 4499 3544 4542 non

1996 4580 2265 4639 mortalis
2292 4624 2312 4654 ,
2360 4580 2582 4638 idcirco
2625 4580 2874 4638 Samson
2917 4577 3092 4651 ligari
3133 4578 3379 4645 dicitur,
3421 4593 3544 4635 non

2000 4675 2211 4733 occidi.
2243 4678 2322 4732 De
2358 4673 2540 4733 tertiis
2575 4673 2819 4732 funibus
2845 4672 3035 4730 David
3060 4671 3355 4731 dicentem
3381 4672 3549 4730 novi·
3595 4686 3752 4732 David.

2000 4785 2135 4826 mus
2161 4770 2184 4804 ⁸
2224 4787 2239 4826 :
2282 4788 2311 4823 α
2349 4770 2541 4826 Funes
2585 4765 2801 4825 inferni
2844 4765 3367 4824 circumdederunt
3408 4781 3505 4822 me
3523 4785 3543 4838 ;

1999 4867 2567 4939 praeoccupaverunt
2587 4879 2684 4920 me
2707 4862 2906 4938 laquei
2926 4861 3151 4920 mortiS.
3167 4883 3195 4918 ι)
3217 4865 3324 4919 Per
3344 4862 3547 4934 David,

2005 4958 2110 5033 qui
2151 4974 2335 5015 manu
2372 4957 2540 5015 fortis
2584 4956 3039 5030 interpretatur,
3078 4955 3328 5030 quilibet
3359 4956 3550 5029 justus

2004 5054 2269 5127 signatur
2298 5072 2314 5111 :
2344 5051 2450 5127 qui
2472 5054 2700 5123 funibus
2725 5055 2930 5122 inferni
2955 5051 3171 5111 dicitur
3197 5052 3548 5125 circumdari,

2008 5148 2254 5222 quando
2291 5147 2371 5205 ad
2408 5149 2607 5205 actum
2645 5146 3011 5221 prohibitum
3049 5162 3158 5221 per
3198 5162 3551 5205 consensum

2009 5276 2031 5310 ⁸
2056 5273 2242 5334 Ere-od„
2269 5285 2417 5336 xx1v,
2448 5276 2525 5324 12.
2552 5300 2613 5312 -
2653 5276 2672 5305 ⁸
2700 5272 2839 5325 Psal.
2868 5283 3064 5324 cxxxix
3084 5309 3102 5335 ,
3130 5275 3178 5324 6.
3215 5299 3280 5309 —
3320 5274 3337 5304 ⁷
3370 5269 3551 5334 ladio„

2011 5358 2097 5409 ιν,
2129 5349 2205 5396 13.
2229 5370 2290 5383 -
2311 5347 2334 5383 ⁸
2358 5347 2398 5396 tt
2432 5347 2569 5411 Κεφ,
2587 5357 2719 5408 ¹111,
2747 5349 2798 5398 6.
2818 5372 2882 5383 -
2904 5345 2977 5410 (a)
3009 5343 3268 5396 adfat'en.
3289 5343 3555 5395 irrationa-

2007 5418 2142 5470 liter.
2169 5444 2232 5458 —
2265 5417 2334 5482 (ὁ)
2364 5419 2480 5483 Leq.
2509 5418 2746 5470 mobiles.
