4196 6294
1550 509 1914 579 PSALMUS
1958 509 2218 576 CXVIII.

289 650 431 712 dicit
457 654 475 690 ¹
511 671 525 710 :
564 669 592 705 α
618 651 942 709 Generosos
971 649 1203 707 animos
1230 649 1406 707 labor
1431 647 1632 707 nutrit.
1679 669 1707 702 »
1750 650 1829 705 De

285 746 502 823 primo,
540 744 648 802 ubi
676 743 889 801 dicitur
917 742 991 801 de
1027 742 1214 817 impio
1242 744 1266 777 ¹
1295 761 1310 801 ε
1346 762 1375 797 α
1400 741 1663 826 Terrebit
1691 758 1829 801 eum

283 840 608 911 tribulati0,
628 843 684 897 et
702 839 970 912 angustia
987 837 1234 897 vallabit
1252 854 1409 909 eum,
1435 836 1585 894 sicut
1603 852 1825 910 regem,

283 936 390 1011 qui
414 937 777 1009 praeparatur
806 932 886 990 ad
911 931 1182 1007 praelium
1207 950 1221 988 :
1256 953 1283 983 »
1316 931 1413 988 hic
1439 929 1742 989 tribulatio
1773 935 1829 989 et

283 1028 552 1103 angustia
575 1027 887 1097 toleratur,
933 1026 1040 1084 sed
1090 1026 1345 1083 tolerans
1389 1031 1714 1100 superatur.
1749 1028 1825 1083 De

281 1124 545 1183 secundo
574 1124 596 1159 ⁸
641 1140 657 1179 ε
703 1141 731 1174 «
775 1120 914 1190 Quis
958 1118 1258 1194 separabit
1306 1135 1417 1177 nos
1468 1135 1505 1177 a
1549 1119 1825 1178 charitate

279 1216 536 1278 Christi?
563 1215 889 1287 tribulati0,
920 1214 1320 1286 anangustia?
1340 1233 1370 1267 n
1395 1215 1504 1272 etc.
1527 1212 1626 1270 Hic
1642 1214 1827 1271 tribu-

278 1313 421 1372 latio
474 1314 531 1370 et
576 1307 848 1384 angustia
895 1308 1197 1380 toleratur,
1246 1308 1353 1366 sed
1398 1307 1656 1367 tolerans
1700 1324 1823 1367 non

280 1410 590 1479 superatur
608 1448 628 1478 ,
681 1403 968 1478 quoniam
1022 1420 1058 1461 a
1114 1405 1391 1463 charitate
1439 1404 1647 1463 Christi
1699 1421 1823 1462 non

278 1504 601 1576 separatur.
634 1503 711 1558 De
737 1500 906 1557 tertio
932 1500 954 1535 ⁴
988 1517 1002 1555 :
1041 1517 1070 1553 ε(
1096 1500 1289 1558 Mittite
1326 1499 1522 1558 virum
1549 1500 1726 1558 istum
1760 1499 1822 1558 in

280 1611 599 1664 carcerem,
628 1599 684 1652 et
709 1595 1022 1652 sustentate
1044 1610 1182 1651 eum
1211 1609 1365 1668 pane
1393 1593 1819 1665 tribulationiS,

278 1695 337 1750 et
364 1705 522 1764 aqua
560 1688 841 1762 angustias
885 1707 900 1745 ε
932 1707 961 1742 »
1000 1688 1097 1745 hic
1124 1688 1425 1746 tribulafio
1454 1694 1512 1745 et
1550 1688 1820 1761 angustia

277 1785 585 1854 toleratur,
615 1787 672 1840 et
698 1781 953 1841 tolerans
980 1797 1102 1840 non
1132 1785 1462 1856 superatur,
1493 1782 1599 1840 sed
1624 1783 1820 1857 potius

276 1881 645 1937 sustentatur.

748 2027 1033 2083 Articulus
1060 2024 1340 2082 secundus.

344 2160 678 2220 Secundum
732 2160 1117 2231 subnotatur,
1173 2176 1310 2217 oum
1365 2159 1753 2218 subscribitur
1798 2179 1813 2218 :

270 2260 590 2317 Invenerunt
614 2271 726 2325 me,
757 2254 926 2329 quasi
955 2269 1075 2312 non
1101 2252 1491 2324 dubitantem,
1518 2268 1641 2311 non
1672 2253 1813 2312 dor-

270 2351 614 2419 mitantem,
667 2348 772 2405 sed
816 2350 1047 2405 strenue
1102 2347 1477 2405 militantem.
1523 2351 1589 2406 Et
1639 2352 1815 2422 nota,

271 2446 439 2522 quod
465 2442 705 2502 tentatio
751 2441 977 2499 invenit
1015 2440 1357 2512 hominem,
1398 2442 1497 2499 vel
1531 2443 1814 2501 Dominus

268 2556 375 2614 per
404 2537 784 2596 tentationem
820 2535 1117 2593 interdum
1144 2537 1470 2604 errantem,
1512 2536 1812 2594 interdum

268 2633 691 2702 dormientem,
722 2631 1022 2688 interdum
1059 2629 1441 2702 vigilantem:
1474 2634 1671 2689 errant
1695 2631 1809 2688 im-

267 2727 533 2802 providi,
583 2724 886 2783 dormiunt
918 2724 1203 2797 invalidi,
1249 2724 1495 2798 vigilant
1540 2725 1806 2784 virtuosi.

264 2823 524 2879 Primum
550 2821 837 2894 figuratur
864 2819 885 2855 ⁸
924 2838 939 2875 :
975 2837 1004 2873 α
1042 2818 1269 2876 Invenit
1308 2835 1446 2876 eum
1477 2819 1568 2877 vir
1607 2835 1807 2877 erran-

267 2920 385 2974 tem
411 2915 475 2972 in
514 2930 691 2988 agr03
731 2935 761 2969 »
799 2913 906 2971 ubi
940 2917 1178 2970 notatur
1215 2913 1477 2971 inventio
1523 2914 1807 2988 cujusque

265 3009 511 3068 errantis
549 3025 658 3083 per
692 3007 1174 3082 imprudentiam.
1226 3007 1563 3065 Secundum
1608 3008 1806 3081 signa-

263 3110 357 3164 tur
395 3106 416 3140 ⁸
448 3121 463 3162 :
516 3122 544 3158 α
584 3102 769 3175 Venit,
819 3105 875 3159 et
918 3101 1142 3160 invenit
1186 3117 1289 3159 eos
1333 3101 1692 3160 dormientes
1709 3122 1727 3176 ;
1771 3123 1799 3158 υ

262 3199 368 3257 ubi
412 3199 647 3256 notatur
687 3196 945 3253 inventio
996 3195 1416 3254 dormientium
1453 3212 1560 3270 per
1599 3197 1805 3255 incon-

261 3293 553 3351 stantiam.
591 3290 846 3348 Tertium
882 3290 1211 3348 insinuatur
1254 3291 1275 3327 ⁷
1314 3308 1328 3347 :
1375 3311 1405 3345 α
1452 3292 1606 3349 Beati
1648 3294 1804 3350 servi

259 3387 370 3460 illi,
393 3402 546 3461 quos
572 3401 709 3442 cum
736 3383 964 3442 venerit
987 3383 1269 3441 Dominus
1282 3428 1302 3458 ,
1333 3383 1624 3443 invenerit
1649 3387 1802 3459 vigi-

258 3481 482 3538 lantes:
512 3499 539 3533 »
574 3479 682 3538 ubi
717 3482 953 3537 notatur
994 3477 1254 3536 inventio
1290 3479 1666 3552 vigilantium
1693 3496 1801 3554 per

258 3575 579 3634 virtuosam
607 3572 941 3632 tentationis
973 3571 1299 3630 victoriam.

761 3734 1049 3791 Articulus
1087 3734 1300 3790 tertius.

325 3858 577 3918 Tertium
607 3860 977 3929 connotatur,
1007 3872 1144 3915 cum
1171 3856 1445 3916 scribitur
1475 3876 1489 3914 :
1526 3860 1798 3918 Mandata

255 3959 371 4012 tua.
398 3957 540 4012 Ecce
581 3952 838 4026 gratiosa
866 3951 1353 4009 considerationis
1390 3953 1655 4011 materia.
1684 3956 1796 4012 Nec

254 4049 411 4107 enim
438 4048 562 4105 sine
593 4047 854 4104 maxima
896 4045 1084 4118 gratia
1110 4046 1287 4103 nobis
1313 4048 1796 4107 recommendata

253 4148 387 4200 sunt
427 4142 551 4200 haec
578 4141 879 4198 mandata.
911 4142 979 4198 Et
1013 4143 1187 4212 nota,
1218 4140 1383 4214 quod
1412 4140 1475 4197 in
1502 4142 1795 4199 mandatis

251 4240 499 4314 possunt
530 4235 891 4295 considerari
933 4234 1045 4293 tria
1060 4255 1077 4306 ;
1107 4234 1378 4293 videlicet
1406 4234 1610 4295 divina
1635 4238 1791 4295 noti-

252 4331 352 4402 tia,
381 4330 801 4402 coambulatio,
835 4332 892 4386 et
923 4328 1390 4402 commanentia:
1436 4329 1613 4403 quia,
1649 4333 1792 4389 teste

249 4427 424 4485 beato
451 4428 704 4496 Joanne,
731 4424 779 4481 si
807 4422 1091 4481 mandata
1120 4438 1443 4496 servemus,
1476 4424 1790 4484 Dominum

249 4518 681 4592 cognoscimuS,
712 4517 959 4575 Domino
984 4515 1438 4576 coambulamus
1458 4522 1513 4575 et
1539 4520 1789 4579 Domino

249 4627 716 4672 commanemus
761 4614 838 4668 De
880 4610 1074 4684 primo
1114 4608 1136 4643 ⁸
1189 4626 1204 4664 ε
1258 4630 1286 4665 α
1316 4616 1380 4670 In
1417 4611 1534 4671 hoc
1574 4614 1790 4671 scimus

248 4706 534 4782 quoniam
572 4704 985 4777 cognoscimus
1032 4720 1206 4776 eum,
1238 4704 1288 4761 si
1331 4707 1616 4765 mandata
1662 4709 1789 4781 eJus

246 4817 544 4859 servemus
561 4819 578 4872 ;
628 4820 656 4856 »
714 4814 845 4856 ecce
889 4798 1085 4871 prima
1132 4798 1553 4859 mandatorum
1602 4803 1787 4861 conti-

245 4894 466 4967 nentia,
496 4893 716 4952 scilicet
740 4892 840 4950 Dei
867 4892 1093 4951 notitia.
1115 4895 1193 4951 De
1222 4893 1483 4952 secundo
1504 4898 1527 4932 ⁹
1558 4914 1572 4952 ε
1610 4916 1638 4950 α
1658 4899 1787 4954 Haec

246 4990 332 5047 est
353 4988 623 5057 charitas,
655 4990 718 5045 ut
745 4986 1122 5044 ambulemus
1148 4987 1478 5046 secundum
1506 4990 1790 5050 mandata

247 5083 373 5156 ejus
402 5100 416 5138 ε
447 5102 475 5137 n
521 5097 659 5140 ecce
694 5079 1117 5138 mandatorum
1143 5080 1536 5154 continentia,
1567 5084 1789 5144 scilicet

245 5173 667 5233 coambulandi
708 5174 916 5247 gratia.
948 5176 1025 5231 De
1053 5174 1220 5232 tertio
1260 5175 1305 5213 ¹⁰
1350 5195 1366 5232 :
1402 5196 1431 5230 α
1459 5176 1568 5246 Qui
1597 5184 1790 5239 servat

311 5325 323 5354 ¹
356 5325 560 5388 Senem,
585 5325 751 5388 Epist.
781 5334 931 5374 1111.
959 5346 1021 5359 —·
1060 5324 1083 5359 ²
1110 5323 1228 5389 Job,
1256 5336 1344 5388 xv,
1376 5328 1453 5378 24.
1481 5354 1544 5365 —
1575 5327 1598 5363 ⁸
1624 5329 1783 5395 Rom„

244 5405 358 5456 vm,
389 5398 467 5445 35.
496 5421 559 5434 -
585 5397 603 5426 ⁴
636 5395 698 5445 ¹11
729 5396 868 5460 neq„
897 5406 1029 5459 xxxi,
1065 5398 1147 5448 27.
1166 5421 1228 5435 —
1254 5396 1271 5427 ⁵
1300 5398 1441 5456 Gen..
1471 5409 1674 5463 xxxvii,
1705 5405 1785 5453 15.

249 5493 305 5504 -—
332 5466 353 5500 ⁸
376 5467 554 5531 Ham,
579 5478 687 5531 xiv,
715 5469 794 5519 37.
818 5495 876 5509 —
900 5468 923 5505 '¹
948 5467 1066 5533 Luc,
1092 5479 1189 5533 111,
1224 5470 1301 5522 37.
1330 5496 1391 5508 —
1432 5471 1449 5501 ⁸
1486 5471 1501 5519 Ι
1528 5471 1694 5536 loen„
1722 5484 1783 5538 11,

3366 515 3479 579 801

1939 647 2221 705 mandata
2256 648 2416 720 ejus,
2451 649 2515 706 in
2549 649 2654 708 illo
2691 651 2921 723 manet,
2960 651 3019 708 et
3057 647 3186 724 ipse
3214 647 3277 706 in
3304 663 3378 707 00
3403 666 3420 706 :
3450 666 3479 704 ι

1937 757 2070 799 0000
2124 742 2294 799 tertia
2346 743 2765 804 mandatorum
2820 742 3212 815 continentia,
3266 740 3485 803 scilicet

1935 836 2389 895 commanentia.

2421 991 2707 1048 Articulus
2743 997 3001 1064 quartus.

2005 1120 2288 1189 Quartum
2303 1122 2664 1194 praenotatur
2677 1121 2773 1194 (a),
2787 1137 2924 1179 cum
2941 1120 3325 1195 perscribitur
3341 1138 3355 1180 ε
3369 1124 3483 1181 Me-

1933 1215 2135 1270 ditatio
2170 1229 2289 1270 mea
2318 1217 2412 1270 est.
2443 1213 2550 1271 Ubi
2579 1214 2887 1273 meditatio
2909 1258 2929 1287 ,
2956 1215 3042 1273 ibi
3066 1216 3479 1291 frequentatio.

1930 1310 1995 1366 In
2048 1306 2333 1365 mandato
2393 1308 2800 1382 frequentatur
2855 1309 3248 1369 consideratio
3275 1333 3296 1382 ‚·
3340 1312 3483 1387 quia

1928 1400 2071 1459 talia
2101 1417 2224 1458 non
2257 1404 2484 1459 tantum
2512 1407 2649 1462 sunt
2675 1403 3027 1478 operabilia,
3056 1406 3164 1463 sed
3199 1409 3255 1465 et
3281 1422 3479 1465 remu·

1928 1495 2222 1554 nerabilia
2236 1516 2255 1565 ς
2281 1498 2589 1570 operanda
2614 1514 2723 1572 per
2750 1499 3024 1572 gratiam,
3043 1501 3482 1560 remuneranda

1926 1606 2035 1664 per
2071 1590 2346 1662 gloriam.
2390 1590 2664 1650 Mandata
2688 1593 2866 1666 igitur
2892 1593 3197 1652 meditatio
3243 1594 3479 1667 dicitur,

1927 1683 2069 1757 quia
2098 1684 2174 1740 de
2203 1684 2674 1743 consideratione
2713 1686 3072 1761 operationis
3098 1686 3178 1745 ad
3207 1687 3479 1748 conside·

1925 1777 2219 1835 rationem
2246 1781 2741 1838 remunerationis
2768 1780 3022 1840 venitur.
3048 1783 3092 1840 Ο
3119 1780 3261 1840 felix
3287 1781 3479 1841 medi-

1923 1869 2102 1941 tatio,
2145 1870 2300 1928 intus
2335 1872 2582 1945 ardens,
2622 1873 2764 1932 foris
2797 1874 3038 1947 lucenS,
3081 1891 3317 1934 sursum
3363 1876 3475 1934 du-

1925 1980 2085 2035 0005,
2096 1981 2280 2039 quam
2296 1966 2578 2041 amando,
2589 1967 2832 2026 interius
2852 1968 3167 2029 inardescit
3177 1989 3198 2044 3
3219 1971 3472 2045 orando,

1922 2056 2247 2116 forinsecus
2284 2059 2558 2118 elucescit
2573 2081 2592 2133 3
2644 2062 2999 2136 suspirando
3018 2105 3038 2134 ,
3065 2080 3199 2138 quse
3239 2081 3472 2124 sursum

1923 2156 2057 2210 sunt
2085 2154 2466 2228 concupiscit.
2498 2158 2575 2212 De
2603 2155 2799 2230 primo
2832 2159 2875 2194 ¹¹
2911 2175 2973 2214 τα
2998 2160 3062 2216 ln
3090 2158 3469 2219 meditatione

1920 2265 2057 2308 mea
2111 2249 2452 2308 exardescet
2505 2251 2695 2324 ignis3
2724 2272 2752 2307 n
2801 2268 2934 2310 ecce
2971 2253 3275 2312 meditatio
3314 2254 3470 2315 intus

1922 2346 2157 2404 ardenS.
2205 2350 2283 2404 De
2329 2348 2591 2406 secundo
2640 2350 2933 2424 Propheta
2977 2349 3175 2424 psallit
3217 2348 3303 2407 ¹¹:
3344 2371 3374 2407 α
3401 2356 3471 2412 Et

1923 2444 2125 2512 erunt,
2176 2443 2242 2498 ut
2296 2442 2703 2515 complaceant
2753 2441 2993 2517 eloquia
3046 2443 3166 2501 oris
3211 2444 3360 2518 mei,
3412 2450 3469 2505 et

1920 2534 2226 2592 meditatio
2248 2534 2444 2593 cordis
2467 2536 2585 2594 mei
2603 2536 2666 2593 in
2685 2540 3003 2610 conspectu
3025 2540 3130 2595 tuo
3149 2553 3411 2613 semper:
3432 2561 3461 2597 »

1919 2643 2053 2686 ecce
2080 2628 2387 2688 meditatIo
2428 2629 2572 2688 foris
2613 2631 2836 2689 lucens.
2878 2635 2956 2690 De
2998 2631 3166 2690 tertio
3213 2632 3465 2692 eximius

1919 2722 2220 2781 citharista
2237 2724 2279 2758 ¹³
2297 2742 2351 2780 :a
2370 2725 2696 2799 Concupivi
2714 2725 2967 2785 salutare
2982 2730 3171 2799 tuum,
3193 2727 3459 2801 Domine,

1918 2821 1975 2876 et
2006 2817 2103 2874 lex
2129 2822 2229 2875 tua
2255 2818 2562 2878 meditatio
2592 2835 2728 2878 mea
2766 2823 2890 2879 est:
2932 2841 2963 2878 »
2995 2837 3129 2880 ecce
3156 2820 3459 2881 meditatio

1916 2927 2154 2970 sursum
2179 2912 2420 2970 ducens.

2559 3071 2816 3137 Epilogus.

1983 3199 2074 3258 Ait
2102 3214 2241 3273 ergo
2282 3198 2575 3272 Propheta
2608 3198 2670 3256 in
2697 3197 2921 3258 militiae
2947 3206 3288 3263 memorata:
3321 3221 3460 3280 per-

1911 3312 2060 3355 sona
2109 3315 2124 3352 :
2187 3296 2490 3352 Tribulatio
2553 3300 2602 3351 et
2675 3300 2932 3368 anqustia
2950 3341 2971 3370 ,
3027 3304 3315 3373 quantum
3377 3302 3457 3359 ad

1910 3389 2220 3459 malitiam,
2264 3404 2395 3462 quoe
2431 3389 2716 3448 toleratur
2731 3409 2750 3463 3
2780 3394 3101 3450 Invenerunt
3131 3411 3235 3467 me,
3264 3409 3456 3470 quan-

1909 3487 2035 3543 tum
2064 3484 2144 3542 ad
2172 3483 2557 3559 sapientiam,
2587 3500 2694 3559 per
2717 3501 2901 3559 quam
2928 3492 3237 3561 superatur
3245 3507 3264 3561 3
3295 3491 3456 3548 Man-

1908 3580 2043 3637 data
2074 3585 2205 3651 tua,
2235 3582 2526 3653 quantum
2572 3578 2652 3636 ad
2685 3578 2981 3659 gratiam,
3010 3598 3144 3656 quse
3182 3583 3454 3644 conside-

1907 3677 2070 3733 ratur
2083 3693 2103 3746 3
2144 3673 2435 3730 Meditatio
2469 3689 2590 3730 mea
2620 3678 2720 3747 est,
2749 3678 3040 3748 quantum
3067 3677 3146 3735 ad
3171 3676 3448 3753 gloriam,

1909 3784 2042 3842 quae
2067 3770 2396 3843 superatur.

2439 3932 2774 3978 vnusmums
2809 3935 2933 3980 xvl.

1976 4049 2101 4104 144.
2132 4048 2380 4119 AEquitas
2412 4048 2721 4103 testimonia
2762 4053 2886 4118 tua,
2937 4051 3045 4107 etc.
3103 4050 3449 4112 patientium

1906 4140 2352 4200 coronationem
2379 4140 2649 4213 superius
2668 4140 3004 4201 audivimus
3013 4162 3032 4214 3
3067 4151 3355 4220 superest,
3385 4152 3450 4207 ut

1904 4234 2463 4293 condemnationem
2498 4232 2929 4307 impatientium
2965 4237 3298 4298 audiamus.
3330 4240 3448 4300 Cir·

1904 4346 1975 4388 ca
2000 4331 2347 4404 praesentem
2366 4327 2926 4401 contemplationem
2952 4330 3448 4409 psalmographus

1902 4439 2083 4498 supra
2110 4439 2172 4480 se
2196 4422 2560 4492 sublevatus,
2588 4421 2806 4481 vidisse
2827 4423 3065 4483 videtur
3085 4428 3442 4504 aequitatem,

1901 4523 1960 4578 et
1987 4519 2137 4577 duas
2165 4517 2291 4590 ejus
2327 4515 2550 4588 socias,
2586 4531 2718 4590 quae
2744 4521 2881 4576 sunt
2906 4520 3156 4595 veritas,
3187 4526 3246 4581 et
3277 4539 3442 4583 seve-

1898 4614 2083 4672 ritas:
2134 4626 2389 4685 quarum
2428 4609 2594 4684 prior
2637 4614 2723 4668 est
2767 4612 3103 4686 inquitatem
3143 4614 3439 4692 dirigens,

1898 4707 2189 4783 posterior
2243 4705 2519 4763 eamdem
2569 4718 2886 4779 exequens.
2931 4709 3151 4769 Veritas
3195 4712 3441 4787 quidem

1900 4802 2104 4860 divina
2133 4799 2497 4871 testimonia,
2522 4802 2809 4873 tanquam
2839 4801 2979 4874 jnra
3003 4803 3260 4863 coelestia
3286 4806 3440 4867 circa

1896 4911 2138 4955 reorum
2175 4892 2465 4968 supplicia
2493 4892 2812 4966 indicabat,
2848 4895 3241 4972 testificando,
3271 4900 3440 4975 quod

1896 4993 2124 5049 aeternae
2155 4987 2301 5060 legis
2321 4985 2724 5062 praevaricatio
2745 5029 2767 5059 ,
2796 4990 2853 5047 et
2886 4990 3088 5049 aeterni
3114 4994 3271 5067 regis
3298 5011 3442 5070 prae-

1892 5083 2179 5156 jndicatio
2236 5081 2455 5139 debent
2491 5083 2709 5139 oeterno
2772 5081 3060 5144 vindicari
3120 5088 3435 5163 supplicio.

1897 5178 2054 5237 Sicut
2076 5179 2274 5235 autem
2301 5174 2510 5233 veritas
2540 5173 2877 5250 indicabat,
2902 5177 2987 5236 sic
3010 5180 3258 5256 aequitas
3280 5184 3440 5257 judi.

1899 5308 1945 5356 3.
1974 5329 2039 5343 --
2068 5304 2088 5334 ⁸
2118 5303 2160 5353 11
2193 5302 2356 5365 loon„
2388 5302 2436 5349 6.
2467 5325 2524 5337 —
2557 5299 2644 5351 ¹⁰1
2678 5303 2840 5369 loen„
2884 5315 2975 5369 111,
3002 5307 3081 5358 24.
3117 5333 3181 5347 —
3219 5309 3255 5344 ¹¹
3291 5310 3437 5362 Ptol.

1897 5386 2122 5437 xxxvtu,
2153 5376 2201 5425 4.
2222 5396 2285 5408 —
2317 5373 2358 5408 ¹¹
2381 5370 2522 5424 Psal.
2550 5384 2701 5435 nm,
2733 5377 2812 5427 15.
2835 5401 2897 5414 —
2929 5376 2970 5414 ¹⁸
2994 5377 3140 5432 Peal.
3168 5380 3296 5451 hoc,
3329 5383 3435 5437 ¹7⁴.

1963 5469 2030 5535 (α)
2059 5466 2200 5522 Edit.
2237 5466 2352 5517 Ven.
2380 5467 2693 5533 pernotatur.
