<?xml version="1.0" encoding="UTF-8"?>
<!DOCTYPE html PUBLIC "-//W3C//DTD XHTML 1.0 Transitional//EN"
    "http://www.w3.org/TR/xhtml1/DTD/xhtml1-transitional.dtd">
<html xmlns="http://www.w3.org/1999/xhtml" xml:lang="en" lang="en">
 <head>
  <title>
</title>
<meta http-equiv="Content-Type" content="text/html;charset=utf-8" />
  <meta name='ocr-system' content='tesseract 3.04.00' />
  <meta name='ocr-capabilities' content='ocr_page ocr_carea ocr_par ocr_line ocrx_word'/>
</head>
<body>
  <div class='ocr_page' id='page_1' title='image "./srecardinalissb00cargoog_0149.png"; bbox 0 0 4196 6294; ppageno 0'>
   <div class='ocr_carea' id='block_1_1' title="bbox 402 569 1945 776">
    <p class='ocr_par' dir='ltr' id='par_1_1' title="bbox 402 569 1945 776">
     <span class='ocr_line' id='line_1_1' title="bbox 406 569 1945 683; baseline 0.027 -55"><span class='ocrx_word' id='word_1_1' title='bbox 406 569 627 633; x_wconf 87' lang='lat' dir='ltr'><strong>cantus</strong></span> <span class='ocrx_word' id='word_1_2' title='bbox 644 617 665 650; x_wconf 91' lang='lat'>‚</span> <span class='ocrx_word' id='word_1_3' title='bbox 715 574 869 656; x_wconf 87' lang='lat' dir='ltr'><strong>quia</strong></span> <span class='ocrx_word' id='word_1_4' title='bbox 907 578 989 642; x_wconf 87' lang='lat' dir='ltr'><strong>ad</strong></span> <span class='ocrx_word' id='word_1_5' title='bbox 1034 579 1177 647; x_wconf 90' lang='lat' dir='ltr'><strong>illos</strong></span> <span class='ocrx_word' id='word_1_6' title='bbox 1232 585 1515 668; x_wconf 80' lang='lat' dir='ltr'>fulgores</span> <span class='ocrx_word' id='word_1_7' title='bbox 1557 614 1687 662; x_wconf 94' lang='lat' dir='ltr'><strong>non</strong></span> <span class='ocrx_word' id='word_1_8' title='bbox 1738 606 1945 683; x_wconf 86' lang='lat' dir='ltr'><strong>potest</strong></span> 
     </span>
     <span class='ocr_line' id='line_1_2' title="bbox 402 677 1943 776; baseline 0.027 -40"><span class='ocrx_word' id='word_1_9' title='bbox 402 677 726 755; x_wconf 88' lang='lat' dir='ltr'><strong>perveniri</strong></span> <span class='ocrx_word' id='word_1_10' title='bbox 766 682 891 747; x_wconf 88' lang='lat' dir='ltr'><strong>nisi</strong></span> <span class='ocrx_word' id='word_1_11' title='bbox 941 704 1056 767; x_wconf 90' lang='lat' dir='ltr'><strong>per</strong></span> <span class='ocrx_word' id='word_1_12' title='bbox 1098 707 1407 760; x_wconf 87' lang='lat' dir='ltr'><strong>amorem.</strong></span> <span class='ocrx_word' id='word_1_13' title='bbox 1453 698 1611 766; x_wconf 90' lang='lat' dir='ltr'><strong>Item</strong></span> <span class='ocrx_word' id='word_1_14' title='bbox 1658 714 1943 776; x_wconf 87' lang='lat' dir='ltr'><strong>contem-</strong></span> 
     </span>
    </p>
   </div>
   <div class='ocr_carea' id='block_1_2' title="bbox 388 996 1938 1527">
    <p class='ocr_par' dir='ltr' id='par_1_2' title="bbox 388 996 1938 1527">
     <span class='ocr_line' id='line_1_3' title="bbox 395 996 1938 1104; baseline 0.027 -45"><span class='ocrx_word' id='word_1_15' title='bbox 395 996 624 1079; x_wconf 89' lang='lat' dir='ltr'><strong>ligitur</strong></span> <span class='ocrx_word' id='word_1_16' title='bbox 665 1022 781 1085; x_wconf 89' lang='lat' dir='ltr'><strong>per</strong></span> <span class='ocrx_word' id='word_1_17' title='bbox 819 1006 1026 1073; x_wconf 88' lang='lat' dir='ltr'><strong>lucem</strong></span> <span class='ocrx_word' id='word_1_18' title='bbox 1072 1012 1405 1084; x_wconf 90' lang='lat' dir='ltr'><strong>lunarem:</strong></span> <span class='ocrx_word' id='word_1_19' title='bbox 1440 1025 1555 1104; x_wconf 88' lang='lat' dir='ltr'><strong>qui</strong></span> <span class='ocrx_word' id='word_1_20' title='bbox 1587 1045 1716 1092; x_wconf 92' lang='lat' dir='ltr'><strong>non</strong></span> <span class='ocrx_word' id='word_1_21' title='bbox 1757 1036 1938 1099; x_wconf 85' lang='lat' dir='ltr'><strong>novit</strong></span> 
     </span>
     <span class='ocr_line' id='line_1_4' title="bbox 396 1103 1929 1214; baseline 0.026 -47"><span class='ocrx_word' id='word_1_22' title='bbox 396 1103 586 1188; x_wconf 89' lang='lat' dir='ltr'><strong>hanc,</strong></span> <span class='ocrx_word' id='word_1_23' title='bbox 617 1128 747 1175; x_wconf 93' lang='lat' dir='ltr'><strong>non</strong></span> <span class='ocrx_word' id='word_1_24' title='bbox 776 1118 977 1195; x_wconf 88' lang='lat' dir='ltr'><strong>potest</strong></span> <span class='ocrx_word' id='word_1_25' title='bbox 1003 1121 1352 1205; x_wconf 84' lang='lat' dir='ltr'>quidquam</span> <span class='ocrx_word' id='word_1_26' title='bbox 1374 1136 1929 1214; x_wconf 82' lang='lat' dir='ltr'><strong>comprehendere.</strong></span> 
     </span>
     <span class='ocr_line' id='line_1_5' title="bbox 396 1210 1936 1318; baseline 0.025 -42"><span class='ocrx_word' id='word_1_27' title='bbox 396 1210 572 1280; x_wconf 88' lang='lat' dir='ltr'><strong>Unde</strong></span> <span class='ocrx_word' id='word_1_28' title='bbox 598 1236 729 1283; x_wconf 91' lang='lat' dir='ltr'><strong>non</strong></span> <span class='ocrx_word' id='word_1_29' title='bbox 764 1228 858 1287; x_wconf 90' lang='lat' dir='ltr'><strong>est</strong></span> <span class='ocrx_word' id='word_1_30' title='bbox 891 1232 1189 1294; x_wconf 90' lang='lat' dir='ltr'><strong>ornatum</strong></span> <span class='ocrx_word' id='word_1_31' title='bbox 1230 1234 1495 1318; x_wconf 86' lang='lat' dir='ltr'><strong>coelum‚</strong></span> <span class='ocrx_word' id='word_1_32' title='bbox 1535 1242 1661 1305; x_wconf 91' lang='lat' dir='ltr'><strong>nisi</strong></span> <span class='ocrx_word' id='word_1_33' title='bbox 1703 1246 1936 1315; x_wconf 84' lang='lat' dir='ltr'><strong>haheat</strong></span> 
     </span>
     <span class='ocr_line' id='line_1_6' title="bbox 391 1319 1933 1422; baseline 0.026 -39"><span class='ocrx_word' id='word_1_34' title='bbox 391 1319 709 1390; x_wconf 89' lang='lat' dir='ltr'><strong>luminare</strong></span> <span class='ocrx_word' id='word_1_35' title='bbox 751 1333 962 1414; x_wconf 91' lang='lat' dir='ltr'><strong>majus</strong></span> <span class='ocrx_word' id='word_1_36' title='bbox 1008 1338 1072 1399; x_wconf 89' lang='lat' dir='ltr'><strong>et</strong></span> <span class='ocrx_word' id='word_1_37' title='bbox 1111 1336 1432 1408; x_wconf 89' lang='lat' dir='ltr'><strong>luminare</strong></span> <span class='ocrx_word' id='word_1_38' title='bbox 1474 1348 1707 1414; x_wconf 83' lang='lat' dir='ltr'><strong>minus.</strong></span> <span class='ocrx_word' id='word_1_39' title='bbox 1758 1354 1933 1422; x_wconf 87' lang='lat' dir='ltr'><strong>Unde</strong></span> 
     </span>
     <span class='ocr_line' id='line_1_7' title="bbox 388 1425 1927 1527; baseline 0.025 -38"><span class='ocrx_word' id='word_1_40' title='bbox 388 1425 662 1496; x_wconf 87' lang='lat' dir='ltr'><strong>Joannes</strong></span> <span class='ocrx_word' id='word_1_41' title='bbox 715 1435 864 1501; x_wconf 89' lang='lat' dir='ltr'><strong>dicit</strong></span> <span class='ocrx_word' id='word_1_42' title='bbox 903 1444 921 1478; x_wconf 87' lang='lat'><strong>¹</strong></span> <span class='ocrx_word' id='word_1_43' title='bbox 969 1466 984 1507; x_wconf 93' lang='lat'><strong>:</strong></span> <span class='ocrx_word' id='word_1_44' title='bbox 1044 1468 1074 1507; x_wconf 77' lang='grc' dir='ltr'><strong>α</strong></span> <span class='ocrx_word' id='word_1_45' title='bbox 1132 1445 1272 1511; x_wconf 90' lang='lat' dir='ltr'><strong>Vidi</strong></span> <span class='ocrx_word' id='word_1_46' title='bbox 1321 1451 1647 1520; x_wconf 87' lang='lat' dir='ltr'><strong>civitatem</strong></span> <span class='ocrx_word' id='word_1_47' title='bbox 1698 1458 1927 1527; x_wconf 87' lang='lat' dir='ltr'><strong>Hieru-</strong></span> 
     </span>
    </p>
   </div>
   <div class='ocr_carea' id='block_1_3' title="bbox 388 1536 1930 1639">
    <p class='ocr_par' dir='ltr' id='par_1_3' title="bbox 388 1536 1930 1639">
     <span class='ocr_line' id='line_1_8' title="bbox 388 1536 1930 1639; baseline 0.024 -40"><span class='ocrx_word' id='word_1_48' title='bbox 388 1536 586 1602; x_wconf 85' lang='lat' dir='ltr'><strong>salem</strong></span> <span class='ocrx_word' id='word_1_49' title='bbox 612 1563 643 1600; x_wconf 71' lang='lat' dir='ltr'>n</span> <span class='ocrx_word' id='word_1_50' title='bbox 673 1562 803 1608; x_wconf 92' lang='lat' dir='ltr'><strong>non</strong></span> <span class='ocrx_word' id='word_1_51' title='bbox 823 1547 1030 1614; x_wconf 88' lang='lat' dir='ltr'><strong>solum</strong></span> <span class='ocrx_word' id='word_1_52' title='bbox 1050 1556 1341 1639; x_wconf 84' lang='lat' dir='ltr'><strong>stantem,</strong></span> <span class='ocrx_word' id='word_1_53' title='bbox 1367 1561 1498 1625; x_wconf 90' lang='lat' dir='ltr'><strong>imo</strong></span> <span class='ocrx_word' id='word_1_54' title='bbox 1522 1566 1714 1629; x_wconf 88' lang='lat' dir='ltr'><strong>etiam</strong></span> <span class='ocrx_word' id='word_1_55' title='bbox 1745 1593 1775 1629; x_wconf 71' lang='grc' dir='ltr'><strong>(ι</strong></span> <span class='ocrx_word' id='word_1_56' title='bbox 1795 1572 1930 1636; x_wconf 88' lang='lat' dir='ltr'><strong>des-</strong></span> 
     </span>
    </p>
   </div>
   <div class='ocr_carea' id='block_1_4' title="bbox 141 2289 1917 2833">
    <p class='ocr_par' dir='ltr' id='par_1_4' title="bbox 141 2289 1917 2833">
     <span class='ocr_line' id='line_1_9' title="bbox 377 2289 1917 2402; baseline 0.028 -51"><span class='ocrx_word' id='word_1_57' title='bbox 377 2289 528 2354; x_wconf 90' lang='lat' dir='ltr'><strong>solis</strong></span> <span class='ocrx_word' id='word_1_58' title='bbox 557 2313 686 2360; x_wconf 92' lang='lat' dir='ltr'><strong>non</strong></span> <span class='ocrx_word' id='word_1_59' title='bbox 711 2297 903 2366; x_wconf 87' lang='lat' dir='ltr'><strong>habet</strong></span> <span class='ocrx_word' id='word_1_60' title='bbox 930 2307 1443 2380; x_wconf 81' lang='lat' dir='ltr'><strong>tenebrositatem</strong></span> <span class='ocrx_word' id='word_1_61' title='bbox 1474 2318 1543 2382; x_wconf 91' lang='lat' dir='ltr'><strong>in</strong></span> <span class='ocrx_word' id='word_1_62' title='bbox 1569 2340 1659 2402; x_wconf 91' lang='lat' dir='ltr'><strong>se,</strong></span> <span class='ocrx_word' id='word_1_63' title='bbox 1689 2325 1824 2391; x_wconf 88' lang='lat' dir='ltr'><strong>sive</strong></span> <span class='ocrx_word' id='word_1_64' title='bbox 1848 2329 1917 2393; x_wconf 91' lang='lat' dir='ltr'><strong>in</strong></span> 
     </span>
     <span class='ocr_line' id='line_1_10' title="bbox 375 2402 1914 2503; baseline 0.027 -44"><span class='ocrx_word' id='word_1_65' title='bbox 375 2415 494 2462; x_wconf 92' lang='lat' dir='ltr'><strong>suo</strong></span> <span class='ocrx_word' id='word_1_66' title='bbox 520 2402 724 2485; x_wconf 85' lang='lat' dir='ltr'><strong>fonte;</strong></span> <span class='ocrx_word' id='word_1_67' title='bbox 766 2409 876 2472; x_wconf 85' lang='lat' dir='ltr'><strong>sed</strong></span> <span class='ocrx_word' id='word_1_68' title='bbox 911 2411 978 2475; x_wconf 90' lang='lat' dir='ltr'><strong>in</strong></span> <span class='ocrx_word' id='word_1_69' title='bbox 1012 2413 1198 2497; x_wconf 89' lang='lat' dir='ltr'><strong>luna,</strong></span> <span class='ocrx_word' id='word_1_70' title='bbox 1226 2439 1374 2503; x_wconf 83' lang='lat' dir='ltr'><strong>quae</strong></span> <span class='ocrx_word' id='word_1_71' title='bbox 1407 2425 1597 2493; x_wconf 90' lang='lat' dir='ltr'><strong>hahet</strong></span> <span class='ocrx_word' id='word_1_72' title='bbox 1624 2432 1914 2498; x_wconf 87' lang='lat' dir='ltr'><strong>ohscuri-</strong></span> 
     </span>
     <span class='ocr_line' id='line_1_11' title="bbox 374 2510 1914 2608; baseline 0.027 -40"><span class='ocrx_word' id='word_1_73' title='bbox 374 2510 604 2588; x_wconf 89' lang='lat' dir='ltr'><strong>tatem,</strong></span> <span class='ocrx_word' id='word_1_74' title='bbox 645 2516 708 2576; x_wconf 88' lang='lat' dir='ltr'><strong>et</strong></span> <span class='ocrx_word' id='word_1_75' title='bbox 748 2532 881 2580; x_wconf 92' lang='lat' dir='ltr'><strong>non</strong></span> <span class='ocrx_word' id='word_1_76' title='bbox 921 2525 1019 2584; x_wconf 90' lang='lat' dir='ltr'><strong>est</strong></span> <span class='ocrx_word' id='word_1_77' title='bbox 1061 2523 1431 2608; x_wconf 89' lang='lat' dir='ltr'><strong>simpliciter</strong></span> <span class='ocrx_word' id='word_1_78' title='bbox 1476 2534 1663 2601; x_wconf 90' lang='lat' dir='ltr'><strong>clara.</strong></span> <span class='ocrx_word' id='word_1_79' title='bbox 1716 2539 1818 2606; x_wconf 89' lang='lat' dir='ltr'><strong>Sic</strong></span> <span class='ocrx_word' id='word_1_80' title='bbox 1844 2543 1914 2607; x_wconf 92' lang='lat' dir='ltr'><strong>in</strong></span> 
     </span>
     <span class='ocr_line' id='line_1_12' title="bbox 375 2613 1911 2727; baseline 0.026 -50"><span class='ocrx_word' id='word_1_81' title='bbox 375 2613 646 2683; x_wconf 80' lang='lat' dir='ltr'><strong>Ecclesia</strong></span> <span class='ocrx_word' id='word_1_82' title='bbox 707 2625 1056 2706; x_wconf 79' lang='lat' dir='ltr'><strong>militante,</strong></span> <span class='ocrx_word' id='word_1_83' title='bbox 1112 2633 1180 2696; x_wconf 90' lang='lat' dir='ltr'><strong>in</strong></span> <span class='ocrx_word' id='word_1_84' title='bbox 1228 2656 1363 2727; x_wconf 66' lang='lat' dir='ltr'><strong>gua</strong></span> <span class='ocrx_word' id='word_1_85' title='bbox 1421 2647 1516 2706; x_wconf 88' lang='lat' dir='ltr'><strong>est</strong></span> <span class='ocrx_word' id='word_1_86' title='bbox 1567 2648 1783 2713; x_wconf 89' lang='lat' dir='ltr'><strong>radius</strong></span> <span class='ocrx_word' id='word_1_87' title='bbox 1843 2653 1911 2717; x_wconf 91' lang='lat' dir='ltr'><strong>in</strong></span> 
     </span>
     <span class='ocr_line' id='line_1_13' title="bbox 141 2725 1909 2833; baseline 0.025 -51"><span class='ocrx_word' id='word_1_88' title='bbox 141 2741 349 2787; x_wconf 62' lang='lat' dir='ltr'><strong>anau-1·</strong></span> <span class='ocrx_word' id='word_1_89' title='bbox 372 2725 602 2805; x_wconf 87' lang='lat' dir='ltr'><strong>figuris</strong></span> <span class='ocrx_word' id='word_1_90' title='bbox 630 2733 693 2793; x_wconf 84' lang='lat' dir='ltr'><strong>et</strong></span> <span class='ocrx_word' id='word_1_91' title='bbox 719 2731 785 2795; x_wconf 91' lang='lat' dir='ltr'><strong>in</strong></span> <span class='ocrx_word' id='word_1_92' title='bbox 814 2734 1294 2816; x_wconf 85' lang='lat' dir='ltr'><strong>aenigmatihus.</strong></span> <span class='ocrx_word' id='word_1_93' title='bbox 1342 2746 1759 2833; x_wconf 85' lang='lat' dir='ltr'><strong>Comparatur</strong></span> <span class='ocrx_word' id='word_1_94' title='bbox 1784 2758 1909 2824; x_wconf 91' lang='lat' dir='ltr'><strong>Ec-</strong></span> 
     </span>
    </p>
   </div>
   <div class='ocr_carea' id='block_1_5' title="bbox 113 2804 1903 2944">
    <p class='ocr_par' dir='ltr' id='par_1_5' title="bbox 113 2804 1903 2944">
     <span class='ocr_line' id='line_1_14' title="bbox 113 2804 1903 2944; baseline 0.025 -55"><span class='ocrx_word' id='word_1_95' title='bbox 113 2804 335 2911; x_wconf 44' lang='grc' dir='ltr'><strong>ἓξὲξ</strong></span> <span class='ocrx_word' id='word_1_96' title='bbox 371 2831 559 2896; x_wconf 88' lang='lat' dir='ltr'><strong>clesia</strong></span> <span class='ocrx_word' id='word_1_97' title='bbox 599 2837 879 2904; x_wconf 87' lang='lat' dir='ltr'><strong>militans</strong></span> <span class='ocrx_word' id='word_1_98' title='bbox 922 2841 1099 2910; x_wconf 81' lang='lat' dir='ltr'><strong>lunae</strong></span> <span class='ocrx_word' id='word_1_99' title='bbox 1148 2857 1406 2934; x_wconf 91' lang='lat' dir='ltr'><strong>propter</strong></span> <span class='ocrx_word' id='word_1_100' title='bbox 1449 2860 1903 2944; x_wconf 84' lang='lat' dir='ltr'><strong>refulgentiam</strong></span> 
     </span>
    </p>
   </div>
   <div class='ocr_carea' id='block_1_6' title="bbox 108 2938 315 3034">
    <p class='ocr_par' dir='ltr' id='par_1_6' title="bbox 108 2938 315 3034">
     <span class='ocr_line' id='line_1_15' title="bbox 128 2938 315 2984; baseline 0.021 -3"><span class='ocrx_word' id='word_1_101' title='bbox 128 2938 315 2984; x_wconf 69' lang='lat' dir='ltr'><strong>mr·-</strong></span> 
     </span>
     <span class='ocr_line' id='line_1_16' title="bbox 108 2991 255 3034; baseline 0.02 -3"><span class='ocrx_word' id='word_1_102' title='bbox 108 2991 255 3034; x_wconf 68' lang='lat' dir='ltr'><strong>nm.</strong></span> 
     </span>
    </p>
   </div>
   <div class='ocr_carea' id='block_1_7' title="bbox 306 3614 1887 5102">
    <p class='ocr_par' dir='ltr' id='par_1_7' title="bbox 306 3614 1887 5102">
     <span class='ocr_line' id='line_1_17' title="bbox 1413 3614 1887 3686; baseline 0.03 -14"><span class='ocrx_word' id='word_1_103' title='bbox 1413 3629 1430 3674; x_wconf 75' lang='lat' dir='ltr'><em>z</em></span> <span class='ocrx_word' id='word_1_104' title='bbox 1497 3635 1528 3673; x_wconf 74' lang='lat' dir='ltr'><strong>a</strong></span> <span class='ocrx_word' id='word_1_105' title='bbox 1580 3614 1762 3682; x_wconf 90' lang='lat' dir='ltr'><strong>Luna</strong></span> <span class='ocrx_word' id='word_1_106' title='bbox 1819 3622 1887 3686; x_wconf 91' lang='lat' dir='ltr'><strong>in</strong></span> 
     </span>
     <span class='ocr_line' id='line_1_18' title="bbox 342 3695 1885 3796; baseline 0.022 -36"><span class='ocrx_word' id='word_1_107' title='bbox 342 3695 642 3766; x_wconf 75' lang='lat' dir='ltr'><strong>omnihus</strong></span> <span class='ocrx_word' id='word_1_108' title='bbox 704 3704 772 3769; x_wconf 92' lang='lat' dir='ltr'><strong>in</strong></span> <span class='ocrx_word' id='word_1_109' title='bbox 825 3711 1111 3791; x_wconf 90' lang='lat' dir='ltr'><strong>tempore</strong></span> <span class='ocrx_word' id='word_1_110' title='bbox 1160 3732 1277 3779; x_wconf 94' lang='lat' dir='ltr'><strong>suo</strong></span> <span class='ocrx_word' id='word_1_111' title='bbox 1303 3766 1320 3796; x_wconf 93' lang='lat'><strong>,</strong></span> <span class='ocrx_word' id='word_1_112' title='bbox 1379 3724 1654 3788; x_wconf 88' lang='lat' dir='ltr'><strong>ostensio</strong></span> <span class='ocrx_word' id='word_1_113' title='bbox 1712 3732 1885 3792; x_wconf 84' lang='lat' dir='ltr'><strong>tem-</strong></span> 
     </span>
     <span class='ocr_line' id='line_1_19' title="bbox 337 3807 1881 3917; baseline 0.023 -51"><span class='ocrx_word' id='word_1_114' title='bbox 337 3807 545 3887; x_wconf 81' lang='lat' dir='ltr'><strong>poriS,</strong></span> <span class='ocrx_word' id='word_1_115' title='bbox 590 3814 652 3874; x_wconf 87' lang='lat' dir='ltr'><strong>et</strong></span> <span class='ocrx_word' id='word_1_116' title='bbox 696 3813 964 3894; x_wconf 92' lang='lat' dir='ltr'><strong>signum</strong></span> <span class='ocrx_word' id='word_1_117' title='bbox 1009 3819 1154 3884; x_wconf 83' lang='lat' dir='ltr'><strong>aevi.</strong></span> <span class='ocrx_word' id='word_1_118' title='bbox 1196 3844 1228 3882; x_wconf 76' lang='grc' dir='ltr'><strong>ι)</strong></span> <span class='ocrx_word' id='word_1_119' title='bbox 1282 3824 1420 3889; x_wconf 91' lang='lat' dir='ltr'><strong>Duo</strong></span> <span class='ocrx_word' id='word_1_120' title='bbox 1466 3828 1660 3896; x_wconf 88' lang='lat' dir='ltr'><strong>dicit:</strong></span> <span class='ocrx_word' id='word_1_121' title='bbox 1710 3839 1881 3917; x_wconf 88' lang='lat' dir='ltr'><strong>quod</strong></span> 
     </span>
     <span class='ocr_line' id='line_1_20' title="bbox 334 3911 1874 4021; baseline 0.023 -47"><span class='ocrx_word' id='word_1_122' title='bbox 334 3911 491 3978; x_wconf 91' lang='lat' dir='ltr'><strong>luna</strong></span> <span class='ocrx_word' id='word_1_123' title='bbox 516 3921 611 3980; x_wconf 90' lang='lat' dir='ltr'><strong>est</strong></span> <span class='ocrx_word' id='word_1_124' title='bbox 637 3922 1060 3990; x_wconf 85' lang='lat' dir='ltr'><strong>manifestatio</strong></span> <span class='ocrx_word' id='word_1_125' title='bbox 1088 3933 1474 4014; x_wconf 90' lang='lat' dir='ltr'><strong>temporum,</strong></span> <span class='ocrx_word' id='word_1_126' title='bbox 1508 3942 1569 4001; x_wconf 90' lang='lat' dir='ltr'><strong>et</strong></span> <span class='ocrx_word' id='word_1_127' title='bbox 1596 3958 1710 4021; x_wconf 90' lang='lat' dir='ltr'><strong>per</strong></span> <span class='ocrx_word' id='word_1_128' title='bbox 1736 3962 1874 4009; x_wconf 91' lang='lat' dir='ltr'><strong>mo-</strong></span> 
     </span>
     <span class='ocr_line' id='line_1_21' title="bbox 333 4018 1876 4132; baseline 0.022 -50"><span class='ocrx_word' id='word_1_129' title='bbox 333 4018 491 4084; x_wconf 91' lang='lat' dir='ltr'><strong>dum</strong></span> <span class='ocrx_word' id='word_1_130' title='bbox 532 4023 915 4106; x_wconf 78' lang='lat' dir='ltr'><strong>signationis</strong></span> <span class='ocrx_word' id='word_1_131' title='bbox 948 4038 1050 4097; x_wconf 86' lang='lat' dir='ltr'><strong>:et</strong></span> <span class='ocrx_word' id='word_1_132' title='bbox 1082 4034 1204 4104; x_wconf 87' lang='lat' dir='ltr'><strong>hoc</strong></span> <span class='ocrx_word' id='word_1_133' title='bbox 1239 4044 1334 4103; x_wconf 89' lang='lat' dir='ltr'><strong>est</strong></span> <span class='ocrx_word' id='word_1_134' title='bbox 1368 4041 1437 4104; x_wconf 91' lang='lat' dir='ltr'><strong>in</strong></span> <span class='ocrx_word' id='word_1_135' title='bbox 1462 4041 1735 4112; x_wconf 81' lang='lat' dir='ltr'><strong>Ecclesia</strong></span> <span class='ocrx_word' id='word_1_136' title='bbox 1761 4069 1876 4132; x_wconf 91' lang='lat' dir='ltr'><strong>per</strong></span> 
     </span>
     <span class='ocr_line' id='line_1_22' title="bbox 330 4130 1871 4232; baseline 0.022 -43"><span class='ocrx_word' id='word_1_137' title='bbox 330 4130 639 4213; x_wconf 84' lang='lat' dir='ltr'><strong>symbola,</strong></span> <span class='ocrx_word' id='word_1_138' title='bbox 674 4136 828 4217; x_wconf 84' lang='lat' dir='ltr'><strong>quja</strong></span> <span class='ocrx_word' id='word_1_139' title='bbox 853 4138 1036 4205; x_wconf 88' lang='lat' dir='ltr'><strong>aliter</strong></span> <span class='ocrx_word' id='word_1_140' title='bbox 1062 4160 1193 4207; x_wconf 91' lang='lat' dir='ltr'><strong>non</strong></span> <span class='ocrx_word' id='word_1_141' title='bbox 1222 4151 1315 4211; x_wconf 91' lang='lat' dir='ltr'><strong>est</strong></span> <span class='ocrx_word' id='word_1_142' title='bbox 1341 4151 1657 4232; x_wconf 85' lang='lat' dir='ltr'><strong>possibile,</strong></span> <span class='ocrx_word' id='word_1_143' title='bbox 1688 4159 1871 4224; x_wconf 90' lang='lat' dir='ltr'><strong>nobis</strong></span> 
     </span>
     <span class='ocr_line' id='line_1_23' title="bbox 327 4232 1867 4342; baseline 0.022 -45"><span class='ocrx_word' id='word_1_144' title='bbox 327 4232 539 4302; x_wconf 91' lang='lat' dir='ltr'><strong>lucere</strong></span> <span class='ocrx_word' id='word_1_145' title='bbox 566 4240 857 4308; x_wconf 87' lang='lat' dir='ltr'><strong>divinum</strong></span> <span class='ocrx_word' id='word_1_146' title='bbox 885 4249 1135 4315; x_wconf 90' lang='lat' dir='ltr'><strong>radium</strong></span> <span class='ocrx_word' id='word_1_147' title='bbox 1151 4300 1168 4331; x_wconf 95' lang='lat'><strong>,</strong></span> <span class='ocrx_word' id='word_1_148' title='bbox 1199 4253 1325 4317; x_wconf 88' lang='lat' dir='ltr'><strong>nisi</strong></span> <span class='ocrx_word' id='word_1_149' title='bbox 1354 4262 1712 4342; x_wconf 82' lang='lat' dir='ltr'><strong>anagogice</strong></span> <span class='ocrx_word' id='word_1_150' title='bbox 1744 4265 1867 4331; x_wconf 88' lang='lat' dir='ltr'><strong>cir-</strong></span> 
     </span>
     <span class='ocr_line' id='line_1_24' title="bbox 325 4346 1866 4446; baseline 0.021 -40"><span class='ocrx_word' id='word_1_151' title='bbox 325 4346 743 4430; x_wconf 89' lang='lat' dir='ltr'><strong>cumveletur,</strong></span> <span class='ocrx_word' id='word_1_152' title='bbox 791 4356 1144 4421; x_wconf 91' lang='lat' dir='ltr'><strong>secundum</strong></span> <span class='ocrx_word' id='word_1_153' title='bbox 1187 4360 1561 4446; x_wconf 88' lang='lat' dir='ltr'><strong>Dionysium</strong></span> <span class='ocrx_word' id='word_1_154' title='bbox 1609 4369 1651 4433; x_wconf 83' lang='lat'><strong>⁸.</strong></span> <span class='ocrx_word' id='word_1_155' title='bbox 1689 4370 1866 4439; x_wconf 90' lang='lat' dir='ltr'><strong>Unde</strong></span> 
     </span>
     <span class='ocr_line' id='line_1_25' title="bbox 319 4448 1863 4563; baseline 0.021 -49"><span class='ocrx_word' id='word_1_156' title='bbox 319 4448 544 4518; x_wconf 90' lang='lat' dir='ltr'><strong>lunam</strong></span> <span class='ocrx_word' id='word_1_157' title='bbox 591 4457 804 4524; x_wconf 88' lang='lat' dir='ltr'><strong>videre</strong></span> <span class='ocrx_word' id='word_1_158' title='bbox 845 4481 1184 4545; x_wconf 91' lang='lat' dir='ltr'><strong>possumus</strong></span> <span class='ocrx_word' id='word_1_159' title='bbox 1205 4515 1223 4546; x_wconf 95' lang='lat'><strong>,</strong></span> <span class='ocrx_word' id='word_1_160' title='bbox 1262 4488 1415 4556; x_wconf 30' lang='lat' dir='ltr'><strong>non,</strong></span> <span class='ocrx_word' id='word_1_161' title='bbox 1439 4475 1659 4557; x_wconf 88' lang='lat' dir='ltr'><strong>solem,</strong></span> <span class='ocrx_word' id='word_1_162' title='bbox 1708 4483 1863 4563; x_wconf 85' lang='lat' dir='ltr'><strong>quia</strong></span> 
     </span>
     <span class='ocr_line' id='line_1_26' title="bbox 315 4561 1855 4665; baseline 0.021 -42"><span class='ocrx_word' id='word_1_163' title='bbox 315 4561 536 4627; x_wconf 88' lang='lat' dir='ltr'><strong>radius</strong></span> <span class='ocrx_word' id='word_1_164' title='bbox 562 4566 712 4629; x_wconf 90' lang='lat' dir='ltr'><strong>solis</strong></span> <span class='ocrx_word' id='word_1_165' title='bbox 741 4575 1249 4656; x_wconf 87' lang='lat' dir='ltr'><strong>contemperatur</strong></span> <span class='ocrx_word' id='word_1_166' title='bbox 1265 4579 1449 4643; x_wconf 87' lang='lat' dir='ltr'><strong>nobis</strong></span> <span class='ocrx_word' id='word_1_167' title='bbox 1470 4602 1584 4665; x_wconf 93' lang='lat' dir='ltr'><strong>per</strong></span> <span class='ocrx_word' id='word_1_168' title='bbox 1609 4586 1855 4655; x_wconf 88' lang='lat' dir='ltr'><strong>lunam.</strong></span> 
     </span>
     <span class='ocr_line' id='line_1_27' title="bbox 316 4666 1852 4779; baseline 0.02 -48"><span class='ocrx_word' id='word_1_169' title='bbox 316 4666 423 4733; x_wconf 90' lang='lat' dir='ltr'><strong>Sic</strong></span> <span class='ocrx_word' id='word_1_170' title='bbox 446 4672 663 4738; x_wconf 89' lang='lat' dir='ltr'><strong>radius</strong></span> <span class='ocrx_word' id='word_1_171' title='bbox 695 4682 973 4744; x_wconf 86' lang='lat' dir='ltr'><strong>aeternus</strong></span> <span class='ocrx_word' id='word_1_172' title='bbox 1016 4700 1149 4747; x_wconf 89' lang='lat' dir='ltr'><strong>non</strong></span> <span class='ocrx_word' id='word_1_173' title='bbox 1189 4692 1395 4768; x_wconf 90' lang='lat' dir='ltr'><strong>potest</strong></span> <span class='ocrx_word' id='word_1_174' title='bbox 1429 4693 1621 4774; x_wconf 89' lang='lat' dir='ltr'><strong>aspici</strong></span> <span class='ocrx_word' id='word_1_175' title='bbox 1661 4696 1730 4758; x_wconf 92' lang='lat' dir='ltr'><strong>in</strong></span> <span class='ocrx_word' id='word_1_176' title='bbox 1754 4716 1852 4779; x_wconf 82' lang='lat' dir='ltr'><strong>se3</strong></span> 
     </span>
     <span class='ocr_line' id='line_1_28' title="bbox 312 4778 1856 4881; baseline 0.02 -41"><span class='ocrx_word' id='word_1_177' title='bbox 312 4778 424 4842; x_wconf 88' lang='lat' dir='ltr'><strong>sed</strong></span> <span class='ocrx_word' id='word_1_178' title='bbox 463 4782 518 4843; x_wconf 89' lang='lat' dir='ltr'><strong>si</strong></span> <span class='ocrx_word' id='word_1_179' title='bbox 555 4801 672 4847; x_wconf 91' lang='lat' dir='ltr'><strong>nos</strong></span> <span class='ocrx_word' id='word_1_180' title='bbox 706 4788 1049 4869; x_wconf 89' lang='lat' dir='ltr'><strong>aspicimus</strong></span> <span class='ocrx_word' id='word_1_181' title='bbox 1095 4793 1280 4858; x_wconf 90' lang='lat' dir='ltr'><strong>illum</strong></span> <span class='ocrx_word' id='word_1_182' title='bbox 1320 4798 1597 4881; x_wconf 90' lang='lat' dir='ltr'><strong>radium,</strong></span> <span class='ocrx_word' id='word_1_183' title='bbox 1646 4809 1719 4868; x_wconf 90' lang='lat' dir='ltr'><strong>ut</strong></span> <span class='ocrx_word' id='word_1_184' title='bbox 1761 4811 1856 4870; x_wconf 90' lang='lat' dir='ltr'><strong>est</strong></span> 
     </span>
     <span class='ocr_line' id='line_1_29' title="bbox 309 4883 1847 4998; baseline 0.021 -50"><span class='ocrx_word' id='word_1_185' title='bbox 309 4883 381 4948; x_wconf 85' lang='lat' dir='ltr'><strong>in</strong></span> <span class='ocrx_word' id='word_1_186' title='bbox 408 4885 681 4956; x_wconf 87' lang='lat' dir='ltr'><strong>Ecclesia</strong></span> <span class='ocrx_word' id='word_1_187' title='bbox 698 4897 943 4961; x_wconf 88' lang='lat' dir='ltr'><strong>velatus</strong></span> <span class='ocrx_word' id='word_1_188' title='bbox 956 4918 1070 4981; x_wconf 89' lang='lat' dir='ltr'><strong>per</strong></span> <span class='ocrx_word' id='word_1_189' title='bbox 1083 4914 1477 4973; x_wconf 86' lang='lat' dir='ltr'><strong>sacramenta</strong></span> <span class='ocrx_word' id='word_1_190' title='bbox 1494 4916 1558 4975; x_wconf 89' lang='lat' dir='ltr'><strong>et</strong></span> <span class='ocrx_word' id='word_1_191' title='bbox 1574 4914 1847 4998; x_wconf 81' lang='lat' dir='ltr'><strong>flguraS,</strong></span> 
     </span>
     <span class='ocr_line' id='line_1_30' title="bbox 306 5003 1847 5102; baseline 0.021 -46"><span class='ocrx_word' id='word_1_192' title='bbox 306 5010 646 5074; x_wconf 86' lang='lat' dir='ltr'><strong>possumus</strong></span> <span class='ocrx_word' id='word_1_193' title='bbox 666 5003 927 5083; x_wconf 90' lang='lat' dir='ltr'><strong>quidem</strong></span> <span class='ocrx_word' id='word_1_194' title='bbox 949 5009 1229 5090; x_wconf 80' lang='lat' dir='ltr'><strong>aspicere</strong></span> <span class='ocrx_word' id='word_1_195' title='bbox 1255 5015 1493 5097; x_wconf 91' lang='lat' dir='ltr'><strong>ipsum,</strong></span> <span class='ocrx_word' id='word_1_196' title='bbox 1521 5021 1635 5102; x_wconf 85' lang='lat' dir='ltr'><strong>qui</strong></span> <span class='ocrx_word' id='word_1_197' title='bbox 1662 5024 1847 5090; x_wconf 89' lang='lat' dir='ltr'><strong>nohis</strong></span> 
     </span>
    </p>
   </div>
   <div class='ocr_carea' id='block_1_8' title="bbox 362 2942 2041 3051">
    <p class='ocr_par' dir='ltr' id='par_1_8' title="bbox 362 2942 2041 3051">
     <span class='ocr_line' id='line_1_31' title="bbox 362 2942 2041 3051; baseline 0.024 -47"><span class='ocrx_word' id='word_1_198' title='bbox 362 2942 735 3027; x_wconf 87' lang='lat' dir='ltr'><strong>obscuram,</strong></span> <span class='ocrx_word' id='word_1_199' title='bbox 768 2951 903 3016; x_wconf 89' lang='lat' dir='ltr'><strong>sive</strong></span> <span class='ocrx_word' id='word_1_200' title='bbox 929 2956 1385 3042; x_wconf 87' lang='lat' dir='ltr'><strong>symbolicam;</strong></span> <span class='ocrx_word' id='word_1_201' title='bbox 1420 2975 1677 3051; x_wconf 90' lang='lat' dir='ltr'><strong>propter</strong></span> <span class='ocrx_word' id='word_1_202' title='bbox 1707 2976 1902 3040; x_wconf 83' lang='lat' dir='ltr'><strong>reful-</strong></span> <span class='ocrx_word' id='word_1_203' title='bbox 2031 2998 2041 3006; x_wconf 77' lang='grc'><em>’</em></span> 
     </span>
    </p>
   </div>
   <div class='ocr_carea' id='block_1_9' title="bbox 2058 619 2438 688">
    <p class='ocr_par' dir='ltr' id='par_1_9' title="bbox 2058 619 2438 688">
     <span class='ocr_line' id='line_1_32' title="bbox 2058 619 2438 688; baseline 0.034 -12"><span class='ocrx_word' id='word_1_204' title='bbox 2058 619 2409 688; x_wconf 82' lang='lat' dir='ltr'><strong>aeternitate</strong></span> <span class='ocrx_word' id='word_1_205' title='bbox 2423 647 2438 688; x_wconf 89' lang='lat'>:</span> 
     </span>
    </p>
   </div>
   <div class='ocr_carea' id='block_1_10' title="bbox 2036 1256 3590 1907">
    <p class='ocr_par' dir='ltr' id='par_1_10' title="bbox 2036 1256 3590 1907">
     <span class='ocr_line' id='line_1_33' title="bbox 2046 1256 3590 1376; baseline 0.037 -59"><span class='ocrx_word' id='word_1_206' title='bbox 2046 1256 2144 1320; x_wconf 89' lang='lat' dir='ltr'><strong>sio</strong></span> <span class='ocrx_word' id='word_1_207' title='bbox 2172 1259 2402 1329; x_wconf 85' lang='lat' dir='ltr'><strong>Christi</strong></span> <span class='ocrx_word' id='word_1_208' title='bbox 2429 1273 2490 1333; x_wconf 89' lang='lat' dir='ltr'><strong>et</strong></span> <span class='ocrx_word' id='word_1_209' title='bbox 2518 1277 2756 1342; x_wconf 88' lang='lat' dir='ltr'><strong>veritas</strong></span> <span class='ocrx_word' id='word_1_210' title='bbox 2781 1283 2901 1349; x_wconf 88' lang='lat' dir='ltr'><strong>fuit</strong></span> <span class='ocrx_word' id='word_1_211' title='bbox 2931 1294 2994 1352; x_wconf 87' lang='lat' dir='ltr'><strong>et</strong></span> <span class='ocrx_word' id='word_1_212' title='bbox 3020 1293 3263 1376; x_wconf 89' lang='lat' dir='ltr'><strong>flgura;</strong></span> <span class='ocrx_word' id='word_1_213' title='bbox 3296 1302 3590 1374; x_wconf 88' lang='lat' dir='ltr'><strong>similiter</strong></span> 
     </span>
     <span class='ocr_line' id='line_1_34' title="bbox 2042 1376 3587 1493; baseline 0.037 -69"><span class='ocrx_word' id='word_1_214' title='bbox 2042 1376 2424 1439; x_wconf 85' lang='lat' dir='ltr'><strong>resurreetio</strong></span> <span class='ocrx_word' id='word_1_215' title='bbox 2457 1386 2471 1440; x_wconf 72' lang='grc' dir='ltr'>ὲ</span> <span class='ocrx_word' id='word_1_216' title='bbox 2506 1385 2570 1444; x_wconf 88' lang='lat' dir='ltr'><strong>et</strong></span> <span class='ocrx_word' id='word_1_217' title='bbox 2601 1383 2740 1451; x_wconf 89' lang='lat' dir='ltr'><strong>ideo</strong></span> <span class='ocrx_word' id='word_1_218' title='bbox 2775 1391 3010 1472; x_wconf 84' lang='lat' dir='ltr'><strong>flgurae</strong></span> <span class='ocrx_word' id='word_1_219' title='bbox 3044 1405 3333 1470; x_wconf 90' lang='lat' dir='ltr'><strong>nondum</strong></span> <span class='ocrx_word' id='word_1_220' title='bbox 3360 1414 3587 1493; x_wconf 84' lang='lat' dir='ltr'><strong>expla-</strong></span> 
     </span>
     <span class='ocr_line' id='line_1_35' title="bbox 2042 1468 3586 1597; baseline 0.036 -66"><span class='ocrx_word' id='word_1_221' title='bbox 2042 1468 2212 1537; x_wconf 83' lang='lat' dir='ltr'><strong>natae</strong></span> <span class='ocrx_word' id='word_1_222' title='bbox 2247 1484 2419 1560; x_wconf 88' lang='lat' dir='ltr'><strong>sunt;</strong></span> <span class='ocrx_word' id='word_1_223' title='bbox 2451 1487 2559 1550; x_wconf 90' lang='lat' dir='ltr'><strong>sed</strong></span> <span class='ocrx_word' id='word_1_224' title='bbox 2588 1496 2842 1572; x_wconf 84' lang='lat' dir='ltr'><strong>quando</strong></span> <span class='ocrx_word' id='word_1_225' title='bbox 2859 1499 3015 1567; x_wconf 87' lang='lat' dir='ltr'><strong>luna</strong></span> <span class='ocrx_word' id='word_1_226' title='bbox 3041 1508 3161 1571; x_wconf 90' lang='lat' dir='ltr'><strong>erit</strong></span> <span class='ocrx_word' id='word_1_227' title='bbox 3186 1512 3396 1597; x_wconf 89' lang='lat' dir='ltr'><strong>plena,</strong></span> <span class='ocrx_word' id='word_1_228' title='bbox 3428 1524 3586 1587; x_wconf 89' lang='lat' dir='ltr'><strong>tunc</strong></span> 
     </span>
     <span class='ocr_line' id='line_1_36' title="bbox 2040 1580 3582 1705; baseline 0.037 -66"><span class='ocrx_word' id='word_1_229' title='bbox 2040 1580 2162 1643; x_wconf 90' lang='lat' dir='ltr'><strong>erit</strong></span> <span class='ocrx_word' id='word_1_230' title='bbox 2189 1588 2431 1666; x_wconf 88' lang='lat' dir='ltr'><strong>apertio</strong></span> <span class='ocrx_word' id='word_1_231' title='bbox 2464 1592 2971 1690; x_wconf 90' lang='lat' dir='ltr'><strong>Scripturarum,</strong></span> <span class='ocrx_word' id='word_1_232' title='bbox 3016 1618 3078 1677; x_wconf 89' lang='lat' dir='ltr'><strong>et</strong></span> <span class='ocrx_word' id='word_1_233' title='bbox 3111 1616 3257 1682; x_wconf 88' lang='lat' dir='ltr'><strong>libri</strong></span> <span class='ocrx_word' id='word_1_234' title='bbox 3284 1628 3582 1705; x_wconf 91' lang='lat' dir='ltr'><strong>aperien-</strong></span> 
     </span>
     <span class='ocr_line' id='line_1_37' title="bbox 2039 1688 3581 1809; baseline 0.036 -61"><span class='ocrx_word' id='word_1_235' title='bbox 2039 1688 2170 1767; x_wconf 87' lang='lat' dir='ltr'><strong>tur,</strong></span> <span class='ocrx_word' id='word_1_236' title='bbox 2202 1697 2265 1756; x_wconf 89' lang='lat' dir='ltr'><strong>et</strong></span> <span class='ocrx_word' id='word_1_237' title='bbox 2291 1701 2534 1779; x_wconf 89' lang='lat' dir='ltr'><strong>septem</strong></span> <span class='ocrx_word' id='word_1_238' title='bbox 2564 1705 2776 1787; x_wconf 89' lang='lat' dir='ltr'><strong>sigilla</strong></span> <span class='ocrx_word' id='word_1_239' title='bbox 2804 1714 3153 1800; x_wconf 88' lang='lat' dir='ltr'><strong>solventur,</strong></span> <span class='ocrx_word' id='word_1_240' title='bbox 3197 1747 3345 1809; x_wconf 82' lang='lat' dir='ltr'><strong>quae</strong></span> <span class='ocrx_word' id='word_1_241' title='bbox 3374 1735 3581 1803; x_wconf 91' lang='lat' dir='ltr'><strong>adhuc</strong></span> 
     </span>
     <span class='ocr_line' id='line_1_38' title="bbox 2036 1807 3574 1907; baseline 0.036 -52"><span class='ocrx_word' id='word_1_242' title='bbox 2036 1810 2169 1859; x_wconf 91' lang='lat' dir='ltr'><strong>non</strong></span> <span class='ocrx_word' id='word_1_243' title='bbox 2197 1807 2346 1866; x_wconf 89' lang='lat' dir='ltr'><strong>sunt</strong></span> <span class='ocrx_word' id='word_1_244' title='bbox 2374 1814 2610 1888; x_wconf 87' lang='lat' dir='ltr'><strong>aperta.</strong></span> <span class='ocrx_word' id='word_1_245' title='bbox 2646 1813 2889 1886; x_wconf 88' lang='lat' dir='ltr'><strong>Credite</strong></span> <span class='ocrx_word' id='word_1_246' title='bbox 2919 1826 3077 1890; x_wconf 85' lang='lat' dir='ltr'><strong>mihi</strong></span> <span class='ocrx_word' id='word_1_247' title='bbox 3104 1847 3120 1891; x_wconf 73' lang='grc' dir='ltr'><strong><em>ε</em></strong></span> <span class='ocrx_word' id='word_1_248' title='bbox 3153 1836 3304 1901; x_wconf 86' lang='lat' dir='ltr'><strong>tunc</strong></span> <span class='ocrx_word' id='word_1_249' title='bbox 3333 1842 3574 1907; x_wconf 87' lang='lat' dir='ltr'><strong>videbi-</strong></span> 
     </span>
    </p>
   </div>
   <div class='ocr_carea' id='block_1_11' title="bbox 2034 1914 3580 2141">
    <p class='ocr_par' dir='ltr' id='par_1_11' title="bbox 2034 1914 3580 2141">
     <span class='ocr_line' id='line_1_39' title="bbox 2034 1914 3578 2019; baseline 0.036 -56"><span class='ocrx_word' id='word_1_250' title='bbox 2034 1919 2203 1984; x_wconf 78' lang='lat' dir='ltr'><strong>mUS,</strong></span> <span class='ocrx_word' id='word_1_251' title='bbox 2235 1914 2417 1990; x_wconf 86' lang='lat' dir='ltr'><strong>quasi</strong></span> <span class='ocrx_word' id='word_1_252' title='bbox 2450 1935 2565 1998; x_wconf 91' lang='lat' dir='ltr'><strong>per</strong></span> <span class='ocrx_word' id='word_1_253' title='bbox 2599 1920 3051 2015; x_wconf 88' lang='lat' dir='ltr'><strong>plenilunium,</strong></span> <span class='ocrx_word' id='word_1_254' title='bbox 3083 1945 3339 2019; x_wconf 86' lang='lat' dir='ltr'><strong>quando</strong></span> <span class='ocrx_word' id='word_1_255' title='bbox 3365 1958 3578 2018; x_wconf 89' lang='lat' dir='ltr'><strong>noster</strong></span> 
     </span>
     <span class='ocr_line' id='line_1_40' title="bbox 2035 2007 3580 2141; baseline 0.037 -71"><span class='ocrx_word' id='word_1_256' title='bbox 2035 2007 2173 2074; x_wconf 82' lang='lat' dir='ltr'><strong>Rex</strong></span> <span class='ocrx_word' id='word_1_257' title='bbox 2197 2013 2219 2047; x_wconf 75' lang='lat'><strong>⁴</strong></span> <span class='ocrx_word' id='word_1_258' title='bbox 2248 2040 2278 2075; x_wconf 76' lang='grc' dir='ltr'><strong>ιι</strong></span> <span class='ocrx_word' id='word_1_259' title='bbox 2307 2019 2405 2084; x_wconf 89' lang='lat' dir='ltr'><strong>leo</strong></span> <span class='ocrx_word' id='word_1_260' title='bbox 2442 2024 2519 2087; x_wconf 92' lang='lat' dir='ltr'><strong>de</strong></span> <span class='ocrx_word' id='word_1_261' title='bbox 2545 2030 2735 2106; x_wconf 67' lang='lat' dir='ltr'><strong>{trihu</strong></span> <span class='ocrx_word' id='word_1_262' title='bbox 2760 2032 2794 2096; x_wconf 86' lang='lat' dir='ltr'>J</span> <span class='ocrx_word' id='word_1_263' title='bbox 2801 2038 2944 2119; x_wconf 85' lang='lat' dir='ltr'><strong>uda,</strong></span> <span class='ocrx_word' id='word_1_264' title='bbox 2979 2064 3010 2099; x_wconf 77' lang='lat' dir='ltr'><strong>n</strong></span> <span class='ocrx_word' id='word_1_265' title='bbox 3043 2056 3299 2133; x_wconf 88' lang='lat' dir='ltr'><strong>surget,</strong></span> <span class='ocrx_word' id='word_1_266' title='bbox 3335 2062 3397 2119; x_wconf 90' lang='lat' dir='ltr'><strong>et</strong></span> <span class='ocrx_word' id='word_1_267' title='bbox 3423 2076 3580 2141; x_wconf 86' lang='lat' dir='ltr'><strong>ape-&#39;</strong></span> 
     </span>
    </p>
   </div>
   <div class='ocr_carea' id='block_1_12' title="bbox 1903 2115 3571 2247">
    <p class='ocr_par' dir='ltr' id='par_1_12' title="bbox 1903 2115 3571 2247">
     <span class='ocr_line' id='line_1_41' title="bbox 1903 2115 3571 2247; baseline 0.037 -75"><span class='ocrx_word' id='word_1_268' title='bbox 1903 2116 1915 2128; x_wconf 88' lang='grc'><em>·</em></span> <span class='ocrx_word' id='word_1_269' title='bbox 2033 2115 2155 2181; x_wconf 88' lang='lat' dir='ltr'><strong>riet</strong></span> <span class='ocrx_word' id='word_1_270' title='bbox 2182 2119 2448 2206; x_wconf 87' lang='lat' dir='ltr'><strong>librum;</strong></span> <span class='ocrx_word' id='word_1_271' title='bbox 2480 2136 2731 2213; x_wconf 84' lang='lat' dir='ltr'><strong>quando</strong></span> <span class='ocrx_word' id='word_1_272' title='bbox 2778 2156 3399 2226; x_wconf 86' lang='lat' dir='ltr'><strong>consummabuntur</strong></span> <span class='ocrx_word' id='word_1_273' title='bbox 3427 2184 3571 2247; x_wconf 90' lang='lat' dir='ltr'><strong>pas·</strong></span> 
     </span>
    </p>
   </div>
   <div class='ocr_carea' id='block_1_13' title="bbox 2018 2225 3572 2986">
    <p class='ocr_par' dir='ltr' id='par_1_13' title="bbox 2018 2225 3572 2986">
     <span class='ocr_line' id='line_1_42' title="bbox 2032 2225 3569 2349; baseline 0.035 -64"><span class='ocrx_word' id='word_1_274' title='bbox 2032 2225 2241 2291; x_wconf 90' lang='lat' dir='ltr'><strong>siones</strong></span> <span class='ocrx_word' id='word_1_275' title='bbox 2269 2230 2519 2318; x_wconf 76' lang='lat' dir='ltr'><strong>Christi,</strong></span> <span class='ocrx_word' id='word_1_276' title='bbox 2562 2260 2720 2323; x_wconf 86' lang='lat' dir='ltr'><strong>quas</strong></span> <span class='ocrx_word' id='word_1_277' title='bbox 2762 2244 3246 2334; x_wconf 84' lang='lat' dir='ltr'><strong>corpusChristi</strong></span> <span class='ocrx_word' id='word_1_278' title='bbox 3275 2271 3569 2349; x_wconf 85' lang='lat' dir='ltr'><strong>patietur.</strong></span> 
     </span>
     <span class='ocr_line' id='line_1_43' title="bbox 2031 2329 3572 2463; baseline 0.037 -71"><span class='ocrx_word' id='word_1_279' title='bbox 2031 2329 2288 2413; x_wconf 87' lang='lat' dir='ltr'><strong>Oportet</strong></span> <span class='ocrx_word' id='word_1_280' title='bbox 2342 2344 2515 2408; x_wconf 90' lang='lat' dir='ltr'><strong>enim</strong></span> <span class='ocrx_word' id='word_1_281' title='bbox 2569 2368 2838 2434; x_wconf 90' lang='lat' dir='ltr'><strong>surgere</strong></span> <span class='ocrx_word' id='word_1_282' title='bbox 2884 2359 3237 2451; x_wconf 89' lang='lat' dir='ltr'><strong>Herodem,</strong></span> <span class='ocrx_word' id='word_1_283' title='bbox 3283 2379 3404 2441; x_wconf 87' lang='lat' dir='ltr'><strong>sub</strong></span> <span class='ocrx_word' id='word_1_284' title='bbox 3444 2399 3572 2463; x_wconf 86' lang='lat' dir='ltr'><strong>quo</strong></span> 
     </span>
     <span class='ocr_line' id='line_1_44' title="bbox 2028 2439 3563 2556; baseline 0.036 -55"><span class='ocrx_word' id='word_1_285' title='bbox 2028 2439 2366 2512; x_wconf 88' lang='lat' dir='ltr'><strong>deludatur</strong></span> <span class='ocrx_word' id='word_1_286' title='bbox 2393 2451 2710 2541; x_wconf 80' lang='lat' dir='ltr'><strong>ChristuS,</strong></span> <span class='ocrx_word' id='word_1_287' title='bbox 2755 2470 2818 2528; x_wconf 90' lang='lat' dir='ltr'><strong>et</strong></span> <span class='ocrx_word' id='word_1_288' title='bbox 2844 2467 3070 2537; x_wconf 90' lang='lat' dir='ltr'><strong>Petrus</strong></span> <span class='ocrx_word' id='word_1_289' title='bbox 3116 2477 3563 2556; x_wconf 86' lang='lat' dir='ltr'><strong>incarceretur.</strong></span> 
     </span>
     <span class='ocr_line' id='line_1_45' title="bbox 2027 2544 3564 2673; baseline 0.036 -65"><span class='ocrx_word' id='word_1_290' title='bbox 2027 2544 2184 2614; x_wconf 87' lang='lat' dir='ltr'><strong>ltem</strong></span> <span class='ocrx_word' id='word_1_291' title='bbox 2211 2561 2485 2625; x_wconf 90' lang='lat' dir='ltr'><strong>secundo</strong></span> <span class='ocrx_word' id='word_1_292' title='bbox 2529 2580 2933 2651; x_wconf 88' lang='lat' dir='ltr'><strong>comparatur</strong></span> <span class='ocrx_word' id='word_1_293' title='bbox 2974 2581 3146 2649; x_wconf 83' lang='lat' dir='ltr'><strong>lunae</strong></span> <span class='ocrx_word' id='word_1_294' title='bbox 3175 2597 3434 2673; x_wconf 87' lang='lat' dir='ltr'><strong>propter</strong></span> <span class='ocrx_word' id='word_1_295' title='bbox 3460 2616 3564 2662; x_wconf 89' lang='lat' dir='ltr'><strong>re·</strong></span> 
     </span>
     <span class='ocr_line' id='line_1_46' title="bbox 2021 2655 3567 2773; baseline 0.036 -57"><span class='ocrx_word' id='word_1_296' title='bbox 2021 2655 2405 2738; x_wconf 85' lang='lat' dir='ltr'><strong>fulgentiam</strong></span> <span class='ocrx_word' id='word_1_297' title='bbox 2417 2678 2832 2761; x_wconf 80' lang='lat' dir='ltr'><strong>excessivam,</strong></span> <span class='ocrx_word' id='word_1_298' title='bbox 2848 2686 2982 2751; x_wconf 90' lang='lat' dir='ltr'><strong>sive</strong></span> <span class='ocrx_word' id='word_1_299' title='bbox 2994 2698 3373 2765; x_wconf 87' lang='lat' dir='ltr'><strong>esctaticam.</strong></span> <span class='ocrx_word' id='word_1_300' title='bbox 3389 2701 3567 2773; x_wconf 91' lang='lat' dir='ltr'><strong>Unde</strong></span> 
     </span>
     <span class='ocr_line' id='line_1_47' title="bbox 2019 2762 3564 2891; baseline 0.036 -66"><span class='ocrx_word' id='word_1_301' title='bbox 2019 2762 2086 2826; x_wconf 91' lang='lat' dir='ltr'><strong>in</strong></span> <span class='ocrx_word' id='word_1_302' title='bbox 2114 2767 2562 2846; x_wconf 73' lang='lat' dir='ltr'><strong>Ecclesiastico</strong></span> <span class='ocrx_word' id='word_1_303' title='bbox 2608 2785 2924 2858; x_wconf 81' lang='lat' dir='ltr'><strong>dicitur³:</strong></span> <span class='ocrx_word' id='word_1_304' title='bbox 2966 2820 2996 2856; x_wconf 75' lang='grc' dir='ltr'><strong>(ι</strong></span> <span class='ocrx_word' id='word_1_305' title='bbox 3031 2800 3089 2863; x_wconf 90' lang='grc' dir='ltr'><strong>Α</strong></span> <span class='ocrx_word' id='word_1_306' title='bbox 3116 2802 3267 2869; x_wconf 89' lang='lat' dir='ltr'><strong>luna</strong></span> <span class='ocrx_word' id='word_1_307' title='bbox 3299 2810 3564 2891; x_wconf 90' lang='lat' dir='ltr'><strong>signum</strong></span> 
     </span>
     <span class='ocr_line' id='line_1_48' title="bbox 2018 2869 3559 2986; baseline 0.037 -55"><span class='ocrx_word' id='word_1_308' title='bbox 2018 2869 2142 2935; x_wconf 90' lang='lat' dir='ltr'><strong>diei</strong></span> <span class='ocrx_word' id='word_1_309' title='bbox 2181 2876 2343 2958; x_wconf 87' lang='lat' dir='ltr'><strong>festi,</strong></span> <span class='ocrx_word' id='word_1_310' title='bbox 2380 2881 2699 2956; x_wconf 83' lang='lat' dir='ltr'><strong>luminare</strong></span> <span class='ocrx_word' id='word_1_311' title='bbox 2739 2900 2908 2978; x_wconf 84' lang='lat' dir='ltr'><strong>quod</strong></span> <span class='ocrx_word' id='word_1_312' title='bbox 2939 2905 3254 2975; x_wconf 91' lang='lat' dir='ltr'><strong>minuitur</strong></span> <span class='ocrx_word' id='word_1_313' title='bbox 3299 2916 3366 2980; x_wconf 92' lang='lat' dir='ltr'><strong>in</strong></span> <span class='ocrx_word' id='word_1_314' title='bbox 3409 2939 3559 2986; x_wconf 90' lang='lat' dir='ltr'><strong>con-</strong></span> 
     </span>
    </p>
   </div>
   <div class='ocr_carea' id='block_1_14' title="bbox 1971 4611 3512 4712">
    <p class='ocr_par' dir='ltr' id='par_1_14' title="bbox 1971 4611 3512 4712">
     <span class='ocr_line' id='line_1_49' title="bbox 1971 4611 3512 4712; baseline 0.035 -56"><span class='ocrx_word' id='word_1_315' title='bbox 1971 4611 2206 4679; x_wconf 89' lang='lat' dir='ltr'><strong>corpus</strong></span> <span class='ocrx_word' id='word_1_316' title='bbox 2229 4620 2522 4691; x_wconf 90' lang='lat' dir='ltr'><strong>opacum,</strong></span> <span class='ocrx_word' id='word_1_317' title='bbox 2551 4632 2703 4696; x_wconf 84' lang='lat' dir='ltr'><strong>qma</strong></span> <span class='ocrx_word' id='word_1_318' title='bbox 2719 4620 2891 4686; x_wconf 87' lang='lat' dir='ltr'><strong>basis</strong></span> <span class='ocrx_word' id='word_1_319' title='bbox 2909 4633 3189 4712; x_wconf 89' lang='lat' dir='ltr'><strong>corporis</strong></span> <span class='ocrx_word' id='word_1_320' title='bbox 3207 4636 3512 4709; x_wconf 88' lang='lat' dir='ltr'><strong>luminosi</strong></span> 
     </span>
    </p>
   </div>
   <div class='ocr_carea' id='block_1_15' title="bbox 302 5105 1845 5213">
    <p class='ocr_par' dir='ltr' id='par_1_15' title="bbox 302 5105 1845 5213">
     <span class='ocr_line' id='line_1_50' title="bbox 302 5105 1845 5213; baseline 0.022 -48"><span class='ocrx_word' id='word_1_321' title='bbox 302 5105 577 5170; x_wconf 87' lang='lat' dir='ltr'><strong>ostendit</strong></span> <span class='ocrx_word' id='word_1_322' title='bbox 601 5127 748 5191; x_wconf 80' lang='lat' dir='ltr'><strong>quae</strong></span> <span class='ocrx_word' id='word_1_323' title='bbox 771 5119 923 5181; x_wconf 89' lang='lat' dir='ltr'><strong>sunt</strong></span> <span class='ocrx_word' id='word_1_324' title='bbox 948 5116 1132 5199; x_wconf 84' lang='lat' dir='ltr'><strong>facta,</strong></span> <span class='ocrx_word' id='word_1_325' title='bbox 1163 5124 1228 5185; x_wconf 91' lang='lat' dir='ltr'><strong>et</strong></span> <span class='ocrx_word' id='word_1_326' title='bbox 1253 5123 1486 5207; x_wconf 87' lang='lat' dir='ltr'><strong>fienda,</strong></span> <span class='ocrx_word' id='word_1_327' title='bbox 1517 5135 1580 5192; x_wconf 85' lang='lat' dir='ltr'><strong>et</strong></span> <span class='ocrx_word' id='word_1_328' title='bbox 1601 5149 1750 5213; x_wconf 84' lang='lat' dir='ltr'><strong>quae</strong></span> <span class='ocrx_word' id='word_1_329' title='bbox 1776 5133 1845 5198; x_wconf 93' lang='lat' dir='ltr'><strong>in</strong></span> 
     </span>
    </p>
   </div>
   <div class='ocr_carea' id='block_1_16' title="bbox 294 5303 1841 5510">
    <p class='ocr_par' dir='ltr' id='par_1_16' title="bbox 294 5303 1841 5510">
     <span class='ocr_line' id='line_1_51' title="bbox 365 5303 1841 5395; baseline 0.02 -42"><span class='ocrx_word' id='word_1_330' title='bbox 365 5303 383 5337; x_wconf 80' lang='lat'><em>²</em></span> <span class='ocrx_word' id='word_1_331' title='bbox 405 5304 576 5371; x_wconf 63' lang='lat' dir='ltr'><strong>apoc„</strong></span> <span class='ocrx_word' id='word_1_332' title='bbox 602 5319 718 5374; x_wconf 73' lang='lat' dir='ltr'><strong>xxi,</strong></span> <span class='ocrx_word' id='word_1_333' title='bbox 752 5316 799 5362; x_wconf 77' lang='lat'><strong>1.</strong></span> <span class='ocrx_word' id='word_1_334' title='bbox 825 5339 888 5352; x_wconf 92' lang='lat'>—</span> <span class='ocrx_word' id='word_1_335' title='bbox 914 5314 938 5348; x_wconf 78' lang='lat'><strong>¹</strong></span> <span class='ocrx_word' id='word_1_336' title='bbox 961 5316 1142 5383; x_wconf 63' lang='lat' dir='ltr'><strong>,Ee-cli„</strong></span> <span class='ocrx_word' id='word_1_337' title='bbox 1171 5331 1330 5387; x_wconf 80' lang='lat' dir='ltr'><strong>xmu,</strong></span> <span class='ocrx_word' id='word_1_338' title='bbox 1359 5326 1407 5374; x_wconf 82' lang='lat'><strong>6.</strong></span> <span class='ocrx_word' id='word_1_339' title='bbox 1430 5353 1494 5365; x_wconf 91' lang='lat'>—</span> <span class='ocrx_word' id='word_1_340' title='bbox 1520 5327 1539 5356; x_wconf 83' lang='lat'><strong>³</strong></span> <span class='ocrx_word' id='word_1_341' title='bbox 1566 5329 1747 5395; x_wconf 68' lang='lat' dir='ltr'><strong>Dion„</strong></span> <span class='ocrx_word' id='word_1_342' title='bbox 1779 5331 1841 5383; x_wconf 74' lang='lat' dir='ltr'><strong>do</strong></span> 
     </span>
     <span class='ocr_line' id='line_1_52' title="bbox 294 5373 1835 5496; baseline 0.022 -74"><span class='ocrx_word' id='word_1_343' title='bbox 294 5373 422 5496; x_wconf 58' lang='grc' dir='ltr'><strong>ξωὲ.</strong></span> <span class='ocrx_word' id='word_1_344' title='bbox 456 5377 707 5435; x_wconf 68' lang='lat' dir='ltr'><strong>Hier-ach..</strong></span> <span class='ocrx_word' id='word_1_345' title='bbox 732 5395 777 5435; x_wconf 90' lang='lat' dir='ltr'><strong>c.</strong></span> <span class='ocrx_word' id='word_1_346' title='bbox 802 5397 841 5436; x_wconf 88' lang='lat'><strong>1.</strong></span> <span class='ocrx_word' id='word_1_347' title='bbox 864 5413 919 5423; x_wconf 90' lang='lat'>-</span> <span class='ocrx_word' id='word_1_348' title='bbox 949 5387 967 5417; x_wconf 83' lang='lat'><strong><em>⁴</em></strong></span> <span class='ocrx_word' id='word_1_349' title='bbox 990 5388 1161 5455; x_wconf 62' lang='lat' dir='ltr'><strong>apoc„</strong></span> <span class='ocrx_word' id='word_1_350' title='bbox 1189 5403 1240 5456; x_wconf 86' lang='lat' dir='ltr'><strong>v,</strong></span> <span class='ocrx_word' id='word_1_351' title='bbox 1267 5398 1316 5444; x_wconf 86' lang='lat'><strong>5.</strong></span> <span class='ocrx_word' id='word_1_352' title='bbox 1336 5421 1400 5433; x_wconf 91' lang='lat'>—</span> <span class='ocrx_word' id='word_1_353' title='bbox 1425 5399 1446 5433; x_wconf 82' lang='lat'>⁸</span> <span class='ocrx_word' id='word_1_354' title='bbox 1474 5398 1653 5462; x_wconf 69' lang='lat' dir='ltr'><strong>Eccli„</strong></span> <span class='ocrx_word' id='word_1_355' title='bbox 1680 5415 1835 5469; x_wconf 77' lang='lat' dir='ltr'><strong>mn,</strong></span> 
     </span>
     <span class='ocr_line' id='line_1_53' title="bbox 326 5482 431 5510; baseline 0.019 -16"><span class='ocrx_word' id='word_1_356' title='bbox 326 5482 350 5510; x_wconf 87' lang='lat'><strong>,</strong></span> <span class='ocrx_word' id='word_1_357' title='bbox 416 5482 431 5496; x_wconf 89' lang='lat'><strong>.</strong></span> 
     </span>
    </p>
   </div>
   <div class='ocr_carea' id='block_1_17' title="bbox 532 5561 3252 5690">
    <p class='ocr_par' dir='ltr' id='par_1_17' title="bbox 532 5561 3252 5690">
     <span class='ocr_line' id='line_1_54' title="bbox 532 5561 3252 5690; baseline 0.031 -82"><span class='ocrx_word' id='word_1_358' title='bbox 532 5561 785 5616; x_wconf 70' lang='lat' dir='ltr'><strong>roua.</strong></span> <span class='ocrx_word' id='word_1_359' title='bbox 3211 5630 3252 5690; x_wconf 84' lang='grc'><strong>9</strong></span> 
     </span>
    </p>
   </div>
  </div>
 </body>
</html>
