4196 6294
577 3990 716 4035 uim

504 4065 585 4099 eur
620 4051 717 4095 sino

523 4113 690 4160 lumino

507 4189 598 4222 non
634 4174 715 4219 de·

731 635 1156 714 descendenti,
1183 637 1259 698 ut
1283 626 1712 697 misericordia
1736 626 2050 690 etveritas
2073 623 2134 688 ei
2159 623 2265 687 ob·

731 748 945 826 vient,
974 748 1038 809 et
1054 740 1306 825 justitia
1333 743 1395 803 et
1421 756 1548 820 pax
1575 735 1958 800 osculentur.

811 862 874 922 8.
904 853 1165 922 Etenim
1187 847 1680 916 benedictionem
1709 844 1889 909 dabit
1915 842 2262 925 leqislaior,

730 966 922 1034 Humi
964 962 1043 1029 de
1088 961 1322 1027 virtute
1365 957 1442 1021 in
1471 955 1800 1020 virtutem.
1851 949 2013 1014 Nota
2058 947 2267 1012 dantis

731 1073 1160 1145 voluntatem,
1190 1065 1359 1130 unde
1384 1062 1536 1127 dicit
1565 1079 1583 1125 z
1614 1059 1809 1125 Dabit
1835 1078 1860 1121 .·
1889 1055 2054 1120 nihil
2089 1055 2263 1118 enim

731 1181 841 1247 dat
865 1177 1133 1254 invitus3
1163 1172 1369 1238 dantis
1394 1167 1833 1234 auctoritatem
1860 1214 1878 1243 ,
1909 1162 2078 1226 unde
2111 1182 2126 1221 :
2157 1163 2268 1225 Le·

728 1257 1031 1372 pietaten
1055 1281 1148 1348 rei
1189 1280 1354 1345 datae
1380 1276 1843 1357 augmentum,
1881 1268 2050 1333 unde
2085 1267 2207 1330 hoc
2244 1286 2260 1328 ε

728 1394 921 1462 Ibunt
953 1392 1032 1459 de
1062 1392 1300 1458 virtute
1339 1388 1415 1452 in
1458 1386 1754 1450 virtutem
1770 1399 1799 1461 ;
1843 1396 1960 1461 pro
2004 1395 2074 1439 re
2120 1374 2267 1437 data

728 1501 1107 1588 praemium,
1145 1496 1317 1562 unde
1349 1517 1364 1558 :
1405 1490 1742 1557 Videbiiur
1792 1489 1956 1552 Deus
1995 1483 2264 1548 Deorum

727 1613 803 1679 in
869 1610 1061 1676 Sion.
1103 1604 1266 1671 Nota
1313 1622 1330 1666 :
1385 1602 1543 1667 Sion
1597 1597 1829 1662 dicitur
1884 1613 1924 1656 a
1967 1588 2261 1674 specula,

727 1719 834 1786 vel
859 1737 899 1783 a
939 1713 1218 1800 speculo.
1245 1711 1315 1777 Si
1341 1730 1382 1774 a
1407 1705 1694 1791 speculo,
1723 1701 2041 1784 significat
2062 1695 2267 1761 Eccle-

726 1828 889 1892 siam
915 1823 1296 1889 militantem
1317 1867 1335 1897 ,
1366 1817 1519 1900 quia
1542 1830 1713 1877 nunc
1739 1809 2033 1874 videmus
2057 1804 2263 1868 Deum

725 1953 843 2018 per
877 1930 1209 2016 speculum
1232 1926 1302 1990 in
1327 1924 1707 2004 aenigmate,
1739 1917 1802 1981 id
1829 1918 1965 1992 est,
2009 1930 2126 1994 per
2154 1927 2264 1972 cor

729 2042 802 2106 in
829 2057 1012 2104 sacra
1046 2035 1402 2118 Scriptura.
1434 2030 1499 2095 Si
1536 2048 1577 2093 a
1619 2024 1913 2110 specula,
1946 2018 2267 2101 significat

729 2147 1227 2231 triumphantem
1285 2164 1302 2207 ε
1346 2138 1702 2205 videbimus
1744 2132 1824 2214 (a)
1872 2129 2047 2194 enim
2081 2124 2266 2209 quasi

728 2276 769 2323 a
815 2255 1109 2340 specula,
1158 2251 1310 2335 quia
1347 2268 1388 2313 a
1425 2245 1804 2327 longinquo,
1851 2238 2056 2302 Nota:
2110 2235 2263 2298 Sion

728 2365 990 2449 quidam
1016 2357 1425 2432 monticulus,
1447 2352 1652 2436 quiin
1679 2343 2073 2413 Hierusalem
2103 2345 2261 2420 erat,

728 2473 841 2538 ubi
883 2474 1099 2555 postea
1136 2468 1302 2532 facta
1344 2468 1440 2529 est
1471 2460 1669 2526 turris
1705 2455 1923 2522 David.
1973 2451 2050 2515 Et
2102 2449 2267 2513 sicut

728 2577 1118 2647 monticulus
1161 2577 1256 2638 est
1294 2572 1373 2636 de
1405 2575 1574 2634 terra
1593 2614 1614 2646 ,
1649 2569 1713 2629 et
1760 2568 1973 2627 tamen
2020 2555 2268 2624 excedit

719 2692 1011 2763 .terram;
1061 2684 1149 2746 ita
1182 2678 1459 2746 Ecclesia
1491 2674 1768 2740 militans
1809 2673 1904 2734 est
1941 2669 2019 2732 de
2058 2670 2229 2728 terra
2243 2711 2261 2742 ,

730 2796 796 2862 id
822 2799 919 2860 est
944 2794 1023 2858 de
1046 2788 1418 2856 hominibus
1458 2780 1724 2848 terrenis
1745 2828 1762 2859 ,
1812 2782 1875 2841 et
1902 2780 2115 2839 tamen
2144 2790 2266 2835 ex-

732 2904 895 2969 cedit
939 2906 1174 2967 terram
1201 2946 1220 2976 ,
1261 2912 1409 2979 quae
1446 2909 1555 2974 spe
1603 2886 1870 2953 coelestis
1912 2887 2027 2948 est.
2077 2904 2108 2941 α
2130 2878 2265 2943 No-

731 3015 864 3076 stra
887 3031 919 3069 n
952 3008 1124 3073 enim
1157 3006 1176 3041 ¹
1215 3027 1247 3065 α
1269 2997 1663 3066 conversatio
1687 2995 1754 3057 in
1785 2991 1958 3056 coelis
1985 2993 2102 3051 est.
2133 3009 2164 3047 x>

814 3125 842 3183 ι
854 3124 885 3184 ι
897 3165 914 3183 .
935 3113 1162 3183 Melior
1180 3117 1272 3179 est
1293 3108 1435 3176 dies
1460 3122 1594 3171 una
1606 3105 1681 3171 in
1700 3101 1894 3168 atriis
1922 3099 2057 3166 tuis
2074 3110 2269 3177 super

732 3225 965 3294 millia.
997 3221 1145 3287 Post
1163 3216 1477 3302 judicium
1503 3262 1520 3290 ,
1552 3209 1764 3277 Sancti
1790 3223 2041 3289 semper
2079 3204 2270 3269 erunt

735 3336 804 3399 in
853 3331 985 3410 die,
1035 3326 1187 3393 mali
1225 3341 1379 3389 vero
1421 3336 1674 3401 semper
1717 3318 1785 3380 in
1834 3316 2037 3379 nocte.
2090 3309 2271 3374 Tunc

732 3441 906 3507 enim
933 3439 1412 3502 firmamentum
1456 3447 1587 3493 non
1624 3423 2003 3499 movebitur,
2051 3423 2114 3482 et
2163 3416 2267 3481 Sol

735 3547 927 3613 stabit
955 3546 1025 3610 in
1068 3541 1390 3608 occidente
1406 3586 1423 3618 ‚
1465 3539 1529 3600 et
1567 3534 1748 3598 Luna
1783 3532 1848 3592 in
1879 3528 2120 3593 oriente
2142 3574 2159 3604 ,
2198 3527 2272 3587 ut

736 3654 1034 3721 continue
1075 3644 1603 3731 hemisphaerium
1633 3638 1926 3722 superius
1944 3635 2055 3697 illu
2063 3633 2266 3697 mine-

737 3771 849 3831 tur
874 3778 1145 3847 semper,
1176 3762 1239 3823 et
1264 3753 1526 3821 inferius
1571 3766 1822 3831 semper
1870 3721 2267 3809 obscuretur.

741 3873 905 3951 Quia
919 3889 1076 3952 ergo
1099 3869 1405 3950 perpetua
1429 3861 1572 3925 luce
1596 3856 1830 3921 fruitur
1846 3869 2074 3934 corpus
2098 3849 2272 3912 Chri-

741 3983 855 4063 sti,
883 3994 1217 4062 nunquam
1246 3972 1597 4038 celebratur
1614 3966 1808 4031 missa
1834 3961 1972 4027 sine
1999 3957 2269 4023 lumine.

745 4088 897 4155 Inde
921 4086 1112 4152 etiam
1147 4097 1412 4165 corpora
1450 4075 1892 4141 defunctorum
1939 4082 2275 4149 nunquam

506 4241 609 4285 „m
651 4248 719 4281 ω.
746 4199 882 4264 sine
902 4192 1146 4279 lumine
1165 4192 1235 4256 in
1259 4185 1516 4254 ecclesia
1541 4185 1726 4247 sunt:
1750 4191 2081 4260 speramus
2106 4172 2275 4237 enim

510 4299 689 4346 inbuti.

561 4850 700 4892 Prata
709 4871 724 4882 ·

515 4912 667 4955 ritum.

747 4324 857 4374 eos
880 4305 1187 4390 perpetua
1209 4299 1349 4364 luce
1372 4294 1701 4361 fruituros,
1731 4288 1959 4352 Amen.

952 4544 1300 4619 PSALMU
1304 4542 1350 4613 S
1394 4534 1664 4611 DAVID
1708 4528 2071 4602 LXXXIV.

831 4748 892 4809 2.
941 4735 1380 4814 Benedioeisti,
1437 4729 1734 4805 Domine,
1787 4728 2018 4790 terram
2075 4724 2278 4785 tuam.

753 4850 913 4918 Nota
941 4870 957 4913 ε
990 4844 1386 4932 praeteritum
1420 4835 1800 4922 quandoque
1839 4830 2019 4893 notat
2052 4828 2279 4908 praete·

755 4958 1070 5034 ritionem,
1102 4952 1273 5018 unde
1300 4947 1531 5014 dicitur
1561 4940 1804 5006 :aFuit
1830 4953 1961 5001 non
1989 4928 2287 4997 convenit

755 5065 901 5131 Det).
926 5086 958 5124 n
979 5054 1374 5140 Quandoque
1390 5048 1830 5136 perfectionem
1852 5090 1872 5122 ,
1896 5040 2066 5105 unde
2086 5038 2209 5102 hoc
2223 5042 2246 5076 ¹
2265 5057 2281 5099 ε

762 5195 792 5233 a
812 5168 1095 5247 Credidi3
1145 5167 1402 5248 propter
1448 5155 1617 5241 quod
1650 5152 1897 5217 locutus
1935 5165 2120 5224 sum;
2153 5166 2183 5206 ι»
2226 5146 2290 5208 et

752 5278 877 5344 hoc
927 5276 949 5314 ⁸
1004 5297 1020 5341 ι
1059 5270 1306 5341 «Hodie
1356 5262 1554 5350 genui
1589 5263 1688 5338 te,
1720 5280 1751 5319 n
1793 5261 1867 5322 ut
1909 5271 2022 5337 per
2064 5251 2285 5328 hodie,

821 5441 1065 5504 ⁸Plailip„
1093 5448 1172 5499 ιιι,
1201 5437 1279 5486 20.
1306 5459 1367 5471 —
1392 5430 1411 5461 ²
1432 5426 1564 5480 Psal.
1598 5435 1716 5488 CXV,
1751 5428 1822 5475 ¹0.
1854 5450 1912 5460 —
1942 5421 1960 5451 ³
1981 5419 2117 5470 Psal.
2152 5431 2209 5479 ιι,
2240 5422 2287 5468 Ἰ.

753 5542 812 5556 -
841 5516 864 5553 δ
889 5514 1054 5572 loun..
1080 5522 1124 5574 1,
1155 5514 1198 5557 ι.
1227 5532 1288 5545 -
1321 5504 1342 5539 ⁸
1369 5504 1491 5565 Ira„
1518 5511 1611 5561 vn,
1643 5502 1720 5547 ιο.

1771 488 2179 557 mosmo
2220 485 2302 552 IN
2346 483 2874 551 PSALTEmtm.

2377 639 2629 702 semper
2669 637 2988 704 przffiemu
3035 635 3151 699 per
3188 618 3404 699 ymeri,
3453 613 3751 697 perfectio
3801 630 3910 694 ge-

2375 727 2720 792 nerationis
2748 726 3155 806 daeignetur;
3184 723 3567 806 quandoque
3594 721 3911 785 certitudi-

2376 854 2524 898 nem
2545 883 2568 913 ,
2596 840 2671 896 ut
2705 833 2795 896 ibi
2818 883 2837 911 ,
2867 833 2936 895 in
2967 831 3340 896 certitudine
3366 829 3753 912 prophetica.
3786 828 3904 894 Po-

2376 941 2471 1003 nit
2495 942 2889 1022 praeteritum
2917 957 3032 1021 pro
3064 940 3315 1015 futur-03
3361 939 3470 1001 sed
3516 938 3907 1019 praeteritum

2376 1048 2814 1131 imperfectum
2858 1065 2977 1110 nec
3020 1047 3406 1122 finitionem,
3446 1064 3565 1109 nec
3602 1045 3906 1129 inceptio-

2374 1174 2522 1219 nem
2552 1160 2766 1232 notat,
2796 1154 2963 1218 unde
2988 1153 3111 1217 hoc
3144 1154 3170 1187 ⁸
3211 1176 3228 1216 :
3277 1176 3308 1212 α
3326 1152 3399 1215 In
3428 1153 3737 1236 principio
3778 1158 3912 1216 erat

2375 1262 2679 1326 Verbum.
2710 1287 2741 1320 n
2786 1265 2863 1324 Et
2891 1263 3043 1326 dicit
3060 1261 3337 1327 Hilarius
3368 1285 3385 1326 ε
3426 1287 3458 1322 α
3477 1262 3605 1327 Nec
3639 1264 3912 1330 interve·

2375 1371 2609 1434 nientis
2634 1376 2759 1448 aet,
2788 1389 2909 1435 nec
2934 1372 3460 1452 supervenientis,
3486 1395 3518 1430 ι

2452 1483 2514 1542 9.
2554 1478 2877 1558 Audiam,
2907 1483 3025 1542 etc.
3058 1478 3203 1559 Ille,
3235 1480 3347 1561 qui
3374 1480 3441 1543 in
3468 1481 3801 1563 prophetia
3824 1482 3912 1547 lo-

2374 1589 2596 1670 quitur
2616 1638 2634 1667 ,
2668 1587 2852 1651 debet
2879 1588 3083 1651 audiri
3108 1606 3191 1651 ex
3216 1588 3480 1667 timore,
3510 1607 3663 1653 nam
3686 1591 3913 1656 Domi-

2372 1713 2538 1774 nus;
2572 1702 2741 1760 etex
2768 1716 3018 1775 amore,
3058 1699 3445 1774 namDeu8;
3492 1700 3557 1761 et
3594 1697 3751 1779 quia
3792 1697 3913 1760 bo·

2373 1823 2533 1867 num
2580 1805 2873 1883 nuntiat,
2916 1805 3085 1869 unde
3135 1827 3150 1866 ε
3196 1807 3519 1887 Loquetur
3552 1820 3806 1886 pacem;
3848 1807 3913 1872 et

2372 1912 2525 1994 quia
2551 1912 2916 1992 proximum
2960 1911 3264 1990 aedisscat,
3307 1911 3479 1974 unde
3509 1932 3526 1975 :
3559 1914 3636 1977 in
3668 1911 3911 1994 plebem

2371 2035 2579 2084 suam.
2613 2019 2926 2097 Audiam,
2957 2018 3121 2100 quid
3139 2019 3442 2101 loquatur
3469 2021 3544 2084 in
3571 2036 3669 2084 me
3696 2021 3911 2085 Domi·

2374 2142 2498 2191 nus
2537 2128 2732 2192 Deus.
2782 2126 2948 2190 Deus
2980 2126 3262 2208 loquitur
3298 2126 3377 2190 ad
3415 2126 3757 2207 quosdam,
3799 2145 3911 2208 per
3986 2128 4105 2168 Μ

2375 2233 2717 2316 quosdam,
2747 2233 2905 2298 etin
2932 2233 3274 2314 quosdam,
3312 2234 3483 2297 unde
3505 2234 3627 2299 hoc
3649 2240 3671 2273 ⁸
3695 2258 3711 2295 :
3739 2260 3769 2294 «
3794 2235 3910 2299 Lo-
3952 2200 4128 2292 Ἦ

2374 2344 2561 2405 cutus
2601 2345 2698 2403 est
2737 2340 3040 2405 Dominus
3065 2340 3145 2404 ad
3180 2340 3422 2420 Achaz;
3457 2363 3488 2401 n
3516 2342 3629 2406 sed
3661 2359 3793 2405 non
3841 2344 3909 2406 in
3937 2316 4111 2367 ΨΜ

2373 2467 2522 2512 eum
2551 2453 2663 2511 aut
2692 2467 2807 2530 per
2837 2449 2909 2530 (b)
2941 2467 3116 2513 eum.
3161 2448 3282 2514 Per
3307 2449 3613 2530 quosdam
3632 2498 3653 2527 ,
3694 2455 3768 2512 ut
3794 2468 3906 2532 per

2374 2556 2699 2637 Caipham,
2730 2557 2985 2638 quando
3012 2558 3296 2621 nesciens
3320 2556 3750 2640 prophetavit;
3780 2576 3910 2622 non

2373 2663 2452 2727 ad
2476 2663 2684 2743 illum,
2712 2665 2909 2728 autin
2933 2664 3138 2728 illum.
3166 2664 3475 2746 Loquitur
3491 2665 3903 2747 in‘quosdam,

2374 2771 2538 2834 utin
2568 2770 2825 2849 Oseam,
2855 2773 3012 2835 etin
3058 2772 3285 2851 David,
3332 2772 3489 2836 etin
3521 2773 3722 2837 bonos
3766 2779 3905 2837 tan-

2372 2883 2533 2942 tum.
2567 2878 2773 2961 Loqui
2798 2880 2878 2943 ad
2906 2880 3246 2962 quosdam,
3277 2885 3373 2944 est
3411 2898 3754 2945 commune
3778 2887 3907 2945 tam

2375 2987 2592 3066 bonis,
2626 3005 2820 3069 quam
2863 2987 3078 3065 malis;
3116 2988 3294 3070 loqui
3341 2988 3408 3051 in
3435 2988 3779 3070 quosdam,
3819 2994 3913 3052 est

2375 3114 2717 3160 commune
2742 3100 2989 3161 tantum
3017 3096 3222 3162 boniS.

2456 3212 2555 3271 10.
2607 3206 2927 3287 Quoniam
2970 3206 3255 3290 loquetur
3293 3223 3515 3289 pacem
3565 3210 3638 3273 in
3674 3207 3910 3290 plebem

2375 3331 2560 3381 suam
2577 3363 2600 3394 ,
2634 3321 2692 3381 et
2717 3329 2909 3396 super
2944 3320 3200 3382 sanctos
3228 3331 3400 3381 suos.
3452 3314 3735 3391 Quatuor
3761 3321 3911 3380 sunt
3941 3307 4144 3420 ἓξὲξ·

2376 3441 2559 3505 paces
2606 3445 2619 3485 :
2671 3423 2830 3485 duas
2868 3422 2977 3486 dat
3001 3422 3205 3487 Deus:
3246 3422 3405 3486 duas
3440 3423 3548 3486 dat
3604 3424 3905 3489 mundus.

2376 3532 2649 3596 Mundus
2712 3532 2819 3595 dat
2870 3550 3089 3614 pacem
3143 3532 3212 3595 in
3260 3533 3712 3615 tranquillitate
3745 3538 3907 3598 tem·

2378 3639 2717 3722 poralium,
2750 3640 2904 3704 etin
2931 3639 3199 3702 sanitate
3225 3657 3588 3721 corporum.
3621 3639 3784 3703 Deus
3807 3640 3913 3704 dat

2378 3766 2596 3830 pacem
2622 3749 2690 3811 in
2720 3747 3167 3830 tranquillitate
3197 3748 3431 3811 mentis
3447 3794 3464 3825 ,
3490 3748 3645 3811 etin
3675 3748 3912 3828 gaudio

2379 3855 2926 3937 contemplationis
2956 3878 2971 3919 :
3004 3855 3110 3920 sed
3138 3874 3286 3937 pax,
3318 3872 3463 3937 quae
3490 3858 3588 3920 est
3612 3856 3915 3939 tranquil-

2380 3962 2522 4025 litas
2553 3962 2804 4039 mentiS,
2835 3967 2927 4027 est
2948 3964 3022 4031 in
3049 3963 3346 4043 homine3
3382 3983 3478 4043 ea,
3503 3983 3649 4047 quae
3672 3964 3743 4028 in
3763 3983 3915 4046 gau-

2382 4072 2486 4136 dio
2516 4071 3062 4153 contemplationis
3079 4121 3101 4153 ,
3146 4092 3339 4157 supra
3376 4074 3728 4139 hominem.
3775 4074 3912 4140 Pri-

2384 4194 2489 4240 ma
2515 4178 2590 4241 in
2624 4174 2861 4259 plebem
2897 4175 3201 4258 quoniam
3249 4176 3627 4259 imperfectis
3658 4177 3915 4255 tribuit;

2385 4283 2660 4348 secunda
2688 4333 2705 4364 ,
2763 4299 2956 4366 super
3008 4289 3285 4361 sanctae,
3339 4283 3492 4366 quia
3544 4284 3924 4367 perfectiori-

2386 4391 2506 4455 bus
2546 4391 2858 4471 concedit,
2901 4391 3071 4455 unde
3110 4413 3126 4456 z
3175 4392 3375 4474 Prope
3418 4393 3715 4461 timentes
3753 4408 3918 4458 eum.

2298 4596 2307 4604 ·
2389 4499 2675 4564 Christus
2707 4503 2844 4563 erat
2876 4517 3073 4581 prope
3097 4498 3133 4562 J
3134 4500 3354 4564 udaeos
3378 4500 3625 4565 ratione
3651 4500 3925 4583 promis-

2389 4607 2582 4671 sionis
2604 4654 2622 4684 ,
2666 4624 2815 4669 nam
2842 4606 2974 4669 fere
3001 4623 3224 4672 omnes
3262 4608 3716 4690 promissiones,
3743 4608 3923 4672 factae

2391 4719 2543 4780 sunt
2565 4715 2843 4793 Judaeis3
2874 4716 3119 4781 ratione
3146 4717 3409 4781 seminis
3436 4765 3454 4796 ,
3504 4717 3658 4800 quia
3692 4717 3811 4781 fuit
3841 4734 3926 4782 ex

2392 4823 2634 4887 semine
2685 4823 2961 4888 Abrahae
3007 4847 3024 4903 ;
3074 4828 3319 4889 ratione
3372 4824 3870 4890 conversationis
3901 4873 3923 4904 ,

2391 4931 2543 5013 quia
2568 4932 2733 4996 inter
2760 4949 2869 4996 eos
2899 4937 3312 4996 conversatus
3334 4936 3458 5014 est,
3492 4935 3555 4999 et
3580 4936 3830 4999 tantum
3858 4932 3926 4997 in

2392 5055 2484 5101 els
2512 5057 2578 5101 m
2604 5040 2861 5121 propria
2885 5057 3172 5123 persona.

2476 5152 2573 5210 ιι.
2628 5148 2896 5215 Justitia
2942 5153 3003 5215 et
3033 5166 3175 5232 pace
3219 5150 3516 5218 osculatae
3566 5156 3739 5223 sunt.
3791 5149 3926 5216 Pax

2397 5255 2521 5318 alia
2536 5302 2555 5334 ‚
2598 5257 2853 5337 quando
2907 5276 3053 5323 caro
3097 5259 3510 5343 concupiscit,
3563 5262 3633 5324 et
3670 5258 3931 5341 spiritus

2398 5364 2786 5447 acquiescit3
2853 5367 2977 5432 alia
3032 5371 3127 5433 est
3175 5388 3331 5451 pax,
3381 5369 3635 5453 quando
3674 5368 3931 5451 spiritus

2462 5495 2527 5558 (a)
2555 5496 2675 5548 coet.
2707 5496 2829 5547 edit.
2858 5496 3110 5550 videmus.
3130 5520 3191 5539 -
3215 5495 3282 5561 (b)
3313 5498 3437 5548 Item
3466 5499 3548 5551 ad.
