4196 6294
1586 482 1943 548 PSALMUS
1984 484 2244 550 CXVIII.

322 623 487 683 ribus
515 622 872 697 dogmatizat
907 619 1398 694 psalmographus
1434 634 1544 693 per
1569 617 1695 676 haec
1727 633 1860 676 ver-

322 717 441 777 ba:
483 718 660 775 Beati.
696 717 798 774 llic
822 718 1093 785 notatur,
1121 729 1241 789 quo
1268 712 1545 784 tendant,
1582 714 1648 771 ut
1681 710 1861 786 perfi-

323 810 568 869 ciantur.
608 812 957 868 Immaculata·
990 812 1053 865 in
1093 812 1205 866 via.
1253 807 1353 865 Hic
1389 809 1654 877 notatur,
1701 820 1856 878 quo·

322 903 506 962 modo
554 901 817 974 tendant,
873 919 948 960 ne
994 901 1347 959 inficiantur.
1394 902 1502 969 Qui
1563 901 1854 956 ambulant.

321 998 422 1055 Hic
460 1000 715 1066 notatur,
758 995 807 1052 si
847 994 1107 1065 tendant,
1145 997 1211 1051 ut
1252 992 1608 1051 reficiantur.
1647 995 1714 1049 In
1750 994 1859 1062 leae

322 1094 558 1148 Domini.
599 1089 700 1148 llic
736 1092 1009 1160 notatur,
1040 1104 1161 1163 qua
1196 1086 1478 1159 tendant,
1515 1103 1589 1144 ne
1634 1086 1856 1144 interfl-

331 1183 577 1243 ciantur.
1067 1195 1077 1207 ’

816 1254 1098 1310 Articulus
1135 1256 1361 1325 primus.

391 1376 616 1432 Docens
643 1385 785 1444 ergo
812 1369 1096 1440 viatoreS,
1129 1385 1250 1443 quo
1280 1369 1554 1440 tendant,
1581 1369 1648 1425 ut
1678 1366 1857 1441 perfi-

320 1469 578 1537 ciantur,
611 1466 750 1524 dicit
787 1483 802 1523 t
832 1467 1007 1522 Beati.
1036 1463 1126 1522 Ad
1151 1464 1268 1521 hoc
1296 1463 1453 1521 enim
1482 1462 1700 1520 debent
1732 1467 1858 1519 ten·

153 1579 292 1623 euu-
321 1564 492 1635 dere,
521 1564 588 1619 ut
614 1560 727 1618 sint
750 1558 926 1618 beati.
959 1561 1053 1615 Est
1081 1560 1280 1616 autem
1302 1555 1607 1615 beatitudo
1636 1554 1858 1630 perfec-

94 1641 294 1696 ΜΘΝ·
321 1659 468 1729 tiva,
501 1656 624 1713 sive
655 1669 886 1712 summa
923 1651 1202 1727 perfectio
1238 1649 1513 1709 beatifica
1551 1648 1859 1722 tripartita,

119 1702 268 1746 fectiva

118 1764 266 1819 tripar-

120 1826 210 1871 tiu·

316 1750 592 1811 videlicet
619 1749 791 1818 visio,
818 1746 1019 1817 tentio,
1040 1745 1236 1803 fruitio
1253 1744 1540 1802 Trinitatis
1566 1742 1854 1800 increatae.

317 1847 458 1915 Quae
491 1847 630 1902 sunt
672 1840 1000 1917 perfectivae
1034 1839 1303 1897 trinitatis
1342 1840 1551 1895 creatae
1571 1880 1591 1909 ,
1619 1841 1684 1895 ut
1715 1840 1859 1911 puta

315 1938 642 2008 memoriae,
672 1934 1088 2009 intelligentiae,
1119 1935 1177 1991 et
1207 1931 1527 1991 voluntatis
1557 1949 1572 1988 τ
1604 1945 1858 2004 quarum

313 2032 513 2106 prima
554 2033 639 2088 est
684 2045 910 2087 merces
948 2026 1130 2098 fidei,
1178 2023 1441 2083 secunda
1481 2023 1645 2098 spei,
1689 2023 1859 2080 tertia

316 2124 632 2183 charitatis
662 2127 740 2180 De
765 2122 960 2197 prima
980 2118 1339 2178 beatitudine
1361 2116 1696 2192 perfectiva,
1725 2131 1858 2190 quae

316 2219 534 2278 dicitur
557 2216 709 2275 visio
728 2260 744 2288 ,
774 2214 1095 2288 figuraliter
1123 2213 1336 2271 dicitur
1361 2211 1381 2247 ¹
1413 2228 1429 2269 ε
1467 2209 1677 2269 «Beati
1702 2207 1857 2268 servi

314 2314 426 2385 tui,
451 2310 589 2371 ethi
613 2309 715 2385 qui
744 2309 1015 2367 assistunt
1037 2322 1238 2365 coram
1255 2309 1313 2363 te
1342 2304 1504 2363 omni
1522 2306 1806 2378 tempore.
1821 2321 1853 2359 π

315 2410 398 2466 De
428 2404 709 2475 secunda,
741 2420 873 2478 quae
900 2401 1111 2460 dicitur
1135 2399 1340 2470 tentio,
1366 2399 1580 2472 legitur
1596 2398 1620 2432 ¹
1647 2416 1662 2454 ε
1692 2415 1722 2450 α
1747 2396 1858 2467 Qui

314 2499 568 2560 tenuerit
598 2514 765 2569 eam,
808 2517 838 2552 ι)
879 2495 1097 2554 scilicet
1129 2492 1478 2568 sapientiam
1516 2491 1856 2564 increatam,

322 2615 349 2647 a
370 2593 602 2650 beatuS.
620 2613 647 2645 ι)
667 2594 744 2648 De
770 2589 958 2659 tertia,
981 2604 1113 2662 quae
1131 2584 1570 2658 diciturfruiti0‚
1588 2584 1686 2643 vel
1696 2600 1860 2644 ama-

312 2686 456 2745 bilis
482 2685 764 2756 adhaesio,
787 2681 1059 2741 scribitur
1079 2681 1142 2739 in
1171 2682 1355 2750 Tobia,
1375 2679 1482 2738 ubi
1502 2678 1764 2754 loquitur
1783 2677 1857 2734 de

314 2778 536 2857 coelesti
580 2777 845 2848 civitate,
891 2777 1013 2833 sive
1060 2773 1330 2832 felicitate
1351 2816 1369 2844 ,
1412 2773 1557 2847 quia
1609 2770 1860 2829 coelestis

313 2871 694 2931 civitas'nihil
719 2869 882 2929 aliud
909 2873 1027 2941 est,
1057 2884 1240 2942 quam
1265 2866 1510 2925 felicitas
1538 2867 1563 2902 ⁸
1592 2883 1607 2921 :
1645 2883 1674 2918 α
1701 2863 1859 2923 Beati

315 2981 529 3023 omnes
575 2964 680 3039 qui
720 2962 972 3036 diligunt
1007 2965 1090 3034 te,
1132 2965 1188 3019 et
1236 2959 1340 3034 qui
1375 2958 1635 3032 gaudent
1681 2973 1859 3032 super

309 3075 463 3135 pace
488 3064 607 3117 tua.
638 3079 666 3113 »
691 3057 928 3115 Dilectio
955 3056 1205 3131 pertinet
1222 3054 1303 3112 ad
1327 3052 1706 3121 fruitionem3
1737 3067 1856 3126 pax

311 3161 515 3216 autem
544 3155 621 3214 ad
642 3154 932 3229 appetitus
959 3149 1549 3211 consummationem.

786 3313 1069 3369 Articulus
1094 3308 1371 3367 secundus.

383 3438 659 3499 Secundo
689 3436 911 3495 docens
936 3434 1190 3492 viatores
1223 3446 1344 3507 quo
1372 3429 1556 3489 modo
1585 3427 1856 3498 tendant,

309 3550 387 3594 ne
438 3531 814 3601 inficiantur,
861 3527 1062 3585 subdit
1099 3545 1114 3583 ε
1153 3526 1514 3583 immaculati.
1559 3523 1650 3582 Sic
1696 3521 1856 3581 enim

313 3627 497 3687 debet
522 3625 714 3685 viator
740 3623 1001 3693 tendere,
1028 3624 1095 3679 ut
1121 3621 1195 3678 sit
1215 3617 1625 3677 immaculatus
1652 3616 1851 3689 corde,

310 3738 453 3792 ore,
482 3724 537 3778 et
566 3734 765 3793 opere.
798 3720 875 3774 De
910 3732 1168 3791 quorum
1203 3712 1398 3788 primo
1429 3711 1641 3770 dicitur
1669 3710 1854 3781 infra,

308 3831 447 3890 cap.
481 3817 511 3871 6
543 3830 558 3870 :
596 3815 725 3870 Fiat
755 3827 844 3868 cor
876 3826 1046 3867 meum
1080 3809 1488 3865 immaculatum
1511 3808 1600 3876 in,
1633 3809 1740 3862 etc.
1777 3807 1856 3862 De

307 3905 579 3966 secundo
597 3907 619 3941 ⁸
644 3924 659 3963 τ
693 3924 721 3959 ι(
748 3904 936 3978 Elegit
960 3918 1071 3959 nos
1097 3905 1230 3959 ante
1256 3899 1464 3958 mundi
1494 3897 1858 3956 constitutio-

307 4018 486 4074 nem,
519 4006 583 4059 ut
609 4016 868 4059 essemus
912 3996 1092 4055 sancti
1119 3998 1177 4053 et
1200 3992 1564 4053 immaculati
1590 3992 1652 4050 in
1686 4008 1854 4050 cons·

309 4100 489 4174 pectu
526 4096 674 4170 ejus.
712 4117 743 4150 »
779 4097 1018 4152 sanctos
1055 4091 1194 4150 dicit
1237 4094 1523 4166 quantum
1569 4089 1648 4146 ad
1683 4088 1855 4145 affec·

309 4197 474 4260 tum3
498 4189 927 4261 immaculatos,
958 4189 1246 4263 quantum
1273 4184 1352 4243 ad
1379 4183 1621 4242 affatum
1650 4183 1747 4256 (a).
1779 4184 1855 4239 De

314 4283 487 4345 tertio
515 4286 537 4320 ⁸
574 4302 590 4339 ε
644 4302 672 4337 α
710 4281 958 4356 Satagite
989 4278 1382 4350 immaculati,
1419 4279 1476 4334 et
1509 4275 1777 4334 inviolati
1801 4274 1857 4332 ei

313 4378 609 4439 inveniri:
638 4399 668 4434 1>
695 4377 864 4453 quasi
892 4375 1080 4434 dicat:
1113 4369 1476 4431 immaculati
1502 4369 1775 4439 exterius,
1802 4373 1860 4427 et

316 4472 587 4532 inviolati
614 4470 876 4528 interius.
905 4468 1067 4527 Unde
1097 4466 1264 4540 quod
1289 4463 1561 4523 subditur
1589 4482 1606 4519 ε
1636 4465 1702 4519 ln
1732 4466 1857 4532 via,

316 4564 662 4637 intelligitur
686 4568 808 4622 tam
829 4563 904 4620 de
932 4562 1031 4619 via
1055 4559 1345 4630 exteriori,
1368 4573 1553 4633 quam
1568 4555 1832 4614 interiori
1837 4575 1857 4629 3

318 4676 576 4736 quarum
623 4659 789 4733 prior
827 4656 1076 4731 pertinet
1120 4654 1197 4712 ad
1253 4652 1559 4712 hominem
1606 4651 1857 4709 exterio-

316 4736 488 4823 rem,
515 4753 806 4828 posterior
854 4749 934 4807 ad
972 4747 1307 4807 interiorem
1334 4765 1349 4805 ε
1393 4747 1466 4804 de
1495 4745 1712 4820 quibus
1745 4743 1858 4802 viis

320 4847 473 4907 illud
518 4845 929 4923 propheticum
965 4844 1159 4917 potest
1207 4840 1456 4915 intelligi
1504 4841 1526 4876 ⁸
1574 4858 1589 4897 :
1637 4842 1676 4895 ἀ
1725 4838 1858 4897 Vias

311 4945 482 5016 -tuas,
513 4941 792 5012 Domine,
822 4938 1162 4996 demonstra
1187 4934 1411 4996 mihi.»

836 5098 1109 5156 Articulum
1148 5097 1355 5152 tertius.

395 5226 581 5309 Tertio
597 5268 617 5298 ‚
647 5224 867 5285 docens
893 5219 1190 5284 attendere
1226 5218 1279 5276 si
1313 5216 1588 5289 tendant,
1630 5220 1697 5276 ut
1719 5216 1855 5276 refi-

297 5364 307 5375 ·
393 5354 406 5383 ¹
437 5354 479 5405 ll
506 5351 757 5417 Paralip„
795 5362 880 5412 ιι,
910 5351 958 5403 7.
987 5373 1050 5387 -
1086 5347 1111 5382 ¹
1135 5348 1309 5406 Prov„
1344 5354 1427 5409 111,
1465 5347 1540 5396 18.
1576 5369 1641 5384 -—
1675 5344 1695 5373 ⁸
1724 5342 1859 5407 Tuo„

327 5435 460 5490 xm,
491 5426 566 5478 ¹8.
595 5449 656 5464 -
689 5423 714 5458 ⁸
744 5420 946 5486 Ephes„
975 5428 1022 5481 1,
1056 5419 1102 5469 ⁴.
1132 5444 1194 5455 -
1231 5415 1255 5451 ⁸
1293 5416 1331 5465 lt
1373 5413 1529 5478 Petu,
1567 5425 1655 5477 111,
1693 5416 1767 5465 ¹4.
1802 5439 1853 5451 -

3384 498 3502 558 319

1969 618 2230 693 cientur,
2270 616 2439 677 addit
2467 635 2483 675 :
2532 619 2640 688 Qui
2681 620 3002 679 ambulant:
3033 636 3160 682 non
3193 639 3373 700 supra
3407 643 3501 703 se,

1965 711 2114 771 sicut
2141 710 2434 770 ambitiosi
2448 730 2467 785 3
2496 727 2622 769 non
2658 711 2808 770 circa
2834 728 2929 785 se,
2955 712 3106 775 sicut
3130 717 3468 793 voluptuosi
3481 739 3503 797 3

1963 821 2087 863 non
2116 805 2270 863 infra
2295 821 2389 875 se,
2417 804 2565 864 sicut
2591 806 2834 879 curiosi;
2864 806 2968 864 sed
2997 823 3199 867 coram
3226 826 3286 869 se
3305 856 3321 884 ,
3357 813 3506 875 sicut

1963 898 2232 957 virtuosi.
2259 899 2435 957 Primi
2466 900 2714 958 tendunt
2738 904 2875 974 post
2899 902 3239 976 vanitatem,
3270 905 3344 964 de
3373 907 3503 981 qui·

1963 992 2077 1051 bus
2105 995 2127 1029 '¹
2159 1011 2174 1050 ε
2213 1013 2242 1048 α
2268 992 2734 1051 Ambulaverunt
2758 999 2894 1068 post
2917 996 3257 1070 vanitatem,
3285 1004 3341 1058 et
3367 1003 3504 1060 vani

1963 1085 2101 1144 facti
2129 1090 2264 1144 sunt
2290 1105 2304 1143 ε
2326 1108 2354 1141 »
2391 1103 2648 1161 quorum
2675 1089 2934 1161 primum
2963 1090 3211 1163 pertinet
3231 1092 3310 1151 ad
3336 1095 3506 1153 affec·

1963 1183 2124 1251 tum,
2155 1180 2483 1238 secundum
2512 1180 2592 1238 ad
2631 1180 2922 1240 effectum.
2969 1185 3221 1243 Secundi
3259 1188 3509 1248 tendunt

1962 1275 2098 1348 post
2137 1274 2503 1349 voluptatem
2524 1317 2544 1346 ,
2574 1272 2641 1332 de
2682 1274 2901 1349 quibus
2936 1276 3000 1334 ⁸:
3035 1298 3065 1332 α
3099 1282 3232 1339 Post
3267 1297 3508 1341 carnem

1963 1367 2028 1426 in
2055 1368 2532 1442 concupiscentia
2559 1367 2947 1428 immunditiae
2975 1372 3304 1445 ambulant,
3337 1374 3504 1433 dam-

1965 1461 2385 1538 nationemque
2436 1467 2858 1523 contemnunt:
2886 1485 2915 1522 υ
2962 1482 3217 1541 quorum
3244 1468 3504 1543 primum

1961 1552 2211 1614 refertur
2246 1556 2328 1623 ad
2355 1560 2557 1615 actum
2595 1557 3090 1632 praevaricationis
3108 1602 3128 1631 ,
3175 1563 3505 1620 secundum

1963 1648 2043 1707 ad
2094 1653 2498 1724 contemptum
2562 1653 2963 1726 correptionis
3023 1655 3194 1713 Tertii
3253 1655 3505 1715 tendunt

1963 1745 2098 1817 post
2122 1744 2502 1815 vacuitatem,
2532 1760 2638 1802 seu
2674 1747 3085 1821 temporalium
3125 1749 3503 1823 supervacui·

1963 1840 2178 1909 tatem,
2209 1837 2285 1895 de
2323 1838 2541 1911 quibus
2559 1839 2582 1875 ⁹
2609 1856 2624 1896 ε
2661 1858 2690 1893 α
2717 1840 3200 1900 Ambulabuntin
3226 1858 3502 1913 vacuum,

1966 1934 2022 1989 et
2068 1931 2381 2005 peribunt:
2430 1953 2459 1986 »
2520 1949 2782 2007 quorum
2824 1934 3083 2008 primum
3128 1936 3376 2010 pertinet
3425 1935 3504 1994 ad

1966 2024 2235 2099 culpam,
2287 2023 2614 2083 secundum
2659 2025 2739 2086 ad
2783 2041 3045 2101 poenam.
3098 2028 3357 2104 Ideoque
3400 2030 3504 2105 qui

1964 2118 2276 2178 ambulant
2294 2134 2474 2193 supra
2500 2133 2589 2190 se,
2614 2135 2719 2178 seu
2744 2119 3053 2180 ambitiose
3067 2141 3086 2195 ;
3111 2122 3208 2181 vel
3235 2123 3392 2181 circa
3417 2140 3500 2197 se,

1962 2213 2080 2274 hoc
2107 2219 2193 2273 est
2216 2214 2597 2289 voluptuose3
2628 2213 2724 2273 vel
2752 2214 2904 2274 infra
2921 2232 3007 2287 se,
3028 2216 3092 2274 id
3120 2221 3224 2289 est,
3253 2218 3500 2291 curiose,

1963 2322 2087 2367 non
2128 2308 2501 2381 reficiuntur,
2544 2309 2686 2383 quia
2728 2325 2852 2367 non
2887 2309 3206 2383 proficiunt
3247 2311 3341 2385 (b).
3386 2312 3503 2371 Sed

1966 2401 2072 2475 qui
2110 2402 2419 2462 ambulant
2454 2416 2657 2461 coram
2693 2417 2756 2461 se
2775 2445 2795 2475 ,
2822 2402 2933 2460 soli
2960 2402 3333 2475 reficiuntur,
3363 2404 3504 2478 quia

1965 2495 2077 2552 soli
2102 2495 2366 2565 ulteriuS,
2391 2495 2489 2553 vel
2516 2495 2773 2554 anterius
2800 2496 3273 2570 progrediuntur.
3304 2496 3371 2555 ni
3399 2497 3502 2555 de-

1965 2592 2244 2666 notantur
2287 2589 2350 2647 in
2383 2588 2500 2647 illis
2536 2589 2931 2663 animalibus,
2978 2590 3054 2650 de
3092 2591 3311 2666 quibus
3355 2591 3500 2664 legi-

1965 2697 2100 2740 mus
2143 2682 2185 2717 ¹⁰
2228 2701 2242 2740 :
2280 2700 2310 2735 ιι
2336 2683 2811 2758 Unumquodque
2855 2700 3064 2744 eorum
3112 2701 3315 2745 coram
3356 2683 3503 2744 facie

1968 2791 2078 2834 sua
2103 2775 2469 2837 ambulabat.
2501 2796 2530 2832 n

2462 2934 2744 2992 Articulus
2770 2941 3015 3008 quartus.

2038 3058 2282 3130 Quarto,
2304 3057 2525 3117 docens
2549 3076 2670 3133 qua
2690 3059 2948 3133 tendant,
2968 3077 3044 3118 ne
3060 3060 3499 3136 interficiantur,

1964 3151 2313 3225 superaddit
2345 3171 2360 3210 ε
2401 3155 2469 3214 In
2514 3155 2626 3226 leqe
2675 3158 2927 3226 Domini,
2972 3154 3115 3230 quia
3158 3171 3365 3215 revera
3404 3156 3504 3215 lex

1966 3243 2269 3304 dominica
2296 3250 2381 3303 est
2417 3245 2517 3304 via
2552 3262 2677 3305 non
2705 3246 3058 3320 guerrifera,
3086 3248 3193 3306 sed
3219 3249 3498 3323 pacifica3

1964 3338 2128 3397 unde
2183 3338 2477 3413 Propheta
2504 3340 2546 3377 ¹²
2596 3359 2612 3398 ε
2663 3360 2692 3394 «
2717 3344 2837 3399 Pax
2882 3342 3068 3400 multa
3123 3342 3502 3417 diligentibus

1964 3429 2162 3504 legem
2188 3436 2351 3489 tuam
2375 3452 2394 3504 3
2424 3452 2453 3488 n
2484 3449 2609 3491 non
2634 3435 2944 3507 mortifica,
2971 3436 3076 3494 sed
3100 3437 3364 3509 vivifica,
3395 3453 3505 3495 un·

1965 3523 2040 3581 de
2070 3522 2116 3559 ¹²
2147 3544 2161 3580 ε
2200 3544 2229 3579 α
2257 3527 2370 3583 Lex
2398 3526 2697 3600 sapientis,
2724 3526 2856 3586 fons
2884 3528 3035 3603 vitae;
3065 3551 3094 3581 »
3126 3545 3250 3587 non
3278 3530 3507 3587 damni-

1963 3616 2117 3686 fica,·
2160 3618 2267 3677 sed
2316 3619 2621 3694 beatifica,
2669 3622 2829 3680 unde
2851 3624 2894 3658 ¹⁸
2950 3641 2973 3701 2⁴
3027 3640 3057 3676 α
3092 3623 3201 3691 Qui
3254 3623 3507 3682 custodit

1964 3712 2195 3786 legem,
2221 3714 2431 3774 beatus
2461 3719 2581 3789 est,
2613 3736 2642 3772 ιο
2666 3717 2729 3775 in
2753 3733 2879 3791 spe,
2904 3731 3025 3776 non
3052 3717 3115 3776 in
3139 3733 3223 3777 re.

2608 3877 2869 3944 Epilogus.

2035 3997 2196 4053 Beati
2229 4012 2372 4070 ergo
2403 4002 2559 4067 sunt,
2600 3999 2956 4059 attendendo
2985 4016 3106 4074 quo
3139 3999 3404 4073 tendunt,
3440 4004 3506 4058 ut

1964 4089 2345 4162 perficiantur
2391 4109 2406 4147 ε
2456 4094 2800 4150 Immaculati
2846 4085 2907 4150 in
2954 4098 3090 4161 via,-
3143 4093 3502 4153 attendendo

1965 4197 2087 4255 quo
2117 4183 2301 4242 modo
2339 4185 2626 4258 tendunt,
2665 4203 2741 4244 ne
2773 4186 3148 4246 inficiantur:
3191 4190 3299 4257 Qui
3325 4189 3504 4246 ambu-

1967 4279 2115 4346 lam3
2143 4279 2501 4337 attendendo
2539 4281 2586 4337 si
2632 4281 2873 4339 tendant
2903 4283 2970 4357 (c)
2991 4324 3011 4354 ‚
3038 4286 3105 4340 ut
3129 4283 3500 4342 reficiantur:

1965 4372 2031 4427 In
2073 4372 2186 4443 leqe
2221 4374 2474 4443 Domini3
2509 4374 2900 4448 attendendo,
2944 4393 3066 4453 qua
3104 4378 3381 4450 tendunt,
3428 4393 3502 4435 ne

1968 4464 2408 4528 interficiantur.

2529 4633 2865 4678 vnnstcums
2898 4636 2962 4679 11.

2037 4755 2220 4824 Beati,
2252 4757 2350 4826 qui
2376 4760 2690 4814 scrutantur
2707 4761 3017 4816 testimonia
3038 4760 3169 4831 ejvs,
3194 4764 3300 4819 etc.
3328 4763 3503 4836 Supe-

1968 4845 2090 4904 rius
2135 4847 2389 4905 ostendit
2430 4850 2746 4924 Propheta,
2791 4853 2957 4927 quod
2993 4852 3369 4912 beatitudinis
3403 4857 3502 4915 via

1967 4939 2041 4997 sit
2062 4940 2420 5014 spectabiIiS,
2440 4944 2584 5016 quia
2600 4961 2899 5019 congrua3
2922 4946 3017 5005 hic
3044 4948 3315 5023 ostendit,
3337 4951 3501 5024 quod

1969 5107 1989 5138 ⁸
2015 5107 2153 5160 psat.
2185 5120 2330 5174 xxxv,
2350 5111 2405 5160 4.
2428 5137 2490 5148 -
2518 5112 2538 5142 ’
2564 5111 2766 5176 Jerem„
2797 5126 2860 5176 11,
2885 5116 3015 5163 5.-
3035 5113 3059 5150 ⁸
3087 5116 3125 5164 ΙΙ
3151 5116 3306 5179 Petra,
3336 5129 3393 5181 11,
3424 5121 3501 5171 tn.

1966 5205 2028 5216 —
2051 5180 2197 5245 ’Joo,
2229 5193 2299 5246 Vl,
2326 5184 2483 5233 ¹8.—
2512 5183 2555 5218 ¹⁰
2570 5183 2766 5245 Ezech„
2794 5196 2830 5248 1,
2858 5189 3002 5237 ¹2—
3026 5188 3063 5221 ¹¹
3085 5187 3225 5240 Psal.
3249 5188 3364 5249 hoc,
3392 5193 3498 5240 165.

1969 5277 2025 5287 -
2061 5250 2098 5283 ¹¹
2122 5255 2294 5318 Prov„
2322 5265 2443 5317 xm,
2473 5256 2552 5305 14.
2575 5279 2638 5294 -
2670 5254 2707 5290 ¹⁸
2731 5256 2899 5319 Prov„
2927 5269 3073 5321 xxix,
3102 5260 3180 5309 18.

2030 5341 2102 5405 (α)
2133 5342 2248 5408 Leq.
2273 5341 2531 5395 effectum.
2551 5370 2607 5382 -
2634 5343 2701 5408 (ὁ)
2732 5344 2836 5396 Goet
2861 5345 2983 5398 edit.
3012 5347 3414 5412 proficiscuntur.
3440 5377 3503 5390 --

1972 5412 2032 5477 (c)
2061 5412 2187 5465 Item
2215 5415 2441 5467 tendunt.
