4196 6294
1710 418 1964 489 CAPUT
2005 422 2136 489 Vll.

331 558 472 624 ideo
504 558 700 624 dicit:
733 558 881 626 Noli
909 573 1036 625 esse
1062 558 1325 625 stultus.
1358 571 1375 605 ¹
1414 581 1445 619 α
1477 558 1598 635 Qui
1635 560 1874 640 cogitat

333 667 502 730 mala
539 666 777 746 facere,
809 665 1040 731 stultus
1078 666 1431 733 vocabitur.
1480 688 1511 726 ι)
1560 666 1871 747 Cogitatio

315 774 507 863 stulti
526 823 543 852 ,
581 778 946 857 peccatum3
979 779 1043 839 et
1067 775 1221 858 quia
1255 778 1584 857 peccatum
1614 776 1677 837 et
1705 773 1869 836 stul-

329 881 468 945 titia
493 882 841 947 accelerant
864 887 1157 962 mortem,
1184 882 1327 946 ideo
1354 882 1651 964 sequitur
1670 880 1865 944 ratio:

329 988 421 1055 Ne
447 991 751 1057 moriaris
779 993 853 1057 in
881 996 1148 1072 tempore
1172 1006 1304 1056 non
1347 995 1484 1070 tuo,
1517 989 1584 1054 id
1621 992 1748 1068 est,
1790 1006 1872 1052 ne

330 1090 716 1163 acceleretur
736 1117 911 1163 mors
950 1109 1083 1178 tua,
1118 1098 1270 1180 quia
1309 1097 1541 1163 dicitur
1563 1103 1586 1138 ¹
1623 1116 1637 1160 :
1680 1120 1710 1158 c<
1737 1094 1872 1160 Viri

329 1205 720 1286 sanguinum
761 1211 824 1270 et
863 1206 1065 1271 dolosi
1099 1224 1230 1270 non
1271 1204 1695 1269 dimidiabunt
1738 1203 1872 1267 dies

332 1330 502 1377 suos,
549 1334 580 1373 n
629 1312 708 1377 Et
745 1332 971 1379 rursus
1012 1313 1241 1377 dicitur
1278 1314 1301 1349 ⁸
1345 1335 1361 1377 z
1411 1335 1442 1373 «
1484 1310 1720 1390 Stulte,
1750 1312 1872 1375 hac

332 1424 514 1484 noete
539 1419 821 1485 animam
860 1425 1039 1486 tuam
1065 1423 1351 1503 repetent
1377 1438 1416 1483 a
1451 1424 1535 1484 te.
1576 1441 1608 1479 ι)
1636 1418 1872 1483 Exem-

330 1525 511 1609 plum
550 1528 628 1591 de
671 1528 918 1592 Dathan
964 1532 1028 1593 et
1061 1528 1301 1592 Abiron
1341 1528 1364 1563 ⁴
1384 1576 1404 1606 ,
1451 1527 1565 1610 qui
1610 1526 1868 1591 descen-

331 1632 562 1698 derunt
585 1634 873 1701 viventes
899 1635 971 1699 in
1002 1636 1348 1700 infernum.

412 1745 512 1805 19.
550 1742 797 1808 Bonum
843 1748 934 1809 est
972 1746 1029 1809 te
1063 1746 1412 1809 sustentare
1439 1740 1713 1823 justum.
1757 1740 1872 1806 Hic

329 1850 586 1913 notatur
607 1850 868 1927 tertium
896 1850 1372 1929 documentum,
1406 1849 1476 1912 in
1495 1868 1624 1932 quo
1654 1852 1873 1914 monet

327 1956 410 2020 ad
428 1956 887 2022 exhibitionem
912 1958 1364 2023 misericordiae
1388 1979 1405 2036 ;
1429 1961 1490 2020 et
1511 1955 1862 2039 praemittit‚

326 2067 391 2128 et
438 2065 775 2147 subjungit
824 2066 1159 2130 rationem.
1221 2064 1608 2128 Exhortatur
1639 2112 1657 2143 ,
1720 2081 1867 2127 cum

324 2172 477 2236 dicit
502 2195 518 2236 ε
541 2170 787 2239 Bonum
805 2178 894 2240 est
921 2179 978 2238 te
996 2176 1351 2239 sustentare
1369 2171 1643 2253 justum.
1667 2176 1689 2210 ⁸
1726 2193 1758 2231 α
1777 2168 1867 2234 Ne

323 2279 639 2345 insidieris
696 2285 759 2346 et
812 2299 1063 2364 quaeras
1109 2281 1495 2364 impietatem
1553 2279 1619 2342 in
1675 2278 1866 2344 domo

313 2389 512 2472 justi,
545 2393 606 2454 et
641 2408 725 2453 ne
763 2393 972 2455 vastes
998 2388 1286 2470 requiem
1326 2389 1496 2471 ejus,
1527 2409 1558 2445 ι)
1604 2387 1759 2469 quia
1787 2385 1809 2421 ⁶
1843 2408 1857 2449 :

329 2518 363 2556 α
383 2495 525 2560 Nou
551 2500 645 2561 est
669 2497 914 2561 bonum
939 2496 1247 2561 damnum
1274 2496 1506 2559 inferre
1528 2497 1725 2577 juste,
1747 2512 1864 2560 nec

315 2607 650 2686 percutere
699 2606 1052 2689 principem
1072 2650 1089 2685 ,
1134 2604 1248 2687 qui
1298 2607 1470 2668 recta
1507 2602 1773 2685 judicat.·
1822 2625 1853 2663 n

315 2709 376 2775 N
379 2730 463 2776 on
481 2711 687 2777 solum
710 2714 924 2794 ,iustus
951 2716 1046 2777 est
1071 2711 1524 2776 sustentandus
1554 2711 1623 2774 in
1648 2727 1856 2791 causa,

314 2818 430 2882 sed
464 2820 658 2883 etiam
682 2819 1073 2902 porrigenda
1099 2820 1156 2882 ei
1183 2837 1416 2883 manus
1438 2836 1554 2900 per
1582 2816 1870 2883 eleemo··

315 2943 589 3008 synam3
627 2926 800 2990 unde
836 2925 1175 3008 subjungit
1217 2928 1304 3003 (v.
1356 2926 1452 3006 19)
1487 2947 1501 2988 t
1540 2924 1663 2991 Sed
1689 2931 1748 2992 et
1784 2926 1861 2992 ab

312 3031 432 3098 illo
450 3048 529 3099 ne
554 3033 896 3101 subtrahas
921 3048 1183 3098 manum
1210 3037 1409 3099 tuam.
1437 3032 1517 3097 Ut
1542 3033 1770 3097 dicitur
1795 3040 1816 3075 ⁷
1842 3053 1858 3098 ε

322 3163 359 3201 α
399 3139 665 3206 Benefac
693 3143 869 3225 justo
888 3190 906 3220 ,
937 3144 1001 3206 et
1044 3140 1334 3206 invenies
1377 3141 1862 3208 retributionem

309 3266 661 3331 magnam3
698 3252 763 3314 et
790 3250 845 3313 si
884 3267 1013 3313 non
1051 3248 1131 3313 ab
1171 3248 1315 3326 illo,
1345 3252 1511 3312 certe
1551 3267 1591 3312 a
1634 3249 1781 3313 Dee.
1822 3273 1853 3311 n

308 3357 426 3423 Sic
450 3359 778 3442 praemissa
804 3357 1263 3436 exhortatione,
1299 3357 1438 3439 subj
1449 3358 1634 3441 ungit
1659 3360 1861 3423 ratio-

307 3484 469 3531 nem
496 3468 844 3551 triplicem:
869 3473 931 3533 et
957 3469 1168 3552 prima
1183 3471 1278 3532 est
1295 3467 1512 3534 divina
1537 3469 1858 3550 voluntas,

163 3596 178 3614 0
305 3572 400 3635 ob
455 3594 654 3657 quam
698 3577 850 3642 dicit
899 3600 916 3641 ι
974 3577 1107 3659 Qui
1155 3577 1335 3643 timet
1387 3577 1632 3658 Deum,
1692 3575 1865 3643 nihil

302 3680 613 3763 neqliqit,
632 3683 710 3748 de
738 3683 863 3747 illis
888 3685 1146 3764 scilicet,
1169 3703 1314 3767 quae
1337 3684 1503 3749 Deus
1530 3684 1671 3749 vult
1698 3686 1859 3750 fieri.

299 3783 393 3850 Et
425 3792 449 3827 ⁸
479 3807 496 3851 ε
534 3810 566 3849 α
606 3788 681 3853 In
708 3793 840 3855 tota
866 3792 1081 3855 anima
1105 3794 1220 3856 tua
1245 3793 1401 3855 time
1427 3791 1666 3872 Deum,
1697 3797 1759 3857 et
1785 3792 1863 3857 de

297 3894 725 3977 negligentia
783 3915 998 3980 purga
1045 3900 1107 3962 te
1157 3917 1307 3963 cum
1360 3899 1601 3982 paucis.
1663 3922 1694 3958 ι
1749 3899 1862 3964 Se-

297 4002 531 4067 cunda
588 4002 749 4068 ratio
806 4006 903 4067 est
944 4004 1099 4087 justi
1153 4003 1433 4086 dignitas
1457 4054 1474 4085 ‚
1522 4006 1605 4070 oh
1665 4024 1862 4088 quam

294 4109 471 4176 dicit
517 4113 603 4190 (v.
638 4116 779 4195 2ομ
815 4111 1153 4193 Sapientia
1178 4114 1564 4192 confortavit
1594 4116 1861 4196 sapien-

299 4224 446 4287 tem
473 4234 664 4301 super
697 4218 910 4285 decem
940 4220 1273 4301 principes
1298 4222 1612 4297 civitatis,
1639 4225 1703 4285 et
1729 4221 1819 4286 ita
1841 4227 1863 4261 ⁹

310 4352 350 4391 ι
394 4327 630 4393 melior
664 4331 759 4393 est
797 4328 1107 4411 sapientia
1131 4376 1147 4405 ,
1193 4346 1386 4409 quam
1422 4328 1592 4392 vires
1608 4376 1629 4407 ,
1670 4333 1735 4393 et
1766 4329 1865 4394 vir

307 4435 611 4520 prudens
658 4435 883 4500 melior
916 4437 1044 4515 est,
1088 4452 1283 4516 quam
1323 4433 1520 4498 fortis,
1571 4455 1602 4492 n
1655 4433 1865 4499 Tertia

301 4540 489 4610 ratio
526 4546 621 4606 est
653 4541 942 4607 humana
984 4540 1327 4622 fragilita&
1357 4539 1441 4604 ob
1477 4557 1674 4622 quam
1715 4540 1865 4604 dicit

305 4654 413 4738 (v.
441 4649 540 4732 21)
563 4648 746 4716 :Non
768 4653 860 4715 est
878 4647 1289 4730 homojustus
1305 4649 1379 4713 in
1397 4654 1597 4727 terra,
1623 4648 1738 4729 qui
1757 4648 1865 4726 fa-

289 4762 456 4829 ciat
482 4757 745 4836 bonum,
787 4761 846 4822 et
871 4770 1002 4823 non
1024 4760 1273 4837 peccet;
1294 4757 1357 4819 et
1397 4754 1538 4819 ideo
1566 4755 1868 4818 miseren-

287 4872 480 4939 dum
507 4868 602 4929 est
627 4866 944 4949 peccanti,
978 4868 1053 4929 ut
1099 4864 1330 4929 dicitur
1361 4864 1406 4900 ¹⁰
1439 4886 1500 4929 :a
1532 4864 1772 4946 Septies
1798 4862 1868 4928 in

286 4978 415 5044 die
438 4973 855 5056 caditjustuS‚
876 4976 940 5036 et
963 4976 1259 5054 resurget
1284 4991 1348 5037 :n
1375 4971 1864 5054 imoquantum-

3400 429 3511 492 641

1978 558 2349 636 dixerImuS,
2371 558 2522 640 quia
2534 563 2862 640 peccatum
2877 576 3010 624 non
3026 558 3358 640 habemus,
3389 559 3510 643 ipsi

1979 685 2096 730 nos
2123 666 2505 746 seducimuS,
2534 671 2598 730 et
2620 668 2852 732 veritas
2879 686 3011 732 non
3037 668 3222 732 estin
3249 668 3455 734 nobis,
3477 690 3508 729 n

2059 780 2160 839 2⁶2..
2192 774 2326 840 Sed
2363 780 2424 842 et
2455 778 2705 842 cunctis
2741 775 3157 843 sermonibus.
3202 775 3520 858 Tangitur

1977 882 2085 946 hic
2117 886 2418 964 quartum
2448 883 2899 949 documentum
2916 931 2932 960 ,
2956 884 3032 947 in
3059 903 3189 966 quo
3219 884 3512 948 hortatur

1979 988 2060 1052 ad
2089 989 2663 1055 dissimulationem
2705 991 2978 1074 propriae
3020 992 3274 1075 injuriae
3305 1014 3321 1056 ε
3351 991 3521 1057 unde

1980 1094 2166 1159 debet
2184 1096 2511 1179 inquirere
2527 1147 2550 1177 ,
2577 1115 2697 1161 nec
2717 1098 2894 1162 omni
2915 1099 3213 1164 referenti
3239 1099 3515 1165 credere.

1980 1202 2127 1268 Ideo
2163 1204 2313 1269 dicit
2356 1228 2373 1267 ι
2419 1205 2545 1272 Sed
2586 1210 2645 1271 et
2688 1207 2934 1273 cunctis
2972 1207 3362 1274 sermonibus
3404 1210 3521 1292 qui

1980 1309 2320 1391 dicuntur,
2346 1330 2425 1379 ne
2457 1313 2882 1382 accommodes
2913 1328 3019 1381 cor
3047 1319 3266 1381 tuum:
3291 1315 3357 1380 id
3382 1319 3516 1396 est,

1981 1437 2110 1483 non
2154 1420 2439 1502 praebeas
2481 1420 2674 1485 fldem
2706 1443 2723 1499 ;
2773 1421 2927 1503 quia
2975 1440 3174 1504 parva
3221 1422 3379 1488 fides
3426 1427 3521 1488 est

1979 1525 2337 1592 adhibenda
2365 1528 2600 1608 verbiS,
2631 1527 2782 1611 quia
2810 1528 2998 1592 multi
3026 1528 3224 1594 multa
3246 1529 3522 1614 loquun-

1979 1637 2088 1697 tur
2113 1634 2157 1670 ¹¹
2189 1656 2203 1698 ε
2236 1632 2406 1711 «Qui
2436 1635 2559 1699 cito
2604 1635 2848 1716 credit,
2894 1635 3058 1701 levis
3106 1641 3203 1702 est
3246 1639 3455 1704 corde.
3481 1661 3511 1698 n

1979 1738 2028 1802 E
2055 1740 2209 1823 quia
2250 1741 2503 1807 difficile
2539 1746 2636 1807 est
2678 1743 2930 1824 audire,
2957 1747 3019 1808 et
3044 1762 3175 1809 non
3202 1744 3481 1810 arridere
3497 1793 3516 1825 ,

1976 1845 2206 1911 dicitur
2233 1849 2278 1885 ¹⁸
2315 1871 2330 1911 ε
2374 1873 2403 1910 «
2431 1848 2580 1931 Sepi
2605 1867 2797 1917 aures
2828 1853 2972 1915 tuas
3020 1851 3219 1935 spinis
3238 1900 3254 1930 ,
3299 1856 3362 1917 et
3387 1852 3519 1917 noli

1977 1954 2198 2018 audire
2234 1955 2529 2038 linguam
2571 1975 2871 2040 nequam.
2912 1979 2942 2018 υ
2971 1957 3149 2024 Unde
3176 1977 3310 2024 nou
3332 1960 3521 2026 debes

1975 2078 2112 2125 esse
2139 2062 2442 2127 sollicitus
2487 2064 2567 2127 ad
2607 2065 3000 2130 audiendum
3029 2084 3176 2149 quae
3220 2067 3300 2132 de
3330 2071 3393 2131 te
3420 2068 3516 2133 di-

1977 2174 2243 2248 cuntur3
2264 2174 2327 2233 et
2338 2170 2625 2234 redditur
2643 2172 2803 2237 ratio
2821 2195 2838 2236 z
2860 2173 2925 2239 N
2922 2190 2952 2239 e
2967 2174 3125 2254 forte
3143 2161 3382 2241 audias
3399 2192 3523 2243 ser-

1974 2293 2124 2343 vum
2166 2278 2645 2345 maledicentem
2674 2280 2794 2346 tibi
2805 2299 2833 2362 ;
2857 2280 3021 2345 sicut
3055 2281 3263 2347 Semei
3283 2283 3515 2364 David3

1971 2385 2140 2448 unde
2166 2385 2319 2449 dicit
2344 2385 2563 2448 Abisai
2592 2386 2639 2425 ¹⁸
2669 2408 2740 2450 :a
2762 2386 2968 2463 Quare
2995 2388 3315 2454 maledicit
3348 2393 3522 2456 canis

1970 2491 2076 2555 hic
2098 2493 2447 2557 moriturus
2475 2496 2557 2574 (a)
2581 2494 2835 2559 domino
2864 2513 3008 2561 meo
3030 2497 3172 2579 regi
3185 2498 3217 2559 ¹?
3253 2496 3516 2580 Vadam,

1971 2603 2032 2662 et
2075 2602 2418 2683 amputabo
2471 2605 2663 2684 caput
2716 2605 2876 2685 ejus.
2927 2626 2960 2665 n
3022 2604 3100 2669 Et
3168 2605 3293 2671 hoc
3352 2624 3520 2690 saepe

1972 2706 2303 2789 contingit,
2322 2707 2484 2772 sicut
2501 2712 2704 2791 potest
2725 2708 2920 2775 homo
2938 2728 3126 2776 nosse
3153 2730 3238 2777 ex
3258 2731 3328 2778 se
3356 2713 3516 2797 ipso.

2050 2818 2152 2878 ΞΒ.
2208 2813 2343 2882 Scit
2399 2817 2567 2882 enim
2612 2817 3003 2885 conscientia
3052 2824 3201 2900 tua,
3242 2821 3399 2902 quia
3451 2827 3523 2888 tu

1969 2920 2180 2987 crebro
2199 2920 2605 2989 maledi-visti
2627 2923 2819 3006 aliis;
2840 2926 2903 2988 et
2927 2924 3017 2988 ita
3048 2943 3180 2989 non
3208 2925 3397 2991 debes
3423 2927 3520 2992 di-

1969 3028 2245 3109 ligenter
2306 3029 2625 3094 attendere
2646 3078 2665 3110 ,
2729 3049 2848 3095 nec
2911 3031 3165 3114 punire.
3196 3032 3241 3071 ¹⁸
3286 3056 3319 3095 α
3359 3033 3519 3118 Cog-

1969 3155 2158 3202 nosce
2212 3156 2358 3221 quae
2417 3144 2566 3203 sunt
2615 3137 2893 3222 proximi
2943 3139 3040 3204 tui
3086 3159 3169 3206 ex
3225 3141 3448 3226 teipso.
3480 3167 3511 3206 n

1971 3242 2075 3310 Sic
2102 3245 2274 3309 enim
2303 3244 2533 3309 dicitur
2573 3246 2618 3282 ¹⁶
2658 3264 2676 3310 ι
2715 3270 2747 3307 α
2772 3245 2993 3312 Nonne
3039 3265 3203 3338 ergo,
3241 3249 3522 3333 oportuit

1971 3356 2033 3417 et
2058 3356 2122 3417 te
2147 3352 2432 3416 misereri
2479 3354 2770 3420 conservi
2801 3353 2933 3433 tui,
2961 3354 3125 3421 sicut
3168 3363 3232 3421 et
3260 3375 3383 3440 ego
3425 3358 3520 3424 tui

1970 3460 2269 3524 misertus
2295 3462 2485 3524 sum?
2512 3483 2543 3522 n

2052 3567 2373 3646 Quaeritur
2408 3568 2515 3633 hic
2557 3569 2767 3653 primo
2807 3571 2887 3636 de
2926 3573 3078 3653 hoc,
3111 3574 3283 3657 quod
3310 3574 3463 3640 dicit
3496 3598 3512 3640 ε

1971 3675 2121 3742 Noli
2145 3691 2276 3742 esse
2305 3675 2525 3758 justus
2569 3677 2867 3746 multum.
2907 3679 3138 3746 Contra
3170 3704 3186 3747 ε
3230 3681 3381 3748 Haec
3418 3686 3515 3747 est

1971 3802 2085 3866 per
2114 3803 2180 3848 se
2206 3802 2362 3850 vera
2393 3807 2410 3849 ε
2440 3785 2473 3851 J
2478 3789 2656 3851 ustus
2681 3791 2778 3852 est
2810 3790 3023 3854 bonus
3053 3807 3071 3853 :
3104 3808 3269 3872 ergo
3294 3791 3511 3874 magis

1966 3894 2215 3975 justus,
2246 3894 2457 3975 magis
2486 3895 2733 3961 bonus:
2766 3914 2926 3979 ergo
2957 3898 3241 3963 maxime
3260 3900 3474 3982 justus
3493 3948 3513 3979 ,

1973 4002 2254 4066 maxime
2306 4002 2513 4068 bonus
2565 4025 2579 4068 :
2630 4022 2790 4086 ergo
2833 4006 2904 4070 in
2944 4006 3201 4089 justitia
3244 4025 3373 4074 non
3419 4013 3517 4073 est

1974 4108 2394 4191 superfluum.
2429 4109 2586 4174 Item
2629 4111 2945 4195 quidquid
2987 4112 3221 4179 dicitur
3246 4115 3325 4179 de
3350 4113 3512 4196 Dee,

1973 4214 2042 4277 in
2087 4232 2340 4280 summo
2387 4216 2620 4281 dicitur
2666 4240 2682 4281 ε
2725 4219 2836 4283 sed
2870 4220 3119 4303 justum
3163 4221 3393 4287 dicitur
3437 4221 3516 4288 de

1975 4319 2101 4386 Deo
2135 4343 2149 4385 ε
2184 4341 2344 4404 ergo
2376 4324 2541 4389 Deus
2569 4344 2822 4391 summe
2840 4329 3058 4411 justus
3091 4350 3108 4394 ε
3137 4333 3202 4394 et
3226 4333 3507 4409 constat,

1975 4429 2147 4511 quod
2169 4429 2291 4494 hoc
2317 4448 2450 4496 non
2472 4436 2567 4496 est
2591 4433 2835 4499 malum
2865 4453 2883 4500 z
2907 4455 3071 4520 ergo
3091 4437 3148 4501 si
3179 4437 3514 4503 summitas

1974 4535 2313 4617 injustitia
2356 4556 2486 4602 non
2531 4544 2626 4603 est
2667 4524 2876 4622 mala,
2906 4561 3065 4626 ergo
3109 4561 3243 4608 nou
3285 4547 3381 4609 est
3423 4544 3513 4608 ihi

1976 4641 2403 4724 superfluitas
2431 4643 2590 4709 Item
2618 4649 2937 4738 quaeritur
2963 4650 3040 4716 de
3068 4651 3192 4715 hoc
3220 4652 3390 4734 quod
3416 4651 3510 4717 di-

1977 4747 2180 4812 citur:
2205 4750 2419 4833 Neque
2440 4752 2590 4834 plus
2616 4757 2839 4837 sapias
2868 4773 3061 4839 quam
3086 4774 3334 4825 necesse
3360 4760 3515 4827 erit.-

1977 4856 2091 4939 qui
2119 4858 2291 4922 enim
2318 4860 2466 4942 plus
2493 4860 2737 4944 diligit,
2766 4863 2912 4946 plus
2938 4864 3106 4947 sapit
3137 4887 3153 4929 ι
3190 4866 3300 4931 sed
3325 4884 3514 4931 nemo

1980 4968 2185 5046 potest
2202 4965 2393 5029 nimis
2412 4966 2681 5049 diligere
2700 4988 2718 5048 ;
2740 4988 2899 5052 ergo
2921 4990 3038 5036 nec
3057 4972 3251 5036 nimis
3272 4991 3512 5058 sapere,

281 5099 601 5164 cumque
628 5081 974 5165 pel-factust,
1007 5079 1346 5162 aliquando
1385 5084 1600 5163 peccat
1630 5082 1673 5116 ¹¹
1700 5101 1715 5143 ς
1744 5101 1774 5140 (ι
1800 5079 1864 5144 Si
1978 5071 2327 5137 secundum
2368 5075 2537 5157 quod
2580 5075 2853 5140 refertur
2896 5077 3149 5144 dilectio
3182 5079 3253 5144 in
3292 5080 3514 5148 Deum.

363 5211 388 5245 ¹
417 5206 603 5270 Prov„
637 5218 788 5272 xx1v,
818 5208 868 5256 7.
898 5232 952 5242 -
995 5205 1012 5234 ²
1039 5204 1181 5254 Psal.
1219 5216 1328 5261 mv,
1355 5206 1436 5256 28.
1464 5232 1528 5244 —-
1559 5206 1581 5240 ⁸
1608 5206 1743 5264 Luc„
1770 5217 1866 5268 ιιι,

278 5285 380 5336 20.
449 5303 506 5313 -
559 5278 580 5313 ⁸
618 5280 792 5341 Num„
835 5287 954 5341 xv1,
996 5279 1077 5333 33,
1113 5303 1176 5313 —
1216 5277 1234 5306 ⁵
1278 5279 1446 5343 Prov.,
1486 5289 1640 5339 xxtv,
1692 5279 1769 5328 15.
1807 5304 1870 5314 -
2492 5336 2500 5346 ι

282 5357 308 5387 ⁸
345 5348 522 5414 thid„
548 5361 686 5413 xvu,
716 5353 798 5401 26.
826 5375 888 5387 —
915 5349 932 5378 ⁷
960 5346 1140 5412 Ecclaz,
1170 5359 1267 5413 ιιι,
1297 5352 1344 5398 2.
1372 5376 1433 5386 —
1462 5350 1482 5379 ⁸
1509 5348 1662 5414 lbid.,
1692 5359 1791 5412 vn,
1818 5351 1864 5398 3.
1978 5342 2100 5396 ¹V12
2124 5335 2172 5382 9.
2201 5361 2264 5371 -
2294 5336 2331 5369 ¹⁵
2360 5333 2539 5399 Beck-2
2572 5347 2719 5386 ¹1¹¹·
2744 5361 2804 5373 -·
2836 5338 2872 5369 '⁸
2902 5339 3105 5402 Halm-2
3133 5353 3287 5408 XVffl,
3315 5345 3395 5395 33·

281 5452 362 5466 ...-
397 5425 422 5454 ⁹
461 5421 603 5486 Sap„
635 5433 707 5486 Vl,
740 5426 860 5473 1.—
890 5421 925 5450 ¹·
952 5420 1123 5483 Pron„
1155 5431 1225 5484 w,
1256 5422 1332 5473 16.
1358 5448 1419 5458 —
1450 5423 1483 5457 ¹¹
1515 5423 1528 5471 Ι
1560 5421 1722 5482 loon„
1752 5433 1789 5483 t,
1818 5423 1867 5470 8.
2046 5423 2108 5485 (α)
2152 5422 2298 5487 Vuly.
2323 5427 2571 5476 mortuae.

657 5528 809 5578 ἹῸΙ.
851 5528 943 5575 11.
3127 5525 3199 5586 41

1978 5287 2041 5298 —
2070 5260 2106 5292 ¹²
2128 5260 2311 5320 Eccli„
2335 5274 2445 5327 xlx,
2470 5265 2592 5312 4.-
2615 5263 2656 5297 ¹³
2681 5263 2831 5326 thid„
2853 5277 3051 5332 xxvm,
3078 5271 3232 5320 28.—
3261 5271 3299 5308 ¹⁴
3318 5271 3359 5321 ll
3384 5272 3519 5338 Κεφ,
