4196 6294
1620 489 1983 558 PSALMUS
2026 487 2286 556 cxvln.

351 634 496 693 buta
532 630 947 707 diligentibus,
997 634 1284 705 tanquam
1325 626 1764 703 poenitentibus.
1809 628 1888 684 De

351 727 614 787 secundo
652 730 714 785 ¹:
751 745 779 780 α
814 725 1128 799 Disciplina
1155 723 1453 798 sapientise
1494 722 1589 780 cui
1635 720 1891 780 revelata

355 826 443 881 est
470 826 527 880 et
551 821 958 881 manifestata?
991 823 1048 877 et
1080 817 1630 892 multiplicationem
1667 816 1892 888 ingres-

354 932 453 973 sus
499 915 659 973 illius
703 915 837 990 quis
884 912 1210 971 intellexit?
1251 915 1408 968 Unus
1452 915 1537 968 est
1576 908 1892 967 altissimus

355 1011 606 1068 Creator.
648 1029 677 1064 n
708 1011 776 1066 Et
809 1007 962 1066 infra
991 1024 1006 1064 z
1042 1025 1072 1060 α
1100 1004 1434 1064 Secundum
1470 1004 1676 1062 datum
1720 1018 1894 1059 suum

356 1103 580 1179 praebet
612 1103 780 1161 illam
815 1100 1197 1174 diligentibus
1227 1114 1290 1157 se
1327 1116 1342 1155 z
1371 1118 1400 1153 x>
1433 1114 1567 1157 ecce
1607 1096 1893 1172 sapientia

358 1196 638 1255 divinitus
665 1194 938 1253 attributa
963 1193 1345 1267 diligentibus
1359 1235 1377 1264 ,
1402 1197 1689 1267 tanquam
1714 1188 1894 1265 profi-

358 1290 664 1349 cientibus.
693 1291 772 1347 De
806 1288 976 1346 tertio
1002 1284 1026 1319 ²
1055 1304 1070 1344 ε
1110 1305 1137 1340 α
1161 1289 1374 1344 Beatus
1416 1285 1510 1343 vir
1544 1283 1649 1360 qui
1692 1283 1899 1341 suffert

360 1382 761 1452 tentationem,
781 1381 1089 1456 quoniam,
1109 1397 1245 1439 cum
1271 1380 1559 1454 probatus
1586 1377 1784 1448 fuerit,
1803 1391 1896 1433 ac-

358 1478 533 1552 cipiet
556 1491 841 1535 coronam
866 1475 1029 1547 vitas,
1058 1490 1242 1549 quam
1266 1472 1608 1549 repromisit
1635 1474 1784 1529 Deus
1814 1469 1898 1528 di-

356 1571 674 1645 ligentibus
700 1586 763 1627 se
792 1588 807 1628 ε
833 1591 864 1626 u
894 1585 1029 1628 ecce
1067 1584 1289 1627 corona
1316 1567 1594 1625 divinitus
1620 1565 1900 1624 attributa

359 1664 761 1739 diligentibus,
784 1667 1069 1738 tanquam
1096 1661 1596 1738 pervenientibus,

862 1823 1143 1879 Articulus
1174 1823 1389 1879 tertius.

433 1949 651 2009 Veritas
669 1949 1002 2017 denotatur,
1021 1962 1158 2004 cum
1183 1943 1459 2003 subditur
1482 1962 1496 2001 ε
1520 1946 1708 2015 Legem
1728 1947 1896 2013 tuam,

364 2048 496 2117 quia
516 2045 603 2101 lav
623 2048 720 2100 tua
743 2045 966 2099 veritas.
988 2040 1146 2099 Sicut
1169 2038 1517 2114 prophetica
1544 2036 1684 2095 dicit
1707 2039 1901 2095 aucto·

362 2138 523 2209 ritas,
551 2136 743 2211 qualis
769 2151 894 2207 rex,
925 2135 1055 2193 talis
1081 2134 1177 2192 lex
1189 2152 1208 2206 ;
1237 2132 1386 2190 sicut
1410 2148 1516 2190 rex
1545 2132 1789 2202 veritas,
1818 2129 1903 2188 sio

366 2236 422 2291 et
446 2232 544 2290 lex
568 2231 803 2290 veritaS.
834 2232 1009 2288 Beata
1037 2229 1135 2286 lex
1160 2226 1292 2286 talis
1317 2226 1495 2301 regis,
1526 2225 1668 2299 quia
1694 2222 1903 2281 beatus

365 2342 469 2386 rex
503 2325 637 2384 talis
672 2324 840 2397 legis.
886 2327 953 2382 Et
994 2327 1164 2395 nota,
1206 2320 1374 2397 quod
1415 2319 1629 2378 veritas
1670 2318 1781 2376 ista
1821 2320 1905 2375 est

367 2417 721 2491 erudienda,
769 2417 1103 2488 audienda,
1144 2412 1551 2474 custodienda.
1591 2413 1903 2470 Parentum

367 2515 455 2570 est
497 2512 762 2584 erudire;
805 2510 1107 2580 filiorum,
1155 2507 1361 2567 audire
1379 2527 1396 2581 ;
1448 2507 1554 2564 sed
1598 2504 1901 2575 omnium,

369 2604 683 2665 custodire.
723 2609 800 2663 De
838 2604 1035 2679 primo
1062 2604 1085 2638 ⁸
1120 2622 1135 2661 ε
1173 2621 1201 2657 α
1226 2604 1496 2661 Parentes
1533 2599 1691 2658 illius
1707 2641 1728 2670 ,
1768 2614 1905 2656 cum

372 2702 563 2757 essent
589 2699 761 2772 justi,
798 2697 1143 2756 erudierunt
1171 2695 1357 2753 filiam
1394 2710 1598 2765 suam,
1626 2712 1657 2749 x·
1689 2691 1909 2750 scilicet

369 2796 729 2867 Susannam,
773 2813 801 2847 ι
835 2791 1163 2849 secundum
1198 2790 1391 2862 legem
1433 2788 1616 2862 Moysi
1645 2806 1660 2844 ε
1699 2807 1727 2842 »
1772 2800 1905 2844 ecce

371 2889 564 2963 legem
591 2903 628 2947 a
652 2886 997 2962 parentibus
1022 2883 1431 2943 erudiendam.
1463 2885 1542 2940 De
1565 2879 1826 2939 secundo
1844 2879 1902 2934 ⁴:

378 3002 408 3038 α
426 2983 653 3054 Audite,
680 2980 808 3053 filii,
839 2978 1212 3054 disciplinam
1237 2976 1439 3052 patris,
1463 2981 1528 3034 ut
1554 2974 1746 3034 sciatis
1772 2989 1908 3048 pru·

373 3075 667 3135 dentiam:
690 3075 921 3132 donum
945 3073 1174 3132 bonum
1202 3070 1459 3130 tribuam
1485 3069 1690 3140 vobIS,
1716 3069 1907 3139 legem

373 3186 570 3229 meam
608 3185 684 3228 ne
721 3168 1141 3243 derelinquatis
1171 3184 1184 3224 :
1220 3188 1248 3220 ιο
1286 3181 1420 3223 ecce
1462 3164 1658 3237 legem
1695 3180 1732 3221 a
1771 3161 1908 3220 filiis

376 3263 755 3324 audiendam.
785 3266 864 3322 De
906 3261 1076 3321 tertio
1108 3263 1130 3296 ⁸
1163 3279 1177 3317 ε
1219 3278 1247 3314 α
1273 3263 1395 3333 Ego
1439 3258 1720 3316 Dominus
1759 3258 1908 3313 Deus

372 3362 565 3416 vester
592 3375 608 3415 ε
640 3356 925 3415 custodite
953 3356 1114 3428 leges
1150 3369 1311 3412 meas
1341 3371 1354 3410 :
1384 3372 1412 3407 n
1445 3367 1579 3410 ecce
1606 3350 1800 3424 legem
1829 3349 1906 3408 ab

377 3452 653 3511 omnibus
679 3449 1146 3510 custodiendam.

854 3608 1140 3665 Articulus
1180 3610 1426 3678 quartus.

447 3733 670 3793 Puritas
708 3735 1079 3801 connotatur,
1109 3746 1246 3788 cum
1272 3729 1512 3788 additur
1547 3746 1562 3786 ε
1593 3731 1665 3786 Et
1699 3746 1806 3788 non
1832 3740 1913 3790 est

378 3831 494 3887 illis
517 3828 830 3887 scandalum
842 3846 861 3900 3
889 3825 1031 3902 quia
1057 3822 1322 3884 scandali
1344 3822 1618 3898 privatio,
1647 3824 1912 3898 puritatis

380 3926 464 3981 est
486 3922 782 3997 probatio.
819 3924 966 3980 Nam
998 3920 1279 3978 nimirum
1303 3918 1570 3992 puritatis
1610 3922 1911 3992 spectacu-

379 4015 505 4074 lum
531 4016 765 4075 nullum
793 4014 996 4088 objicit
1022 4013 1475 4086 offendiculum,
1505 4012 1673 4071 sicuti
1696 4029 1914 4088 purum

378 4110 687 4185 speculum
722 4108 955 4166 nullum
993 4107 1242 4166 offendit
1279 4107 1541 4165 oculum.
1571 4106 1673 4166 llic
1706 4110 1914 4166 notan-

382 4204 529 4262 dum
543 4245 565 4275 ,
610 4202 777 4277 quod
820 4200 1088 4275 puritatis
1129 4206 1215 4259 est
1258 4201 1632 4275 potissimum
1683 4201 1915 4276 privare

380 4297 593 4371 triplex
633 4295 1014 4366 scandalum,
1051 4293 1325 4354 videlicet
1363 4294 1710 4354 scandalum
1749 4294 1918 4353 luxu-

381 4391 636 4461 riosum,
665 4389 972 4461 gulosum,
1000 4387 1323 4447 verbosum
1337 4406 1357 4460 ;
1399 4389 1540 4463 quia
1565 4388 1920 4448 contaminat

383 4486 637 4554 tactum,
677 4486 942 4556 gustum,
979 4480 1243 4541 affatum.
1284 4485 1364 4540 De
1400 4483 1593 4557 primo
1631 4483 1653 4517 ⁸
1695 4500 1710 4539 ι
1748 4500 1778 4536 «ι
1802 4480 1920 4539 Viri

382 4576 475 4635 isti
500 4581 825 4651 posuerunt
850 4575 1255 4634 immunditias
1283 4574 1348 4634 in
1375 4574 1657 4634 cordibus
1684 4574 1834 4648 suis,
1865 4578 1924 4634 et

384 4671 733 4730 scandalum
787 4669 1107 4743 iniquitatis
1164 4684 1284 4727 suas
1343 4672 1666 4729 statuerunt
1718 4671 1922 4729 contra

384 4763 594 4824 faciem
630 4778 830 4835 suam3
859 4783 889 4819 n
922 4761 1030 4819 uhi
1072 4766 1309 4822 notatur
1352 4762 1758 4835 immunditia,
1798 4766 1922 4822 tam

387 4859 652 4932 interior,
680 4872 865 4933 quam
886 4857 1139 4916 exterior
1171 4876 1185 4913 ε
1217 4872 1350 4916 ecce
1378 4856 1726 4917 scandalum
1752 4857 1925 4916 luxu-

386 4952 631 5011 riosum.
671 4955 749 5009 De
779 4949 1051 5010 secundo
1091 4951 1113 4987 '¹
1148 4968 1164 5006 ε
1210 4970 1240 5004 α
1281 4953 1517 5010 ventres
1556 4968 1762 5011 eorum
1801 4967 1924 5011 non

388 5045 818 5120 implebuntur,
839 5043 982 5119 quia
998 5043 1351 5104 scandalum
1375 5045 1698 5121 iniquitatis
1717 5060 1927 5105 eorum

390 5138 608 5200 factum
647 5142 735 5199 est
783 5158 798 5196 z
844 5160 872 5195 ιο
926 5154 1060 5198 ecce
1103 5137 1452 5198 scandalum
1499 5139 1796 5213 gulosum.
1847 5143 1927 5198 De

456 5288 691 5352 ¹Eccli.,
736 5301 782 5354 1,
815 5291 866 5350 Ἰ,
903 5290 963 5352 8,
1002 5291 1080 5338 10.
1110 5312 1173 5324 -
1207 5288 1230 5322 ²
1257 5288 1386 5350 ἄιτα,
1430 5293 1590 5354 1,12.
1630 5315 1691 5327 —
1725 5291 1744 5320 ³
1774 5290 1927 5353 Dan„

393 5371 521 5423 1111,
550 5363 598 5411 3.
626 5388 690 5401 -
714 5362 737 5397 ⁸
767 5362 934 5425 Pron„
967 5371 1044 5424 JV,
1084 5363 1139 5424 1,
1169 5361 1217 5411 2.
1245 5386 1309 5397 —
1339 5362 1358 5392 ⁶
1383 5361 1562 5423 Levit„
1601 5373 1764 5426 xvm,
1796 5365 1845 5413 5.
1868 5389 1931 5400 —

394 5427 417 5463 ⁸
442 5431 639 5494 Ecce-lt..
658 5445 767 5496 xlv,
788 5435 837 5482 3.
858 5457 919 5470 -
947 5432 964 5461 ⁷
989 5430 1190 5495 Ezech„
1219 5442 1316 5495 vn,
1347 5434 1423 5484 19.
1447 5458 1510 5471 —
1534 5432 1557 5467 ⁸
1583 5434 1752 5490 Eccli„
1784 5445 1823 5497 1,
1847 5436 1926 5499 37,

3424 491 3534 554 531

2000 624 2172 684 tertio
2200 627 2223 662 ⁸
2257 643 2271 682 :
2309 642 2339 679 α
2364 627 2494 683 Non
2530 623 2947 684 scandalizeris
2976 622 3041 681 in
3073 621 3248 682 labiis
3273 621 3417 693 tuis3
3460 624 3542 680 at-

2001 719 2178 776 tende
2205 719 2269 776 in
2296 719 2440 791 illis,
2469 735 2545 777 ne
2570 717 2721 777 forte
2749 717 2963 788 cadas,
2989 719 3048 775 et
3077 731 3269 791 ponas
3298 714 3557 774 scande·-

2002 812 2158 885 lum,
2190 819 2246 871 et
2269 813 2533 872 adducas
2560 813 2771 872 animae
2795 817 2909 870 tuae
2935 810 3451 870 inhonorationem
3476 826 3539 867 :n

2006 923 2141 965 ecce
2171 907 2520 967 scandalum
2550 907 2890 966 verbosum.

2644 1070 2904 1135 Epilogus.

2075 1195 2418 1251 Ostensurus
2454 1207 2596 1265 ergo
2645 1191 2936 1266 Propheta
2976 1187 3118 1263 quia
3152 1187 3548 1247 consolatoria

2004 1286 2079 1344 sit
2101 1285 2418 1359 Scriptura,
2444 1285 2507 1343 in
2535 1302 2656 1361 qua
2680 1282 3073 1359 tranquillitas
3092 1281 3386 1357 pacificat,
3415 1281 3548 1340 cha·

2001 1381 2143 1437 ritas
2171 1378 2445 1450 laetificat,
2477 1379 2692 1438 veritas
2717 1377 3026 1450 rectificat,
3055 1376 3282 1452 puritas
3307 1375 3550 1435 scanda-

2005 1474 2132 1532 lum
2172 1473 2464 1543 eradicat,
2493 1474 2573 1532 ait
2604 1492 2619 1531 ε
2649 1477 2768 1532 Pax
2803 1473 3011 1544 multa,
3043 1486 3177 1530 ecce
3216 1468 3547 1545 tranquilli·

2005 1572 2092 1626 tas
2137 1567 2495 1642 pacificans3
2544 1568 2895 1640 diliqentibus
2910 1607 2932 1637 ,
2980 1580 3115 1624 ecce
3162 1563 3411 1623 charitas
3454 1563 3551 1621 las-

2005 1663 2270 1735 tificans3
2316 1664 2481 1734 leqem
2525 1667 2708 1733 tuam,
2750 1676 2884 1720 ecce
2927 1660 3144 1720 veritas
3185 1658 3548 1731 rectificans3

2006 1762 2059 1812 et
2102 1772 2210 1813 non
2259 1762 2339 1814 est
2379 1757 2498 1813 illis
2538 1757 2883 1824 scandalum,
2929 1770 3064 1813 ecce
3110 1755 3333 1830 puritas
3381 1767 3550 1812 scan-

2009 1849 2216 1907 dalum
2245 1847 2568 1909 eradicans.

2563 2070 2890 2115 VBRSICULUS
2924 2072 3003 2113 vl.

2082 2228 2206 2285 166.
2246 2227 2613 2299 Expectabam
2635 2229 2873 2284 salutare
2913 2233 3097 2298 tuum,
3142 2228 3368 2284 Domine
3387 2267 3403 2293 ,
3441 2229 3550 2285 etc.
3590 2271 3601 2283 .

2011 2319 2206 2379 Prima
2222 2319 2528 2393 probitatis
2552 2321 2806 2393 occasio,
2828 2336 3011 2394 quam
3029 2319 3274 2378 audistis
3292 2320 3356 2378 in
3379 2335 3556 2378 versu

2010 2413 2255 2488 proevio,
2274 2413 2386 2471 fuit
2402 2413 2708 2489 Scripturas
2729 2413 3057 2473 consolatio
3070 2434 3088 2488 ς
3111 2413 3372 2472 secunda
3387 2429 3553 2485 vero,

2013 2526 2198 2585 quam
2226 2509 2478 2568 audietis
2504 2510 2563 2568 in
2590 2511 2734 2583 isto,
2776 2514 2861 2568 est
2897 2525 3132 2570 coronae
3164 2506 3517 2583 praestolatio
3535 2548 3555 2579 ,

2014 2620 2197 2678 quam
2241 2604 2373 2662 luce
2415 2604 2630 2663 clarius
2664 2602 2997 2663 manifestat
3034 2602 3557 2677 psalmographus,

2013 2698 2097 2756 sic
2126 2697 2421 2756 dicendo:
2464 2700 2820 2772 Evpectabam
2837 2739 2857 2769 ,
2892 2699 3005 2756 etc.
3035 2700 3180 2755 Nam
3217 2696 3364 2771 quid
3391 2700 3561 2754 sonat

2012 2791 2141 2849 haec
2166 2792 2388 2863 littera,
2416 2791 2529 2849 nisi
2555 2791 3049 2866 praestolationem
3085 2806 3319 2850 corones
3333 2831 3353 2860 ‚
3380 2789 3559 2849 meri·

2015 2889 2214 2944 torum
2248 2886 2515 2943 ratione?
2544 2885 2696 2954 Quid
2734 2884 2894 2942 enim
2933 2888 3021 2943 est
3059 2883 3416 2959 expectatio,
3444 2883 3560 2941 nisi

2014 2978 2584 3053 praestolatio?‚quid
2610 2979 2897 3052 salutare,
2931 2978 3047 3037 nisi
3072 2994 3295 3038 corona
3321 2978 3560 3052 gloriae?

2017 3072 2167 3147 quid
2192 3072 2506 3144 mandata,
2548 3070 2662 3130 nisi
2692 3072 2938 3130 merita?
2965 3072 3114 3147 quid
3144 3072 3423 3144 directio,
3448 3071 3561 3129 nisi

2017 3167 2286 3226 merendi
2307 3167 2458 3226 ratio
2471 3168 2500 3223 ‘i
2527 3170 2673 3226 Ecce
2700 3183 2904 3225 versus
2928 3166 3229 3242 proesentis
3255 3166 3561 3225 continen-

2017 3261 2096 3319 tia
2146 3260 2680 3336 quadrimembris»,
2723 3260 2944 3319 scilicet
2988 3261 3343 3336 praestolatio
3391 3260 3562 3320 coro·

2017 3370 2138 3428 nae,
2167 3356 2512 3415 meritorum
2547 3355 2774 3414 ratione
2789 3397 2810 3428 ,
2841 3356 2964 3415 sive
2998 3355 3220 3415 fiducia
3250 3354 3560 3426 felicitatis,

2017 3453 2259 3525 propter
2289 3449 2578 3525 obsequia
2607 3450 2919 3511 charitatis.

2512 3610 2797 3668 Articulus
2830 3613 3061 3684 primus.

2092 3732 2591 3822 Proestolationem
2630 3733 3043 3809 intelligimus,
3087 3749 3223 3793 cum
3265 3732 3557 3808 legimus:

2021 3829 2401 3900 Expectabam.
2434 3830 2564 3886 Haec
2603 3829 2932 3904 expectatio
2971 3844 3095 3890 non
3132 3828 3449 3888 mediocris
3477 3832 3565 3888 est

2023 3920 2331 3996 probitatis
2372 3923 2625 3981 occasio.
2667 3926 2814 3981 Cum
2857 3921 3016 3980 enim
3051 3922 3324 3997 patientis
3361 3922 3562 3982 anima

2025 4015 2386 4089 considerat,
2425 4016 2576 4091 quid
2599 4018 2903 4091 expectat3
2945 4016 3236 4090 passionis
3270 4016 3559 4086 molestia,

2025 4125 2209 4184 quam
2258 4109 2497 4180 tolerat,
2548 4110 2676 4183 jam
2734 4110 3000 4168 delectat.
3048 4110 3165 4169 Sed
3209 4110 3561 4182 notandum,

2027 4201 2194 4276 quod
2222 4207 2308 4260 est
2332 4203 2656 4277 expectatio
2696 4202 3013 4279 tripartita:
3045 4204 3317 4279 quaedam
3342 4205 3564 4264 incerta

2030 4480 2222 4539 Prima
2254 4484 2475 4556 spectat
2516 4481 2597 4541 ad
2633 4484 3020 4559 suspirantes,
3064 4486 3235 4561 quasi
3272 4485 3507 4559 longius
3531 4501 3569 4544 a

2027 4590 2208 4648 regno
2245 4574 2523 4634 distantes
2531 4597 2550 4646 3
2586 4578 2852 4637 secunda
2885 4579 2967 4638 ad
3002 4580 3353 4654 aspirantes,
3398 4580 3570 4655 quasi

2030 4685 2155 4728 non
2181 4669 2360 4742 longe
2380 4669 2660 4730 distantes
2667 4690 2686 4746 ;
2712 4674 2883 4733 tertia
2904 4673 2983 4732 ad
3000 4673 3372 4748 respirantes,
3399 4672 3573 4750 quasi

2032 4778 2155 4822 non
2204 4762 2515 4837 distantes,
2562 4765 2669 4824 sed
2714 4768 2961 4841 praemia
3010 4772 3446 4843 praegustantes.
3493 4769 3571 4825 De

2031 4857 2228 4932 primo
2245 4857 2295 4913 ἐ
2333 4875 2362 4911 «
2392 4859 2790 4932 Expectabam
2814 4861 3008 4936 bona,
3037 4866 3095 4921 et
3118 4865 3406 4922 venerunt
3428 4860 3576 4919 mihi

2034 4951 2224 5011 mala:
2246 4970 2275 5005 ι
2298 4950 2423 5009 haec
2443 4954 2766 5027 expectatio
2788 4955 2898 5015 fuit
2914 4957 3156 5016 incerta.
3187 4960 3265 5016 De
3289 4953 3574 5027 secundo,

2035 5046 2143 5104 ubi
2166 5045 2241 5104 de
2258 5046 2475 5119 loseph
2491 5047 2813 5108 Decus-ione
2845 5050 3059 5112 dicitur
3079 5052 3124 5090 ¹⁰
3140 5070 3156 5110 ε
3173 5070 3204 5107 ι
3230 5051 3340 5121 Qui
3365 5065 3578 5124 expec-

2037 5140 2200 5199 tabat
2227 5140 2435 5214 etipse
2461 5156 2713 5214 regnum
2740 5144 2869 5203 Dei:
2903 5146 3072 5206 »haec
3099 5144 3427 5221 expectatio
3454 5158 3578 5203 non

2037 5234 2147 5295 fuit
2172 5234 2408 5309 incerta,
2426 5233 2532 5292 sed
2559 5235 2883 5311 inexperta.
2908 5243 2985 5301 De
3013 5241 3181 5301 tertio
3208 5240 3480 5300 scribitur
3498 5240 3577 5298 ¹¹:

2043 5365 2123 5425 383
2151 5374 2246 5425 vu,
2274 5363 2323 5411 6.
2352 5387 2415 5400 —
2445 5360 2467 5396 ⁹
2497 5359 2611 5424 Job,
2637 5372 2767 5427 xxx,
2795 5366 2875 5418 26.
2909 5391 2968 5405 -
2998 5369 3040 5404 ¹·
3068 5368 3202 5433 Luc„
3231 5378 3384 5430 xxm,
3418 5370 3495 5418 51.
3523 5388 3586 5404 —-

2047 5439 2079 5470 ¹²
2114 5435 2249 5485 Psal.
2280 5445 2386 5498 mv,
2413 5436 2461 5484 9.

2027 4298 2085 4353 et
2111 4295 2411 4370 inexperta
2424 4314 2443 4369 ;
2484 4296 2761 4371 quaedam
2794 4313 2921 4358 non
2958 4298 3178 4358 incerta
3190 4340 3210 4371 ,
3247 4297 3355 4356 sed
3392 4298 3560 4358 inex-
3590 4247 3803 4353 ὴὲἷῗῖ

2027 4389 2193 4463 perta
2200 4407 2219 4461 3
2276 4389 2552 4463 quoedam
2598 4406 2710 4450 nec
2769 4392 3027 4465 incerta,
3082 4408 3193 4451 nec
3241 4391 3563 4467 inexperta.
3591 4374 3766 4429 ww·
