4196 6294
1777 359 2029 425 CAPUT
2072 359 2120 423 1.

360 510 501 574 baec
528 526 674 591 pars
700 508 881 587 (111115,
901 506 1056 590 quia
1086 503 1294 587 primo
1322 516 1507 563 suam
1537 497 1898 560 manifestat

362 616 788 680 curiositatem
825 615 908 679 ob
937 612 1281 677 vanitatem
1319 606 1419 688 adj
1428 608 1685 669 unctam
1709 651 1730 682 ‚
1761 603 1849 666 ibi
1878 621 1897 666 z

368 722 650 803 Cumque
676 716 1124 788 convertissem
1155 731 1250 781 me
1292 712 1382 780 ad
1422 713 1724 778 universa
1755 726 1897 792 ope-

362 847 463 896 ra.
513 826 734 893 Prima
774 828 967 892 babet
1009 826 1169 891 duas
1215 825 1455 905 partes,
1501 819 1653 902 quia
1693 817 1901 900 primo

364 938 505 1020 agit
544 937 622 1002 de
655 936 1019 1002 curiositate
1060 934 1127 997 in
1174 928 1474 1013 operibus
1507 924 1898 1009 prudentiae,

366 1047 501 1110 sive
559 1044 1029 1128 pbilosophiae3
1082 1038 1360 1106 secundo
1413 1036 1491 1100 de
1542 1032 1905 1122 curiositate

366 1152 709 1236 opulentiae
727 1200 748 1232 ,
780 1151 916 1216 sive
952 1148 1107 1214 artis
1149 1144 1569 1221 mechanicae,
1605 1141 1691 1203 ibi
1722 1162 1737 1203 ι
1769 1140 1908 1205 Μα-

368 1259 686 1343 animavi
708 1274 897 1342 opera
914 1273 1076 1323 mea.
1104 1254 1319 1319 Prima
1346 1251 1534 1315 habet
1554 1249 1733 1326 dua5‚
1754 1247 1909 1330 quia

369 1367 578 1449 primo
604 1366 748 1446 agit
781 1366 860 1430 de
896 1364 1259 1428 curiositate
1300 1362 1611 1442 quantum
1649 1355 1728 1419 ad
1756 1371 1904 1418 con-

372 1474 817 1538 siderationem
842 1470 1231 1536 naturalium
1254 1516 1275 1548 ,
1307 1467 1442 1532 sive
1470 1464 1750 1529 scientiae
1776 1479 1910 1545 spe·

371 1581 694 1660 culativae3
737 1580 1012 1644 secundo
1026 1628 1044 1659 ,
1075 1580 1390 1661 quantum
1431 1574 1513 1637 ad
1562 1570 1914 1637 considera-

373 1689 616 1753 tionem
661 1687 1003 1752 moralium
1022 1733 1041 1765 ,
1087 1686 1226 1749 sive
1267 1683 1550 1747 scientiae
1592 1679 1909 1763 practicae.

459 1795 560 1859 16.
601 1796 877 1861 Locutus
917 1810 1061 1860 sum
1103 1794 1178 1858 in
1219 1789 1403 1858 corde
1440 1803 1594 1854 meo.
1643 1785 1917 1851 Curiosi-

377 1905 574 1967 tatem
619 1902 821 1983 igitur
865 1902 936 1964 in
979 1899 1279 1983 operibus
1318 1901 1567 1961 naturae
1601 1943 1619 1975 ,
1671 1894 1804 1958 sive
1849 1893 1915 1955 in

378 2008 880 2074 consideratione
900 2010 983 2088 (a)
1004 2024 1274 2089 operum
1289 2004 1659 2071 divinorum
1677 2000 1799 2065 hoc
1822 2019 1920 2066 or-

381 2116 528 2181 dine
605 2116 923 2181 describit.
979 2114 1198 2180 Primo
1261 2111 1588 2177 inducitur
1640 2108 1921 2174 conside-

382 2224 583 2288 rantis
633 2224 940 2289 idoneitas
974 2271 993 2302 ,
1036 2221 1127 2285 ibi
1165 2224 1252 2300 (v.
1300 2219 1395 2301 14)
1437 2240 1454 2283 t
1494 2215 1655 2283 Vidi
1694 2220 1923 2282 cuncta

383 2349 526 2414 quoe
550 2332 724 2412 fiunt
749 2331 865 2397 sub
890 2330 1016 2398 sole
1024 2349 1052 2411 ;
1091 2327 1367 2392 secundo
1399 2343 1553 2389 vero
1582 2324 1783 2406 ipsius
1819 2341 1925 2387 cu-

385 2438 672 2518 riositas,
713 2438 803 2501 ibi
851 2441 940 2517 (v,
993 2438 1086 2519 15)
1124 2458 1140 2497 ι
1174 2435 1257 2504 Et
1280 2433 1592 2515 proposui
1631 2432 1704 2498 in
1742 2428 1926 2496 corde

388 2562 518 2613 meo
534 2564 562 2629 ;
584 2546 768 2610 tertio
794 2544 995 2609 divini
1018 2543 1241 2626 Judicii
1280 2540 1582 2605 severitas
1601 2586 1623 2618 ,
1657 2556 1805 2621 quae
1831 2540 1927 2601 est

388 2673 582 2720 causa
617 2654 816 2736 hujus
865 2649 1247 2715 curiositatis
1266 2662 1294 2728 ,·
1314 2648 1386 2711 in
1426 2650 1744 2730 quantum
1788 2663 1926 2728 poe-

387 2762 586 2841 nalis,
619 2760 709 2824 ibi
739 2760 972 2825 :Hanc
1018 2756 1494 2840 occupationem
1535 2756 1924 2838 pessimam;

392 2872 624 2951 quarto
654 2866 1049 2932 concluditur
1072 2864 1355 2941 vanitati,
1386 2862 1470 2925 ibi
1510 2885 1525 2926 ε
1567 2861 1726 2927 Vidi
1743 2876 1930 2926 cunc-

395 2980 467 3041 ta
495 2990 637 3057 quoe
664 2973 837 3053 fiunt
863 2971 978 3038 sub
1004 2972 1151 3038 sole.

473 3080 690 3146 Primo
728 3080 932 3164 igitur
980 3083 1238 3143 notatur
1293 3075 1750 3143 considerantis
1794 3073 1929 3137 ido-

393 3191 594 3256 neitas
615 3236 632 3270 ,
659 3208 808 3254 cum
848 3189 999 3253 dicit
1052 3210 1066 3250 :
1114 3189 1253 3270 Epo
1295 3185 1732 3251 Ecclesiastes.
1773 3181 1934 3259 Quia

393 3316 546 3364 vero
580 3298 646 3361 in
674 3316 748 3362 eo
780 3297 902 3362 fuit
932 3295 1274 3378 sapientia,
1306 3292 1447 3357 ideo
1467 3308 1535 3355 se
1560 3289 1709 3353 dicit
1729 3289 1933 3354 Eccle-

394 3409 663 3486 stactem,
706 3404 773 3470 id
800 3409 929 3483 est,
962 3403 1467 3468 concionatorem
1502 3418 1520 3479 ;
1571 3397 1692 3461 fuit
1741 3396 1934 3460 etiam

397 3514 464 3577 in
502 3532 577 3578 eo
615 3512 892 3596 potentia
919 3560 943 3592 ,
994 3511 1161 3576 unde
1205 3509 1354 3574 dicit
1387 3530 1401 3571 ε
1441 3507 1567 3571 Fui
1613 3520 1773 3586 reoe,·
1815 3505 1936 3569 fuit

399 3620 590 3683 etiam
643 3638 806 3702 pax,
860 3618 1032 3684 unde
1081 3617 1298 3682 subdit
1349 3639 1364 3679 :
1418 3616 1501 3681 In
1549 3612 1930 3692 Jerusalem,

400 3744 547 3809 quae
589 3727 1041 3809 interpretatur
1082 3725 1248 3790 visio
1289 3723 1486 3806 paciS.
1518 3723 1536 3757 ¹
1575 3745 1606 3783 α
1635 3721 1938 3785 Salomon

400 3831 739 3914 imperavit
778 3833 848 3895 in
869 3831 1094 3896 diebus
1121 3831 1315 3914 pacis,
1352 3852 1383 3889 11
1420 3828 1497 3893 Et
1523 3830 1590 3889 ¹:
1632 3852 1661 3888 α
1698 3826 1932 3906 Filius,

401 3940 513 4023 qui
539 3943 836 4003 nascetur
862 3938 1011 4017 tibi,
1042 3939 1163 4001 erit
1203 3938 1527 4020 pacificus,
1562 3958 1593 3996 1>
1631 3934 1711 4000 Et
1753 3934 1933 4012 ide0,

402 4046 558 4130 quia
584 4046 727 4110 haec
754 4045 879 4109 tria
902 4044 1177 4108 babebat
1191 4093 1208 4123 ,
1240 4044 1400 4106 nihil
1426 4061 1467 4106 a
1492 4041 1936 4107 consideratio-

401 4174 487 4219 ne
533 4173 685 4220 eum
732 4152 1118 4218 retrahebat.
1174 4152 1345 4217 Solet
1389 4152 1665 4216 defectus
1713 4151 1939 4216 talium

405 4263 639 4327 multos
681 4262 1005 4327 retrahere
1045 4280 1085 4324 a
1123 4258 1619 4323 consideratione
1664 4276 1882 4323 rerum
1920 4281 1936 4323 z

405 4388 537 4434 non
567 4369 741 4433 enim
777 4372 964 4452 aptus
1009 4371 1106 4431 est
1150 4365 1230 4431 ad
1275 4363 1799 4429 considerandum
1840 4383 1942 4429 re-

404 4495 553 4542 rum
571 4481 850 4557 naturas,
878 4475 993 4559 qui
1012 4474 1207 4540 habet
1223 4472 1457 4535 barum
1477 4470 1939 4551 ignorantiam;

406 4602 537 4649 non
575 4588 780 4668 potest
828 4584 1025 4648 etiam
1068 4583 1231 4648 bene
1271 4578 1553 4660 cogitare
1593 4576 1670 4642 de
1710 4578 1942 4660 hujus·

407 4693 632 4770 modi,
686 4693 801 4776 qui
849 4692 1115 4756 sustinet
1169 4687 1560 4773 paupertatis
1602 4686 1884 4770 inopiam
1923 4705 1942 4766 ;

407 4819 524 4865 nec
547 4819 773 4865 vacare
813 4800 1005 4865 etiam
1051 4798 1133 4863 ad
1179 4798 1302 4861 hoc
1346 4798 1554 4879 potest
1579 4843 1597 4875 ,
1645 4794 1757 4876 qui
1815 4812 1948 4858 non

407 4907 601 4973 habet
622 4926 845 4991 pacem
870 4912 934 4973 et
960 4904 1385 4971 concordiam.

490 5020 590 5079 12.
621 5017 704 5082 Et
738 5016 1039 5099 proposui
1080 5015 1155 5081 in
1192 5014 1409 5080 animo
1448 5026 1600 5079 meo.
1631 5008 1950 5090 Tangitur

414 5285 435 5314 ⁸
481 5214 494 5243 ¹
541 5212 719 5277 Ecclae'„
759 5224 953 5317 mm,⁴
979 5215 1059 5264 15.
1106 5238 1169 5250 —·
1195 5211 1266 5261 ²1
1309 5208 1557 5318 Paralipi,
1609 5219 1746 5329 mliii,
1797 5211 1844 5258 9.
1888 5232 1952 5245 —-

419 5283 746 5421 311...
882 5364 927 5409 ,.
955 5287 1319 5420 mm

3426 374 3545 438 595

2003 496 2107 559 hic
2135 496 2510 576 secundum,
2539 496 2771 563 scilicet
2793 497 2995 582 ipsius
3016 497 3369 581 curiositas,
3390 505 3547 587 quia

2004 604 2224 669 omnia
2267 605 2472 670 voluit
2492 607 2708 701 'scii-e,
2750 611 2814 672 et
2851 609 3168 674 subtiliter
3201 610 3539 695 indagare3

2004 716 2338 793 propterea
2362 712 2548 778 dicit:
2594 714 2681 781 Et
2716 719 3023 798 proposui
3055 720 3130 785 in
3171 722 3389 787 animo
3415 737 3545 788 meo

2005 835 2314 902 quoerere,
2354 821 2587 886 scilicet
2620 823 2702 886 ab
2743 822 2897 903 alio,
2936 830 2996 892 et
3023 828 3410 910 investiqare
3436 845 3544 894 sa-

2004 929 2273 1009 pienter,
2298 946 2411 1010 per
2438 947 2541 993 me
2568 929 2780 1012 ipsum
2794 953 2812 1009 ;
2842 936 2906 996 et
2930 932 3051 999 hoc
3070 937 3165 998 est
3191 936 3543 1014 curiositas,

2010 1034 2163 1116 quia
2191 1038 2251 1096 ⁸:
2295 1057 2325 1094 (t
2362 1034 2502 1100 Non
2541 1036 2685 1119 plus
2723 1056 2979 1121 sapere,
3023 1059 3218 1124 quam
3261 1048 3544 1125 oportet3

2011 1143 2120 1206 sed
2157 1160 2376 1225 sapere
2418 1143 2499 1207 ad
2530 1142 2957 1210 sobrietatem.
2994 1168 3025 1207 n
3060 1147 3238 1214 Unde
3268 1154 3328 1214 ⁸:
3370 1172 3402 1211 α
3426 1150 3549 1216 Mel

2013 1248 2347 1326 invenisti;
2378 1250 2635 1314 comede
2662 1251 2834 1333 quod
2860 1252 3092 1317 sufficit
3116 1254 3256 1334 tibi,
3279 1274 3362 1320 ne
3387 1257 3549 1322 forte

2014 1356 2278 1420 satiatus
2322 1374 2581 1421 evomas
2624 1356 2804 1422 illud.
2855 1379 2887 1419 i>
2939 1360 3027 1427 De
3071 1362 3363 1429 omnibus
3411 1380 3553 1448 quae

2015 1462 2189 1542 fiunt
2220 1462 2337 1528 sub
2375 1463 2522 1530 sole.
2553 1463 2713 1530 Ecce
2754 1468 2962 1549 major
2998 1469 3364 1548 curiositas,
3404 1471 3557 1554 quia

2017 1570 2095 1632 de
2123 1570 2424 1634 omnibus
2452 1570 2474 1606 ⁸
2504 1590 2523 1636 ε
2567 1594 2600 1632 α
2626 1571 2699 1636 111
2739 1576 3151 1657 supervacuis
3193 1577 3387 1643 rebus
3423 1578 3556 1642 noli

2019 1678 2286 1741 scrutari
2339 1678 2807 1763 multipliciter,
2856 1685 2922 1746 et
2962 1682 3031 1745 in
3069 1683 3364 1766 pluribus
3403 1703 3555 1769 ope-

2019 1782 2201 1846 ribus
2263 1787 2430 1866 ejus,
2489 1804 2569 1850 ne
2624 1786 2820 1852 fueris
2882 1790 3173 1854 curiosus
3213 1809 3233 1854 :
3283 1790 3561 1874 plurima
3596 1767 3632 1812 '⁵

2020 1890 2194 1955 enim
2229 1909 2420 1974 super
2456 1911 2715 1958 sensum
2753 1895 3091 1962 hominum
3130 1900 3380 1965 ostensa
3413 1903 3562 1963 sunt

2023 1996 2161 2060 tibi.
2194 2020 2225 2057 11

2107 2111 2207 2171 13.
2250 2108 2436 2172 Hanc
2478 2110 2950 2191 occupationem
2988 2116 3357 2195 pessimam.
3397 2115 3561 2181 Tan·

2030 2213 2210 2294 gitur
2241 2213 2349 2278 hic
2386 2216 2679 2296 tertium,
2720 2217 2957 2283 scilicet
2982 2220 3185 2286 divini
3211 2223 3436 2305 judicii
3460 2242 3564 2308 se-

2029 2321 2263 2385 veritas
2279 2370 2295 2399 ,
2325 2323 2479 2403 quia
2513 2323 2732 2388 divino
2762 2325 3002 2407 judicio
3046 2334 3306 2413 propter
3346 2350 3563 2414 pecca-

2030 2433 2168 2494 tum
2194 2431 2387 2513 primi
2423 2432 2703 2515 parentis
2728 2433 2964 2498 factum
2994 2441 3091 2501 est
3107 2484 3127 2515 ,
3156 2439 3326 2521 quod
3350 2445 3568 2506 nostra

2031 2537 2130 2600 vis
2169 2538 2489 2602 rationalis
2531 2538 2620 2602 ita
2658 2538 2930 2605 libenter
2967 2542 3332 2611 luxuriatur
3365 2547 3434 2612 in
3458 2565 3566 2612 co·

2035 2642 2323 2723 gnitione
2365 2649 2807 2725 terrenorum:
2857 2656 3116 2735 propter
3161 2656 3333 2738 quod
3373 2657 3565 2722 dicit:

2032 2750 2220 2816 Hanc
2268 2757 2776 2834 occupationem,
2817 2756 2879 2821 id
2924 2764 3052 2842 est,
3096 2763 3566 2845 curiositatem3

2035 2858 2415 2938 Pessimum,
2443 2861 2596 2943 quia
2634 2880 2765 2927 non
2806 2868 3053 2929 tantum
3096 2872 3193 2934 est
3221 2870 3568 2954 culpabilis,

2035 2966 2145 3030 sed
2171 2966 2366 3030 etiam
2390 2967 2690 3050 poenalis;
2733 2970 2928 3038 Dedit
2963 2974 3134 3042 Deus
3169 2977 3335 3057 filiis
3370 2980 3569 3047 homi-

2036 3090 2222 3152 num,
2261 3074 2326 3138 id
2354 3079 2477 3156 est,
2509 3076 2645 3140 dari
2683 3081 3001 3163 permisit,
3030 3082 3099 3147 in
3141 3090 3455 3169 quantum
3480 3093 3577 3155 est

2038 3183 2387 3267 culpabiliS,
2410 3185 2515 3250 vel
2532 3187 2778 3252 ratione
2796 3190 3199 3274 poenalitatis,
3217 3195 3391 3260 dedit
3399 3199 3576 3279 justo

2041 3291 2269 3370 modo;
2305 3294 2389 3359 Ut
2428 3301 2891 3377 occuparentur
2925 3301 3001 3365 in
3038 3317 3144 3382 ea,
3187 3321 3261 3367 ac
3295 3322 3411 3388 per
3437 3305 3579 3371 haec

2041 3398 2450 3464 immemores
2476 3410 2685 3467 essent
2705 3421 2839 3469 suae
2873 3406 3119 3472 salutis.
3144 3407 3322 3476 Unde
3348 3416 3576 3477 notan-

2043 3507 2201 3571 dum
2225 3513 2355 3588 est,
2388 3510 2559 3592 quod
2595 3514 2693 3576 est
2727 3514 3053 3597 occupatio
3079 3516 3281 3597 mala,
3311 3536 3458 3602 quae
3486 3523 3583 3584 est

2044 3633 2127 3679 ex
2153 3614 2556 3695 infirmitate3
2588 3617 2665 3682 de
2687 3618 2808 3683 bac
2824 3621 2881 3683 ⁸:
2916 3645 2947 3683 α
2974 3621 3310 3708 Occupatio
3338 3644 3584 3708 magna

2045 3725 2258 3785 creata
2302 3731 2398 3787 est
2441 3724 2739 3789 omnibus
2783 3726 3186 3812 hominibus,
3240 3737 3306 3797 et
3341 3735 3583 3816 jugum

2045 3846 2248 3911 grave
2299 3848 2491 3913 super
2548 3832 2714 3897 filios
2766 3834 2975 3900 Adam
3017 3856 3058 3900 a
3103 3838 3204 3903 die
3248 3839 3457 3905 exitus
3508 3841 3586 3906 de

2046 3943 2272 4003 ventre
2298 3940 2519 4004 matris
2546 3959 2805 4022 eorum,
2838 3961 3042 4026 usque
3072 3946 3145 4010 in
3178 3946 3348 4013 diem
3372 3950 3585 4032 sepul-

2049 4051 2212 4111 turae
2233 4047 2301 4110 in
2329 4052 2601 4113 matrem
2631 4050 2946 4116 omnium.
2977 4074 3010 4111 1>
3040 4052 3153 4119 Est
3177 4054 3370 4120 etiam
3393 4074 3584 4122 occu·

2048 4154 2221 4238 patio
2239 4157 2442 4238 pejor,
2463 4174 2613 4239 quae
2636 4160 2733 4221 est
2755 4177 2836 4222 ex
2858 4159 3261 4242 ignorantia3
3286 4164 3362 4228 de
3388 4164 3510 4229 hac
3530 4167 3583 4229 ⁷:

2053 4283 2085 4322 «x
2121 4261 2469 4326 obscurent
2494 4279 2645 4326 eum
2675 4265 2954 4355 tenebrae
2972 4271 3042 4331 et
3067 4269 3298 4334 umbra
3325 4272 3585 4337 mortis:

2051 4371 2315 4451 occupet
2344 4386 2494 4433 eum
2521 4368 2729 4451 caligo
2749 4417 2769 4449 ,
2802 4375 2867 4461 et
2891 4373 3260 4442 involvatur
3283 4378 3590 4443 amaritu-

2052 4475 2221 4539 dine.
2267 4497 2300 4534 »
2332 4473 2544 4540 Tertia
2571 4479 2780 4542 estex
2819 4479 3216 4561 curiositate,
3245 4488 3307 4548 et
3333 4483 3475 4549 haec
3498 4489 3595 4549 est

2054 4581 2359 4663 pessima,
2401 4587 2467 4647 et
2496 4583 2575 4647 de
2616 4583 2738 4648 hac
2776 4583 3064 4669 loquitur
3093 4587 3223 4653 bic.
3253 4588 3332 4654 Et
3366 4596 3590 4655 notan-

2055 4688 2238 4768 dum,
2264 4689 2436 4772 quod
2461 4691 2814 4774 occupati0,
2841 4697 2917 4757 ut
2943 4693 3097 4759 dicit
3117 4693 3332 4780 Hugo,
3355 4703 3453 4788 est
3476 4698 3599 4763 dis-

2057 4796 2281 4860 tractio
2313 4795 2389 4877 (b)
2421 4798 2685 4881 mentisi,
2717 4817 2864 4883 quae
2888 4802 3158 4885 avertit,
3190 4808 3257 4869 et
3282 4804 3595 4887 distrahit,

2059 4907 2124 4967 et
2149 4904 2450 4987 illaqueat
2478 4906 2762 4975 animam
2778 4955 2795 4986 ,
2834 4913 2908 4973 ut
2933 4928 3067 4975 non
3095 4913 3293 4994 possit
3315 4915 3600 4997 cogitare

2060 5029 2159 5089 ea,
2188 5029 2335 5094 quae
2355 5011 2577 5077 salutis
2602 5018 2775 5078 sunt.
2811 5015 3155 5082 euriositas
3175 5038 3351 5101 vero,
3375 5040 3599 5088 secun-
3624 5049 3821 5095 emto-t.

3683 5117 3767 5159 tu.

2060 5118 2217 5183 dum
2244 5119 2572 5200 eumdem,
2601 5126 2697 5185 est
2723 5121 3075 5189 intellectus
3101 5126 3373 5193 humani
3395 5130 3599 5195 libidi-

2060 5243 2217 5291 nosa
2237 5225 2595 5309 prostitutio
2622 5228 2860 5311 passim
2886 5232 3238 5314 quamlibet
3262 5236 3595 5303 veritatem

2126 5350 2197 5416 (a)
2216 5351 2338 5404 eat.
2358 5351 2485 5404 edit.
2506 5352 2983 5409 considerationem.
2999 5357 3140 5424 -(1›)
3162 5362 3287 5413 Item
3307 5361 3600 5420 dometio.
