4196 6294
1760 647 2270 727 EXPOSITIO

895 886 1049 995 IN
1167 885 1770 996 LIBRUM
1887 879 3121 997 ECCLESIASTAE‹0›

1660 1447 2351 1524 ARGUMENTUM

1761 1623 1867 1693 (13ae
1893 1620 2021 1677 edit.
2051 1618 2257 1691 Vane.)

497 1802 832 1895 Expositio
860 1824 1138 1894 sequens
1169 1803 1240 1870 in
1269 1801 1520 1870 librum
1552 1802 2026 1872 Ecclesiastem
2056 1801 2326 1869 nomine
2364 1800 2568 1868 sancti
2604 1800 3082 1870 Bonaventurae
3110 1801 3181 1869 in
3207 1800 3398 1871 initio
3428 1803 3588 1871 etin

418 1919 551 1987 fine
593 1919 900 2011 inscripta
936 1919 1287 1987 luculentis
1316 1918 1550 1986 litteris
1578 1925 1753 1986 extat
1781 1918 1850 1985 in
1878 1918 2157 2010 antiquo
2194 1917 2551 2009 exemplari
2579 1917 2955 1986 monasterii
2983 1919 3186 1985 sancti
3219 1918 3492 1987 Joannis
3516 1919 3587 1988 in

418 2035 609 2127 Seyts
636 2035 885 2104 ordinis
910 2034 1352 2103 carthusiani.
1386 2035 1500 2103 Est
1527 2057 1709 2120 sane,
1741 2042 1819 2102 ut
1849 2033 2125 2126 reliquae
2156 2033 2316 2102 tanti
2344 2032 2624 2103 doctoris
2650 2034 3107 2124 expositioneS,
3137 2036 3588 2104 commentarii

415 2160 478 2220 et
519 2151 711 2239 libri,
752 2176 886 2221 nou
933 2152 1149 2222 verbis
1190 2150 1501 2240 affluens,
1543 2150 1654 2220 sed
1699 2149 1956 2219 erudito
2001 2157 2066 2218 et
2106 2149 2440 2242 seraphico
2476 2170 2691 2236 more,
2734 2149 3070 2218 sententiis
3107 2151 3419 2239 gravibus
3458 2150 3590 2220 dis-

414 2268 650 2356 tincta,
681 2277 744 2338 et
776 2282 1000 2338 rerum
1042 2269 1335 2338 ubertate
1371 2267 1652 2337 fecunda
1686 2293 1700 2335 ε
1745 2289 1956 2359 usqne
1989 2266 2185 2351 adeo,
2221 2274 2296 2336 ut
2324 2289 2405 2336 ex
2431 2273 2693 2336 auctore
2734 2265 3063 2349 doctrina,
3095 2276 3158 2336 et
3185 2289 3266 2336 ex
3292 2266 3587 2337 doctrina

414 2393 640 2455 auctor
665 2385 854 2454 facile
882 2385 1345 2477 comperiatur.

1843 2536 2157 2549 m

1634 2765 2306 2857 PROOEMIUM
2352 2749 2367 2778 ¹

489 3005 519 3041 α
547 2980 775 3045 Beatus
804 2979 986 3058 vir’‚
1019 2981 1205 3061 cnjus
1255 2984 1351 3042 est
1396 2996 1634 3043 nomen
1675 2979 1935 3057 ‚Domini

397 3107 538 3172 spes
582 3090 762 3171 ejuS‚
811 3090 875 3152 et
921 3104 1052 3151 non
1096 3087 1376 3170 respexit
1421 3087 1489 3150 iu
1517 3086 1829 3152 vanitates
1872 3089 1935 3151 et

396 3197 673 3260 insanias
712 3195 920 3259 falsas.
971 3220 1001 3254 n
1055 3194 1213 3258 Cum
1243 3243 1259 3275 ‚
1316 3194 1478 3258 sicut
1524 3193 1662 3259 vult
1712 3193 1936 3259 beatus

396 3303 771 3387 Dionysius⁸
790 3351 807 3379 ‚
838 3304 1082 3367 bonum
1116 3302 1198 3366 sit
1224 3301 1509 3384 primum
1556 3301 1930 3384 appetibile;

395 3411 636 3476 bonum
682 3414 899 3475 autem
944 3428 1095 3475 cum
1141 3410 1225 3473 sit
1263 3409 1540 3491 duplex,
1589 3411 1935 3492 temporale

396 3519 659 3595 scilicet,
690 3523 753 3582 et
797 3523 1140 3598 aeternum,
1177 3520 1368 3600 juxta
1417 3516 1572 3581 illud
1601 3516 1622 3552 ⁴
1662 3538 1677 3580 ε
1719 3539 1750 3577 α
1779 3518 1933 3594 Quae

395 3624 717 3703 videntur,
747 3627 1119 3709 temporalia
1160 3630 1347 3705 sunt;
1376 3642 1523 3706 quae
1559 3628 1776 3688 autem
1801 3643 1934 3689 non

396 3733 726 3812 videntur,
751 3738 990 3797 aetema
1015 3739 1164 3797 sunt
1195 3755 1209 3798 :
1249 3755 1280 3793 n
1305 3732 1622 3815 duplicem
1648 3733 1717 3795 in
1743 3731 1933 3796 nobis

396 3842 664 3921 generat
707 3858 992 3905 amorem
1016 3888 1033 3916 ‚
1075 3842 1211 3905 sive
1253 3840 1600 3924 appetitum
1634 3887 1652 3916 ‚
1701 3838 1934 3903 scilicet

394 3945 750 4025 charitatiS,
781 3951 845 4010 et
870 3946 1151 4011 libidinis
1175 3997 1191 4027 ‚
1227 3953 1302 4012 ut
1325 3949 1599 4014 charitas
1637 3948 1719 4012 sit
1745 3964 1927 4012 amor

353 4034 645 4117 'rediens
692 4054 772 4117 ad
818 4058 1054 4118 aeterna
1089 4103 1106 4133 ‚
1154 4054 1351 4120 libido
1406 4056 1483 4120 ad
1536 4061 1810 4121 terrena.
1854 4052 1934 4117 Et

394 4161 545 4243 quia
585 4162 1091 4226 convenientiam
1135 4166 1197 4225 et
1230 4161 1653 4228 differentiam
1681 4163 1926 4245 appeti-

394 4271 582 4332 tuum
635 4269 928 4351 sequitur
981 4268 1425 4333 convenientia
1478 4274 1542 4332 et
1595 4269 1922 4334 disconve-

393 4374 633 4440 nientia
660 4394 936 4456 morum,
965 4380 1030 4440 et
1046 4375 1396 4440 secundnm
1420 4374 1929 4451 convenientiam

396 4482 465 4546 in
499 4483 752 4565 legibus
787 4489 850 4548 et
894 4484 1179 4548 moribus
1207 4482 1490 4548 consistit
1522 4482 1734 4545 unitas
1771 4482 1928 4547 civi-

326 4631 348 4661 s
394 4589 583 4655 tatis:
622 4609 707 4656 ex
742 4590 866 4655 hoc
907 4589 1144 4673 duplici
1188 4608 1410 4657 amore
1448 4588 1684 4672 duplex
1727 4588 1933 4654 oritur

301 4696 346 4726 ¹·
394 4696 653 4777 civitas,
685 4698 922 4764 scilicet
958 4717 1236 4782 superna
1274 4696 1662 4775 Jerusalem,
1688 4700 1751 4760 et
1786 4695 1935 4760 civi-

395 4809 492 4870 tas
555 4806 921 4890 Babylonis,
982 4806 1217 4872 Primae
1282 4807 1773 4872 fundamentum
1838 4808 1934 4868 est

394 4915 670 4980 charitas
694 4915 984 4980 ordinata
996 4938 1015 4994 3
1052 4914 1368 4993 secundas,
1389 4913 1585 4978 libido
1609 4930 1930 4997 perversa.

397 5019 687 5105 Superna
730 5041 887 5104 ergo
924 5021 1146 5089 civitas
1160 5070 1181 5102 ,
1228 5022 1380 5105 quia
1423 5021 1683 5087 fundata
1727 5024 1822 5085 est
1866 5020 1936 5083 in

399 5127 698 5196 charitate
721 5180 740 5211 ‚
770 5148 918 5214 quae
947 5129 1136 5212 erigit
1171 5128 1253 5194 ad
1280 5133 1546 5211 aelerna,
1583 5128 1651 5192 in
1683 5127 1936 5193 aeternis

464 5292 480 5327 ¹
512 5293 591 5354 cr.
623 5272 749 5345 edit.
782 5295 964 5357 vatic„
996 5308 1082 5344 an.
1109 5294 1250 5355 1588,
1287 5297 1411 5342 tom.
1449 5292 1486 5349 ι,
1515 5305 1634 5355 pag.
1665 5293 1784 5354 3095
1815 5288 1934 5340 edit.

404 5362 553 5429 ven„
585 5381 671 5418 an.
697 5371 835 5432 ΠΜ,
862 5372 989 5420 tom.
1022 5368 1106 5428 lx,
1136 5379 1256 5430 pag.
1293 5366 1400 5415 1⁴8.
1422 5390 1483 5402 —
1518 5367 1539 5397 ²
1572 5364 1710 5416 psal.
1751 5374 1932 5426 xxxix,

2048 2979 2353 3062 quiescit,
2387 2983 2450 3043 et
2475 2979 2545 3043 in
2571 2979 2661 3042 eis
2678 2977 3133 3046 beatitudinem
3160 2982 3362 3063 ponit.
3390 2980 3590 3065 Baby-

2045 3087 2211 3152 lonis
2237 3104 2391 3152 vero
2415 3084 2667 3166 civitas,
2700 3102 2846 3170 quae
2878 3105 2991 3169 per
3019 3086 3350 3155 libidinem
3381 3089 3585 3173 depri-

2044 3195 2245 3281 mitur
2271 3193 2353 3259 ad
2398 3198 2682 3275 terrena,
2712 3194 2780 3256 in
2808 3194 2909 3258 his
2947 3197 3213 3261 terrenis
3245 3198 3581 3263 beatitudi-

2043 3319 2193 3364 nem
2221 3301 2421 3383 ponit.
2456 3299 2535 3365 Et
2570 3301 2660 3364 sic
2703 3301 3084 3384 relinquitur
3111 3323 3192 3368 ex
3219 3306 3541 3388 praedictis
3556 3354 3578 3386 ,

2043 3406 2216 3490 quod
2239 3407 2426 3485 ‚sicut
2468 3408 2706 3491 duplex
2750 3408 2992 3474 bonum
3038 3416 3164 3490 est,
3213 3413 3305 3477 sic
3345 3414 3579 3498 duplex
3610 3443 3805 3488 numu-

2041 3532 2246 3593 amor,
2278 3514 2368 3579 sic
2391 3514 2628 3598 duplex
2652 3516 2894 3594 civitas,
2919 3519 3009 3581 sic
3034 3520 3228 3585 etiam
3253 3520 3580 3591 beatitudo
3625 3505 3801 3622 ⁶502?-

2041 3619 2279 3704 duplex
2303 3668 2322 3699 ‚
2367 3640 2519 3687 vera
2564 3622 2799 3687 scilicet
2852 3624 2920 3688 in
2965 3627 3221 3690 aeternis
3241 3675 3260 3707 ‚
3304 3627 3463 3694 falsa
3511 3630 3579 3693 in

2041 3728 2501 3810 temporalibus
2526 3735 2590 3796 et
2615 3732 2893 3797 caducis,
2928 3756 2962 3795 α
2982 3732 3247 3800 Beatum
3279 3736 3582 3802 dixerunt

2041 3834 2351 3917 populum
2370 3842 2392 3877 ⁸
2420 3886 2436 3918 ‚
2474 3837 2586 3907 ,cui
2630 3839 2771 3905 haec
2809 3846 2981 3906 sunt.
3009 3864 3042 3901 ι»
3082 3841 3158 3905 Et
3196 3843 3361 3909 sicut
3402 3864 3583 3911 amor

2041 3942 2369 4009 charitatis
2390 3992 2408 4022 ‚
2439 3948 2504 4009 et
2541 3944 2822 4011 libidinis
2843 3996 2859 4028 ‚
2892 3947 2982 4012 sic
3023 3950 3286 4015 obviant
3312 3952 3436 4015 sibi
3457 4001 3479 4033 ,
3510 3958 3584 4018 ut

2041 4051 2238 4117 simul
2275 4072 2411 4118 esse
2439 4070 2569 4118 non
2606 4055 2851 4138 possint
2871 4078 2890 4134 ;
2922 4057 3012 4121 sic
3052 4058 3157 4123 11ae
3199 4060 3346 4126 duae
3380 4061 3581 4127 beati-

2042 4159 2339 4225 tudines:
2379 4183 2410 4221 (ι
2431 4178 2624 4226 nemo
2672 4162 2844 4227 enim
2870 4163 2892 4198 ⁶
2919 4168 3126 4246 potest
3170 4167 3423 4233 duobus
3467 4170 3581 4235 do-

2045 4270 2238 4335 minis
2261 4271 2524 4337 servire.
2547 4292 2579 4329 1>
2608 4271 2755 4336 ldeo
2782 4273 2836 4336 si
2857 4274 3003 4356 quis
3022 4274 3162 4340 vult
3181 4294 3321 4342 esse
3336 4278 3581 4359 heatus,

2043 4394 2300 4442 necesse
2340 4383 2435 4442 est
2469 4382 2542 4443 ut
2572 4379 2789 4444 futura
2825 4381 2994 4445 bona
3034 4382 3297 4465 diligat,
3329 4390 3393 4452 et
3432 4405 3583 4452 con-

2044 4484 2288 4546 temnat
2308 4484 2671 4564 praesentia.
2696 4484 2841 4550 ldeo
2866 4486 3143 4570 Spiritus
3167 4496 3444 4573 sanctus,
3473 4512 3587 4577 per

2047 4590 2488 4673 Psalmistam,
2526 4596 2741 4661 virum
2770 4597 3027 4663 beatum
3074 4601 3154 4664 ab
3194 4601 3317 4666 hoc
3354 4602 3590 4686 duplici

2044 4705 2194 4766 actu
2220 4702 2559 4768 describit:
2590 4724 2630 4769 a
2669 4723 3095 4788 supernorum
3136 4708 3545 4775 delectatione
3562 4760 3582 4791 ‚

2044 4827 2194 4893 quae
2237 4810 2481 4876 faciunt
2521 4812 2781 4876 beatum
2824 4832 2842 4877 z
2879 4837 2909 4875 α
2950 4812 3182 4880 Beatus
3220 4816 3359 4898 vir,
3406 4821 3593 4902 cujus

2045 4921 2144 4983 est
2188 4936 2425 4985 nomen
2467 4919 2719 4984 Domini
2762 4939 2906 5003 spes
2948 4925 3124 5005 ejus;
3161 4946 3192 4985 n
3224 4929 3288 4990 et
3326 4944 3365 4989 a
3391 4930 3587 4992 terre-

2045 5041 2280 5090 norum
2322 5025 2795 5108 aspernatione,
2827 5046 2974 5110 quae
3017 5029 3259 5096 faciunt
3303 5051 3541 5099 vanum
3567 5084 3584 5115 ,

2047 5197 2094 5244 5.
2119 5220 2182 5232 —
2208 5195 2231 5229 ⁸
2257 5194 2430 5260 Dion.,
2457 5193 2517 5245 de
2540 5194 2644 5247 div.
2669 5195 2837 5262 Nom„
2867 5211 2917 5248 c.
2945 5209 3021 5249 ιν.
3045 5223 3108 5237 -
3128 5202 3147 5232 ⁴
3171 5202 3213 5253 ll
3242 5202 3377 5266 Cor..
3411 5216 3483 5270 xv,
3517 5210 3589 5258 18.

2045 5291 2109 5301 —
2135 5265 2158 5299 ⁵
2182 5264 2317 5315 Psal.
2348 5277 2542 5328 cum,
2580 5269 2656 5316 15.
2694 5292 2753 5304 --
2780 5269 2803 5302 ⁶
2830 5269 3033 5335 Mami„
3065 5282 3133 5335 vt,
3158 5274 3237 5323 2¹4.

2113 5364 2181 5426 (a)
2208 5363 2329 5413 Cos-t.
2357 5364 2477 5414 edit.
2511 5364 2855 5416 Ecclesiastes.
