4196 6294
635 559 726 613 m
781 565 796 577 .

634 674 951 758 simplices
965 719 988 751 ,
1015 674 1081 736 et
1103 669 1330 735 idiotas
1350 716 1371 749 ,
1414 670 1477 732 et
1512 667 1854 750 piscatores
1872 715 1890 746 ,
1938 669 2002 730 et
2046 660 2422 745 hujusmodi
2472 660 2645 726 viros
2661 667 2708 728 ¹.
2735 685 2767 725 ιι
2820 666 3260 755 Praeterquam
3303 673 3477 755 quod
3524 673 3819 744 laudatus

637 791 710 861 P.
752 787 1048 855 Sbaralea
1079 788 1298 850 notat:
1328 783 1728 849 Aristotelem
1754 784 2208 850 Bonaventura
2231 779 2301 844 in
2325 778 2447 842 bac
2475 778 2908 862 Expositione
2935 804 3068 851 non
3092 786 3312 853 laudat
3346 804 3814 875 soepenumem,

636 912 708 973 ut
733 906 979 992 praefati
1004 920 1294 970 censores
1320 900 1542 979 aiunt,
1569 901 1682 967 sed
1706 904 1821 965 aut
1846 916 2221 983 nunquam,
2254 899 2365 961 aut
2391 913 2674 978 perraro.

717 1036 775 1096 3.
825 1026 999 1094 Nihil
1040 1024 1276 1109 pariter
1319 1022 1784 1088 Bonaventurae
1833 1023 2054 1086 nostro
2098 1035 2478 1100 repugnans
2527 1017 2856 1099 existimo,
2906 1019 2978 1083 in
3023 1038 3163 1084 rem
3209 1039 3397 1086 suam
3438 1026 3822 1106 pertraxisse

634 1148 930 1234 quaedam
958 1145 1124 1210 dicta
1148 1160 1232 1206 ex
1257 1139 1577 1220 Hermete,
1604 1157 1720 1204 seu
1744 1136 2090 1216 Simonide,
2120 1154 2204 1200 ex
2230 1134 2485 1213 Catone,
2510 1133 2801 1218 Virgilio,
2833 1134 3149 1215 Terenti0‚
3173 1136 3208 1201 J
3213 1139 3473 1204 uvenali
3491 1189 3511 1220 ,
3535 1141 3818 1224 Euclide,

635 1265 871 1332 Seneca
911 1265 976 1327 et
1013 1257 1328 1325 Macrobio
1341 1305 1361 1336 ,
1402 1275 1552 1321 cum
1597 1255 1803 1321 eidem
1848 1252 2319 1322 Bonaventurae
2361 1269 2494 1316 non
2545 1253 2788 1318 fuerint
2833 1254 3208 1337 incomperti
3261 1275 3336 1320 ac
3393 1257 3623 1340 ignoti.
3675 1260 3819 1326 Non

633 1383 992 1468 repugnat,
1026 1378 1201 1463 quod
1233 1394 1421 1444 voces
1457 1392 1705 1460 graecas
1741 1377 1806 1439 et
1834 1372 2165 1438 hebraicas
2201 1371 2568 1455 frequenter
2601 1373 2900 1452 usurpet,
2938 1388 3089 1435 cum
3126 1388 3232 1436 eas
3266 1372 3566 1439 adhibere
3600 1380 3824 1458 potue-

631 1497 715 1561 rit
748 1495 972 1559 saltem
1017 1494 1089 1556 ut
1126 1490 1390 1555 usitatas
1427 1490 1597 1573 apud
1642 1492 2136 1576 Hieronymum,
2180 1488 2625 1567 Ambrosium,
2669 1487 2907 1554 Glossae
2950 1493 3276 1573 auctorem
3296 1539 3314 1569 ,
3353 1490 3774 1578 Philosophos
3797 1544 3817 1575 ,

631 1613 933 1679 Rhetores
946 1659 964 1692 ,
1006 1628 1080 1674 ac
1114 1609 1193 1672 iis
1230 1609 1327 1673 uti
1372 1610 1776 1675 consueverit
1814 1608 1885 1671 in
1924 1607 2115 1672 certis
2149 1605 2624 1672 commentariis
2664 1620 2857 1686 super
2901 1603 3140 1669 librum
3177 1604 3546 1690 Sapientiae,
3593 1628 3667 1674 ac
3696 1610 3821 1676 La-

630 1723 1051 1791 mentationes
1090 1721 1383 1786 Jeremiae
1417 1722 1745 1805 prophetae
1765 1738 1804 1808 ‚'
1830 1724 1909 1789 de
1940 1725 2178 1808 quihus
2214 1725 2452 1807 postea.
2488 1719 2668 1785 Unde
2701 1704 2820 1787 nec
2861 1720 3066 1785 ullam
3110 1722 3298 1788 video
3341 1724 3816 1810 difficultatem,

631 1841 799 1926 quod
834 1857 951 1926 pro
985 1839 1302 1905 Dominus
1337 1839 1508 1921 reqit
1549 1857 1686 1919 me,
1732 1840 1965 1923 legerit
2002 1841 2357 1905 secundum
2403 1837 2737 1903 lectionem
2779 1853 3062 1918 graecam
3102 1840 3412 1904 Dominus
3449 1844 3659 1925 pascit
3689 1863 3819 1910 me.

712 1962 773 2022 4.
812 1955 956 2022 Non
984 1957 1344 2040 repugnat,
1368 1956 1539 2038 quod
1565 1956 1840 2021 dixerit:
1881 1980 1913 2018 α
1937 1957 2171 2021 Anima
2197 1960 2293 2020 est
2325 1956 2394 2018 in
2426 1954 2686 2019 cerebro
2714 1953 3070 2018 secundum
3101 1953 3432 2039 Physicos;
3462 1960 3823 2026 secundum

630 2075 991 2157 Theologos
1027 2077 1124 2139 est
1159 2074 1230 2138 in
1268 2072 1479 2154 corde,
1502 2095 1534 2133 1>
1573 2078 1688 2139 etc.
1726 2073 1892 2139 Nam
1929 2074 2177 2155 legerat
2215 2073 2471 2157 (Pr-ov„
2506 2091 2644 2150 xlv,
2678 2075 2777 2151 33)
2805 2090 2822 2136 t
2853 2071 2935 2137 In
2964 2072 3152 2138 corde
3167 2074 3336 2156 justi
3360 2076 3535 2141 sedes
3561 2079 3823 2162 sapien-

632 2195 737 2260 tioe
766 2201 895 2273 est,
934 2191 1317 2274 tradiditque
1354 2190 1424 2255 in
1453 2190 1633 2256 libris
1666 2192 1858 2256 etiam
1894 2190 2417 2256 Sententiarum:
2457 2212 2489 2251 α
2515 2188 2741 2254 Medici
2784 2190 3149 2256 discordant
3189 2211 3230 2256 a
3249 2191 3679 2260 NaturalibuS.
3722 2196 3826 2262 Di-

632 2313 783 2376 cunt
817 2308 991 2373 enim
1010 2306 1314 2399 ⁸Physici,
1351 2307 1523 2390 quod
1556 2308 1944 2391 principium
1984 2310 2198 2373 motus
2233 2310 2297 2372 et
2337 2323 2561 2373 sensus
2599 2309 2696 2371 est
2734 2307 2799 2370 in
2838 2308 3077 2391 capite3
3122 2308 3268 2373 licet
3301 2309 3633 2377 Naturales
3651 2362 3671 2393 ,
3706 2314 3825 2397 qui

631 2425 1032 2492 considerant
1063 2424 1375 2507 principia
1408 2441 1629 2489 rerum
1670 2424 1990 2505 intimius,
2037 2424 2250 2489 dicant
2290 2425 2461 2508 quod
2486 2424 2722 2489 borum
2749 2424 3139 2509 principium
3169 2430 3264 2491 est
3291 2446 3401 2492 cor
3421 2433 3468 2493 ¹.
3493 2450 3525 2489 n
3558 2428 3700 2495 Non
3726 2450 3827 2499 re-

630 2547 910 2630 pugnat,
953 2543 1124 2627 quod
1154 2542 1237 2607 ad
1275 2542 1433 2608 illud
1464 2542 1817 2624 :Ascende,
1862 2544 2069 2625 calve,
2106 2542 2458 2609 subdiderit
2490 2565 2504 2606 ε
2554 2566 2585 2603 <1
2603 2541 2737 2607 Hoc
2768 2543 3110 2626 exponitur
3136 2544 3214 2609 de
3253 2544 3507 2628 Elisaeo,
3551 2549 3678 2630 qui'
3699 2550 3827 2616 fuit

629 2662 869 2743 calvuS,
901 2661 981 2726 ad
1013 2660 1324 2742 litteram;
1348 2660 1457 2725 sed
1475 2662 1815 2745 exponitur
1841 2661 1920 2726 de
1945 2660 2216 2739 Christo,
2241 2659 2355 2743 qui
2380 2659 2656 2724 nonfuit
2681 2658 2901 2726 calvus
2924 2660 3004 2725 ad
3030 2660 3307 2725 litteram
3336 2683 3351 2726 ε
3372 2684 3403 2721 1>
3440 2662 3505 2727 id
3534 2664 3711 2729 enim
3742 2666 3828 2732 de

630 2779 875 2843 Christo
908 2777 1294 2843 intellexisse
1321 2782 1565 2843 constat
1593 2779 1786 2844 etiam
1814 2778 2283 2861 Hieronymum
2310 2777 2333 2812 ³
2355 2826 2372 2858 ,
2410 2775 2852 2858 Augustinum
2879 2781 2934 2855 ⁸,
2975 2775 3375 2842 Bernardum
3393 2784 3438 2856 ⁸,
3485 2783 3605 2844 etc.
3655 2780 3827 2847 Pro-

628 2897 789 2961 fecto
815 2895 984 2961 idem
1010 2898 1232 2960 auctor
1268 2916 1300 2955 α
1323 2894 1394 2958 in
1428 2893 1713 2960 Psalterii
1740 2894 2136 2978 expositione
2164 2894 2383 2958 tritam
2411 2893 2588 2956 illam
2622 2892 2881 2976 quidem
2899 2940 2918 2970 ‚
2952 2898 3144 2975 atque
3172 2894 3474 2958 usitatam
3502 2895 3682 2962 viam
3716 2915 3830 2964 se-

628 3016 815 3077 cutus
844 3015 973 3093 est,
1000 3012 1071 3075 in
1097 3029 1228 3095 qua
1255 3011 1549 3077 insistere
1588 3014 1866 3097 majores
1891 3009 2280 3079 voluerunt⁶
2304 3034 2335 3069 υ
2383 3008 2579 3092 idque
2608 3008 2766 3073 adeo
2801 3027 3071 3089 verum,
3114 3015 3189 3074 ut
3227 3009 3507 3076 dubitari
3550 3014 3830 3082 minime

627 3131 854 3214 possit,
886 3128 1073 3215 plura
1098 3130 1311 3213 ipsum
1337 3129 1805 3215 deprompsisse
1831 3147 1868 3193 e
1894 3145 2063 3213 penu
2091 3124 2408 3208 Dionysii,
2447 3123 2803 3205 Athanasii,
2844 3124 3189 3206 Ambrosii,
3236 3126 3645 3213 Hieronymi,
3691 3132 3831 3199 Au-

630 3246 906 3329 gustini,
932 3246 1247 3327 Cassiani,
1280 3247 1537 3329 Isidori,
1569 3248 1789 3329 Bedae,
1824 3244 2123 3312 Richardi
2156 3264 2196 3308 a
2222 3244 2452 3309 Sancto
2479 3243 2750 3319 Victore,
2781 3248 2898 3309 etc.
2931 3244 3016 3309 De
3043 3263 3220 3310 more
3239 3247 3443 3312 utitur
3464 3251 3836 3332 praesertim

627 3361 978 3445 Augustini
1001 3363 1340 3445 sententia,
1366 3383 1501 3430 una
1526 3384 1676 3430 cum
1705 3363 1888 3430 Pauli
1914 3361 2179 3448 apostoli
2204 3359 2420 3426 verbis
2443 3409 2465 3440 ,
2490 3360 2765 3444 loquens
2790 3362 2871 3427 de
2895 3362 3099 3427 libero
3121 3363 3386 3428 arbitrio
3404 3368 3467 3429 et
3490 3365 3566 3430 de
3589 3369 3836 3450 gratiae

629 3481 924 3545 efficacia.
956 3480 1170 3565 Inquit
1194 3482 1406 3547 enim:
1450 3505 1482 3543 α
1504 3483 1712 3548 Motus
1739 3500 1819 3547 ex
1846 3482 2048 3546 libero
2075 3480 2337 3545 arbitrio
2379 3480 2617 3563 ‚partim
2663 3498 2746 3543 ex
2784 3477 2948 3560 Deo,
2996 3480 3231 3564 partim
3267 3499 3349 3546 ex
3389 3482 3596 3547 nohis.
3647 3465 3838 3551 Unde

630 3597 1011 3680 Apostolus:
1049 3597 1471 3680 Coadjutores
1497 3600 1623 3665 Dei
1646 3618 1869 3688 sumus
1888 3598 1931 3663 ⁷.
1965 3595 2128 3662 Nam
2159 3615 2309 3661 cum
2337 3598 2481 3661 fecit
2507 3614 2627 3661 nos
2648 3596 2786 3662 sine
2812 3597 3026 3676 nobiS,
3058 3616 3191 3664 non
3214 3599 3520 3682 iustificat
3540 3617 3665 3665 nos
3692 3601 3839 3668 sine

629 3712 812 3778 nobis
830 3719 875 3793 ⁸,
905 3712 969 3777 id
996 3717 1090 3778 est
1119 3735 1135 3777 ε
1169 3714 1316 3781 Non
1339 3731 1451 3797 eqo
1480 3733 1709 3799 operor
1736 3715 1919 3794 illud,
1946 3714 2063 3779 sed
2085 3715 2303 3798 qratia
2330 3715 2453 3779 Dei
2475 3729 2725 3780 mecum
2746 3716 2792 3779 ⁹.
2811 3713 2842 3775 i>
2877 3714 3190 3780 Eumdem
3219 3719 3489 3796 textum,
3525 3716 3838 3801 Coach'u-

631 3838 795 3895 tores
822 3831 948 3896 Dei
983 3823 1226 3913 sumus,
1261 3834 1510 3915 repetit,
1534 3836 1610 3897 ut
1635 3833 1857 3917 probet
1882 3832 2055 3915 quod
2083 3832 2470 3915 quandoque
2492 3831 2690 3896 homo
2718 3830 2892 3896 ducit
2915 3850 2983 3896 se
3009 3850 3125 3915 per
3150 3832 3428 3896 liberum
3455 3832 3836 3916 arbitrium,

629 3946 840 4031 palam
867 3946 1136 4025 facienS,
1168 3949 1246 4012 ad
1273 3948 1338 4012 id
1365 3967 1558 4031 egere
1585 3951 1799 4032 ipsum
1825 3949 2106 4013 liberum
2132 3949 2470 4014 arbitrium
2497 3949 2707 4031 gratia
2734 3947 2844 4013 Dei
2875 3951 3286 4031 cooperante,
3321 3952 3394 4013 ut
3433 3947 3635 4015 homo
3679 3971 3840 4019 cum

629 4060 931 4145 Apostolo
957 4062 1164 4128 dicere
1193 4070 1386 4147 queat
1415 4089 1430 4131 :
1467 4066 1698 4133 Gratia
1732 4067 1855 4133 Dei
1883 4067 1952 4156 ἱζι
1978 4084 2081 4131 me
2108 4082 2316 4131 vacua
2344 4085 2475 4130 non
2506 4067 2638 4149 fuit
2659 4065 2726 4130 ¹⁰.
2758 4064 2934 4130 Idem
2962 4069 3157 4130 etiam
3174 4065 3450 4130 liberum
3481 4066 3842 4135 arbitrium

629 4179 840 4261 gratia
880 4181 1309 4263 praeveniente
1350 4182 1640 4264 indigere
1680 4183 1953 4248 ostendit
1977 4201 2091 4265 per
2119 4187 2410 4247 textum:
2450 4182 2653 4248 Trahe
2681 4202 2786 4247 me
2805 4191 2959 4267 post
2985 4191 3044 4248 te
3067 4185 3134 4247 ¹¹.

709 4302 770 4361 5.
801 4295 1038 4361 Eadem
1065 4297 1423 4380 Expositio,
1457 4300 1646 4364 modo
1674 4299 2266 4380 Bonaventuriano,
2296 4301 2385 4365 ila
2410 4301 2734 4383 perpetuis
2760 4301 2997 4366 divinae
3025 4300 3370 4384 Scripturae
3401 4302 3697 4368 textibus
3727 4323 3841 4369 re-

627 4419 789 4506 tserta
827 4420 941 4495 est,
973 4420 1045 4482 ut
1071 4436 1393 4483 summam
1419 4419 1612 4485 etiam
1636 4419 1935 4485 exhibeat
1961 4436 2289 4484 sacrorum
2316 4418 2565 4483 rituum
2589 4419 2904 4502 peritiam.
2940 4418 3012 4482 In
3038 4436 3115 4482 ea
3140 4418 3306 4482 inter
3333 4423 3577 4485 ceteros
3605 4425 3841 4488 retun-

629 4530 801 4595 ditur
824 4548 1003 4595 error
1046 4529 1448 4610 Graecorum,
1490 4533 1902 4616 spirationem
1942 4536 2218 4603 activam
2256 4533 2375 4600 soli
2413 4533 2590 4599 Patri
2626 4535 3153 4599 attribuentium:
3195 4534 3310 4616 qui
3345 4534 3609 4618 quidem
3643 4555 3841 4603 error

628 4645 1181 4713 Bonaventuriana
1204 4650 1566 4732 praesertim
1604 4654 1792 4718 aetate
1833 4652 2121 4735 vigebat.
2169 4652 2282 4716 His
2318 4656 2535 4717 autem
2575 4652 2875 4717 omnihus
2910 4650 3091 4715 facile
3131 4651 3449 4718 evanescit
3495 4651 3836 4737 quidquid

629 4771 847 4833 contra
871 4767 1246 4850 hujusmodi
1271 4768 1745 4854 Expositionem
1774 4792 1814 4837 a
1838 4773 2205 4840 novissimis
2231 4770 2592 4838 Editoribus
2619 4770 2971 4850 objectatur
2987 4767 3053 4831 ¹⁸.

694 4932 785 4981 ¹ln
804 4931 1176 4996 Exposit.Psal.
1199 4944 1446 4998 cx1.111,p.
1471 4937 1581 4999 572,
1605 4935 1832 4988 col.2.—
1850 4937 1868 4967 ²
1885 4936 2231 4999 Lih.1n‚dist.
2257 4947 2375 4999 xm,
2392 4935 2552 4997 art.2,
2582 4946 2631 4997 q.
2647 4934 2696 4996 3,
2724 4930 2789 4981 ad
2816 4944 2925 4995 arg.
2960 4934 3004 4994 1,
3023 4930 3132 4996 huj.
3162 4930 3285 4982 edit.
3305 4933 3431 4982 tom.
3463 4931 3550 4991 lV,
3572 4946 3702 5000 pag.
3720 4939 3842 4989 292.

632 5003 897 5053 consentit
918 5017 1071 5053 serm.
1105 5015 1142 5062 1,
1166 5004 1240 5054 De
1267 5004 1529 5055 illuminat
1559 5007 1689 5056 Eccl.
1710 5033 1773 5044 —
1800 5006 1822 5040 ³
1847 5009 1904 5057 ln
1931 5007 2008 5057 tit.
2038 5007 2171 5057 Psal.
2198 5017 2338 5057 xnvx.
2369 5031 2430 5042 —
2451 5005 2470 5035 ⁴
2493 5005 2636 5055 Cone.
2663 5003 2861 5061 Faust„
2895 5000 2983 5053 lib.
3015 5002 3123 5064 ΧΗ,
3154 5015 3200 5052 c.
3231 5013 3387 5051 xxxv.
3407 5026 3470 5039 —
3496 5001 3519 5037 ⁸
3545 5004 3634 5053 Ad
3665 5006 3841 5060 Milit.

633 5073 837 5137 Templi.
872 5087 919 5122 c.
959 5078 1003 5125 1.
1046 5074 1165 5125 vid.
1206 5075 1410 5126 Cornel.
1449 5092 1480 5126 a
1509 5077 1707 5142 Lepid„
1739 5076 2014 5127 Comment.
2043 5078 2097 5128 in
2123 5077 2212 5128 lib.
2253 5078 2342 5128 lV.
2372 5076 2511 5140 Req„
2544 5089 2591 5126 c.
2633 5077 2682 5124 2.
2712 5101 2768 5110 -
2807 5073 2827 5103 ⁰
2853 5075 2991 5124 Petr.
3022 5073 3243 5123 Galesin.
3281 5063 3335 5121 in
3374 5072 3477 5123 Vit.
3516 5074 3576 5126 S.
3616 5076 3844 5144 Bonan„

631 5158 679 5194 c.
703 5155 789 5195 ιν.
818 5170 880 5181 -
907 5145 924 5175 ⁷
954 5144 973 5194 l
1004 5145 1141 5209 Cor„
1173 5158 1265 5209 111,
1295 5149 1342 5197 9.
1371 5172 1434 5184 -
1454 5149 1473 5177 ⁸
1497 5149 1729 5212 August„
1758 5147 1819 5198 de
1846 5147 1981 5200 verb.
2018 5147 2213 5212 Apost„
2245 5161 2400 5198 serm.
2431 5158 2519 5208 ιν,
2548 5145 2614 5195 al.
2648 5155 2831 5206 cnxlx,
2865 5157 2921 5193 n.
2955 5147 3032 5195 13.
3059 5171 3114 5181 -
3144 5145 3207 5193 ⁹1
3238 5143 3375 5204 Con,
3402 5154 3491 5208 κν,
3519 5148 3604 5196 10.
3644 5148 3847 5202 Omnia

630 5214 874 5279 praedicta
907 5214 1146 5280 leguntur
1180 5218 1246 5267 ad
1288 5217 1373 5267 illa
1408 5219 1586 5270 verba.
1622 5219 1752 5270 Psal.
1792 5230 1971 5282 cxvm,
2014 5221 2096 5270 Ea:
2136 5218 2320 5268 crubor
2355 5218 2406 5267 in
2430 5215 2885 5282 justificationibus
2928 5216 3047 5265 ωιέ.
3085 5243 3146 5254 -
3188 5216 3227 5249 ¹⁰
3263 5216 3278 5263 l
3334 5215 3472 5276 Cor..
3514 5228 3613 5278 xv,
3663 5222 3747 5272 10,
3779 5246 3848 5261 -

633 5286 674 5321 ¹¹
704 5286 933 5350 Cant.,1,
952 5288 997 5340 3.
1022 5288 1078 5340 ln
1099 5287 1232 5342 Psal.
1260 5299 1440 5356 cxviii,
1460 5291 1538 5358 49,
1558 5289 1668 5355 huj.
1687 5290 1815 5344 tomi
1834 5304 1953 5358 pag.
1972 5292 2084 5355 303,
2109 5290 2207 5342 col.
2233 5293 2345 5344 2.—
2371 5290 2410 5325 ¹²
2428 5286 2673 5352 Diatrib„
2696 5300 2751 5354 p.
2770 5287 2860 5339 ¹06
2880 5289 2933 5338 et
2958 5301 3091 5353 seq..
3120 5286 3229 5351 huj.
3250 5284 3371 5364 edit.
3388 5289 3516 5340 tom.
3537 5288 3582 5353 1,
3600 5302 3659 5356 p.
3682 5302 3846 5347 um.
