4196 6294
689 477 808 537 446

686 605 872 666 ritatis
896 601 1130 676 legibus
1155 602 1498 677 peccatores
1523 599 1742 657 debeat
1760 597 2031 670 judicare
2055 617 2070 656 ε
2097 603 2238 656 tunc

688 698 901 774 agnitis
942 697 1055 755 tuis
1098 694 1358 768 meritis,
1403 697 1459 752 et
1500 692 1693 768 poenis
1739 690 1981 764 debitis,
2031 707 2239 766 posses

689 793 1041 860 deliberare,
1072 790 1241 864 quod
1283 788 1532 847 deberes
1568 786 1974 862 poenitentiam
2016 785 2238 843 saluta-

687 904 817 947 rem
843 885 1065 944 meritis
1092 885 1208 942 tuis
1224 884 1516 957 imparem
1537 879 1944 956 aequanimiter
1962 879 2236 937 tolerare.

689 984 768 1039 De
798 981 966 1039 tertio
996 978 1269 1036 scribitur
1288 993 1325 1034 a
1353 974 1818 1050 psalmographo
1847 977 1864 1011 ²
1901 992 1915 1030 :
1953 994 1981 1028 α
2008 976 2237 1040 Beatus,

690 1076 795 1150 qui
848 1071 1121 1144 intelligit
1167 1086 1346 1144 super
1392 1086 1649 1143 egenum
1698 1072 1755 1125 et
1793 1083 2122 1141 pauperem
2137 1087 2156 1139 3
2203 1087 2231 1118 ι)

689 1168 860 1243 quasi
889 1167 1047 1224 dicat
1074 1183 1089 1222 τ
1120 1167 1358 1223 Beatam
1382 1167 1614 1238 partem
1653 1161 1832 1235 eligit,
1862 1160 1966 1234 qui
1993 1176 2101 1234 per
2126 1159 2236 1217 mi-

689 1261 1021 1320 sericordiae
1046 1260 1272 1333 legem,
1305 1274 1489 1333 quam
1516 1256 1759 1314 interius
1785 1255 1955 1328 legit,
1985 1254 2240 1311 exterius

689 1372 754 1414 se
781 1356 978 1428 dirigit
1003 1369 1183 1428 super
1210 1368 1468 1426 egenum
1495 1353 1552 1409 et
1586 1365 1934 1424 pauperem,
1974 1364 2095 1405 non
2136 1364 2236 1405 su-

686 1466 795 1524 per
828 1449 1074 1524 plenum
1103 1451 1159 1506 et
1186 1447 1457 1505 uberem.

1183 1605 1471 1661 Articulus
1509 1604 1723 1659 tertius.

757 1731 1011 1789 Tertium
1041 1729 1383 1800 intenditur,
1413 1742 1552 1785 cum
1587 1725 1835 1784 infertur
1845 1744 1862 1797 3
1908 1725 2052 1792 Quia
2086 1740 2239 1781 man-

688 1829 822 1884 data
852 1831 966 1884 tua.
999 1828 1127 1883 Hoec
1156 1826 1292 1881 sunt
1321 1825 1458 1896 jura
1484 1821 1712 1880 coelitus
1746 1820 1983 1890 tradita,
2015 1817 2236 1877 divini-

685 1919 1081 1987 tusdiffinita,
1111 1918 1273 1976 velut
1297 1916 1793 1992 supermundanae
1812 1913 2035 1987 regulae
2064 1929 2238 1987 regu-

686 2014 881 2073 landis
908 2012 1185 2072 humanis
1214 2011 1442 2069 actibus
1468 2010 1779 2083 deputatoe.
1810 2012 1875 2066 Et
1899 2011 2042 2067 nota
2081 2008 2238 2065 circa

450 2134 661 2179 umam
686 2108 1007 2176 mandata,
1054 2106 1221 2180 quod
1260 2105 1541 2162 dicuntur
1563 2103 1713 2175 juris
1740 2102 1959 2174 regulae
1994 2105 2238 2176 propter

444 2201 562 2257 5¹²¹·ss
596 2215 662 2247 ¹0-
688 2203 837 2261 tria:
864 2201 1007 2276 quia
1024 2203 1161 2257 sunt
1187 2197 1557 2273 sapientialia
1583 2197 1961 2269 documenta,
1983 2196 2238 2254 moralia

448 2266 581 2321 gule.

685 2295 1104 2364 fundamenta,
1149 2291 1508 2350 universalia
1550 2290 1900 2363 ligamenta3
1949 2291 2236 2364 quoniam

688 2406 895 2448 omnes
922 2388 1293 2458 illuminant,
1324 2401 1531 2444 omnes
1565 2383 1859 2442 aedificant
1873 2426 1895 2455 ,
1925 2400 2134 2441 omnes
2161 2384 2236 2441 li-

687 2489 849 2558 gant.
882 2486 957 2540 De
983 2483 1179 2557 primo
1202 2484 1223 2517 ²
1256 2501 1274 2537 ε
1303 2502 1329 2534 α
1351 2484 1504 2539 Fons
1531 2479 1834 2553 sapientiae
1859 2479 2114 2536 verbum
2137 2479 2237 2536 Dei

687 2579 751 2636 in
779 2577 1055 2648 ezechie,
1104 2579 1163 2634 et
1203 2576 1502 2649 ingressus
1540 2572 1701 2630 illius
1744 2571 2029 2629 mandata
2069 2574 2237 2629 aeter-

687 2688 768 2730 na
806 2692 821 2729 :
851 2692 881 2726 n
915 2687 1049 2728 ecce
1096 2670 1407 2741 mandata,
1451 2666 1819 2741 sapientialia
1855 2666 2233 2724 documenta.

685 2769 765 2824 De
793 2764 1057 2824 secundo
1086 2766 1108 2801 ⁸
1140 2783 1154 2820 ε
1196 2783 1222 2816 α
1250 2761 1657 2822 Fundamenta
1684 2763 1905 2819 aeterna
1932 2775 2111 2834 super
2135 2774 2236 2833 pe-

684 2863 838 2917 tram
866 2858 1145 2930 solidam,
1174 2861 1233 2916 et
1250 2856 1534 2914 mandata
1556 2854 1656 2912 Dei
1685 2854 1747 2912 in
1765 2853 1945 2912 corde
1971 2850 2238 2910 mulieris

685 2956 902 3011 sanctae
929 2971 944 3010 :
974 2973 1004 3008 π
1039 2968 1173 3010 ecce
1212 2951 1517 3022 mandata,
1548 2948 1802 3006 moralia
1828 2946 2234 3006 fundamenta.

686 3050 766 3104 De
794 3047 964 3105 tertio
989 3047 1011 3082 ⁴
1044 3066 1059 3104 z
1105 3067 1133 3100 α
1169 3050 1353 3104 Deum
1380 3046 1545 3115 time,
1581 3048 1638 3101 et
1672 3041 1954 3100 mandata
1980 3041 2107 3114 ejus
2134 3039 2240 3097 ob-

685 3158 889 3214 serva3
917 3141 1034 3199 hoc
1063 3143 1149 3198 est
1190 3139 1386 3198 omnis
1426 3138 1612 3197 homo
1653 3156 1666 3194 :
1708 3157 1736 3191 n
1779 3152 1914 3195 ecce
1953 3133 2237 3193 mandata

685 3235 1053 3295 universalia
1079 3235 1419 3309 ligamenta.

1173 3393 1459 3450 Articulus
1496 3395 1744 3463 quartu&

757 3523 1043 3592 Quartum
1067 3516 1459 3588 subtenditur,
1484 3532 1621 3574 cum
1648 3513 2050 3572 subnectitur:
2086 3516 2238 3583 Qum-

685 3618 794 3672 sivi
807 3634 826 3687 3
858 3613 1031 3686 quasi
1067 3612 1225 3669 dicat
1255 3630 1269 3668 :
1313 3608 1584 3668 Mandata
1620 3612 1720 3665 tua
1742 3652 1759 3679 ,
1789 3612 2072 3681 tanquam
2100 3608 2239 3680 jura

686 3705 1171 3781 supermundana
1190 3746 1209 3776 ,
1242 3702 1528 3777 quaesivi3
1558 3718 1668 3759 nec
1708 3701 1921 3758 trustra
1955 3701 2198 3775 quoesivi
2216 3743 2236 3773 ,

687 3801 974 3876 quoniam
1002 3800 1080 3858 ad
1102 3799 1409 3856 mundana
1426 3795 1741 3869 dirigenda
1765 3795 2010 3869 quaesivi
2034 3814 2049 3852 :
2072 3796 2238 3869 quod

687 3902 885 3955 tamen
913 3910 1189 3969 expresse
1218 3907 1343 3950 non
1378 3891 1592 3964 inquit,
1620 3889 1726 3946 sed
1753 3890 1929 3947 nobis
1966 3905 2239 3963 quaeren-

689 3990 836 4048 dum
870 3987 1168 4063 relinquit.
1216 3989 1409 4046 Restat
1457 4000 1635 4057 erge,
1677 3985 1743 4040 ut
1788 3999 2121 4057 quaeramus
2158 3983 2239 4040 ad

693 4084 841 4159 quid
886 4084 1023 4156 jura
1072 4080 1327 4139 coelestia
1376 4093 1636 4153 quaerere
1690 4077 2036 4135 debeamus.
2086 4079 2237 4135 Sane

686 4178 825 4250 jura
854 4176 1058 4234 divina
1098 4173 1387 4234 debemus
1432 4187 1693 4247 quaerere
1738 4171 1819 4228 ad
1860 4170 2238 4242 dirigendum

688 4274 939 4329 tentatos
965 4270 1025 4326 in
1055 4268 1220 4326 omni
1262 4265 1599 4325 tentationis
1623 4280 1876 4336 genere,
1904 4263 2021 4322 hoc
2061 4264 2236 4322 estin

686 4363 883 4423 hostili
911 4360 1284 4437 suggestione
1303 4403 1323 4431 ,
1353 4359 1417 4417 in
1444 4358 1700 4416 sensuali
1738 4357 2106 4432 surreptione
2127 4402 2144 4430 ,
2176 4358 2239 4414 in

686 4456 962 4517 rationali
1016 4455 1404 4515 consensione
1454 4472 1470 4510 ε
1526 4452 1817 4527 quoniam
1858 4451 2239 4509 hostilitatem

686 4555 1029 4623 conterunt,
1058 4547 1495 4608 sensualitatem
1529 4550 1943 4619 compescunt,
1972 4546 2236 4604 rationa-

684 4648 907 4706 litatem
933 4645 1245 4704 reducunt.
1266 4645 1343 4699 De
1368 4640 1564 4715 primo
1583 4640 1604 4673 ¹⁵
1637 4658 1650 4696 ε
1690 4659 1717 4692 α
1739 4642 1804 4698 111
1821 4637 1927 4696 illa
1954 4639 2051 4696 die
2078 4656 2239 4715 quee-

684 4758 816 4800 ram
838 4744 1138 4799 conterere
1168 4750 1377 4794 omnes
1403 4736 1630 4806 gentes,
1650 4750 1785 4808 quae
1823 4732 2068 4791 veniunt
2094 4751 2236 4792 con-

686 4840 773 4892 tra
798 4833 1144 4903 Jerusalem,
1175 4850 1206 4885 »
1240 4828 1410 4904 quasi
1449 4828 1609 4886 dicat
1637 4845 1651 4886 ε
1682 4831 1747 4886 111
1776 4827 1873 4885 die
1898 4827 2237 4886 tentationis

685 4912 946 5002 quaeram
976 4929 1299 4995 conterere,
1321 4921 1723 4981 mediantibus
1741 4921 1975 4994 legibus
1996 4921 2233 4989 diviniS,

683 5036 893 5079 omnes
917 5020 1115 5078 hostes
1143 5016 1384 5092 gentilia
1412 5020 1814 5089 suggerentes,
1841 5018 2048 5073 contra
2073 5018 2236 5074 Jeru-

682 5115 897 5187 salem„
917 5114 982 5175 id
1005 5116 1112 5184 est,
1145 5114 1404 5171 mentem
1431 5109 1748 5184 pacificam
1772 5108 2074 5169 venientes
2105 5127 2121 5167 ε
2150 5110 2234 5167 sic

683 5211 965 5269 Dominus
988 5206 1129 5267 fecit
1164 5206 1230 5264 in
1257 5204 1355 5264 die
1397 5202 1731 5263 tentationis
1758 5219 1879 5262 suse
1906 5205 1952 5275 ⁸,
1979 5205 2085 5278 qui
2127 5219 2236 5279 per

750 5411 767 5449 1
786 5408 923 5462 psal,
949 5419 1040 5473 η,
1064 5409 1113 5458 2.
1141 5428 1204 5446 -
1231 5405 1250 5436 ²
1271 5401 1451 5466 Eccli„
1486 5416 1527 5468 1,
1562 5406 1611 5454 5.
1637 5428 1697 5441 —
1724 5404 1742 5433 ³
1770 5402 1949 5469 Bet-li„
1977 5416 2125 5468 xxvi,
2151 5407 2236 5455 24.

1736 460 2154 529 EXPOSITIO
2194 460 2278 527 IN
2319 460 2847 529 PSALTERIUM.

2348 597 2497 670 legis
2524 598 2945 670 allegationem
2971 598 3241 657 contrivit
3264 598 3541 659 hostilem
3563 599 3891 673 suggestio-

2348 706 2507 749 nem.
2530 694 2608 748 De
2627 690 2889 749 secundo
2912 694 2934 729 ⁷
2958 710 2973 749 ε
3000 711 3028 746 «
3048 693 3293 762 Quaerite
3314 709 3526 768 pacem
3546 694 3796 753 civitatis
3816 694 3896 753 ad

2349 802 2534 860 quam
2559 787 2975 859 transmigrare
2994 804 3104 845 vos
3132 789 3264 862 feci,
3290 795 3347 847 et
3371 794 3533 848 orate
3552 806 3663 864 pro
3690 807 3762 849 ea
3779 793 3886 848 Do-

2346 881 2612 952 minum,
2644 881 2788 954 quia
2814 881 2876 938 in
2914 898 3058 954 pace
3094 882 3253 942 illius
3300 885 3409 941 erit
3449 900 3567 957 pax
3606 889 3816 942 vestra.
3860 905 3887 938 ι

2349 975 2506 1033 Sicut
2533 973 2789 1046 legimus
2833 975 3275 1048 transmigrasse
3308 978 3581 1035 lsraelem
3609 993 3645 1034 a
3670 981 3895 1036 Jerusa-

2347 1067 2465 1127 lem
2481 1069 2544 1125 in
2559 1067 2955 1142 Babylonem3
2976 1069 3059 1125 sic
3079 1070 3464 1143 intelligimus
3481 1073 3890 1146 transmigrare

2347 1163 2611 1220 animam
2651 1161 2894 1219 fidelem
2938 1178 2973 1219 a
3013 1163 3405 1222 rationalitate
3443 1165 3504 1222 in
3546 1166 3890 1224 sensualita-

2347 1260 2485 1326 tem,
2514 1272 2621 1314 seu
2649 1256 2727 1314 ab
2755 1256 3018 1330 appetitu
3042 1258 3316 1317 rationali
3331 1258 3396 1316 in
3414 1261 3737 1334 appetitum
3763 1277 3891 1318 sen-

2346 1349 2612 1420 sibilem3
2643 1367 2778 1423 quse
2808 1351 3241 1424 transmigratio
3268 1352 3336 1409 fit
3362 1354 3593 1412 occulto
3619 1355 3720 1412 Dei
3736 1356 3891 1428 judi-

2347 1444 2439 1502 cio
2457 1464 2474 1517 3
2503 1461 2611 1503 nec
2650 1445 2939 1519 dubium,
2970 1446 3116 1520 quin
3144 1450 3282 1504 tunc
3323 1451 3594 1522 oporteat
3633 1466 3890 1524 quaerere

2341 1540 2440 1612 jus
2469 1539 2764 1609 divinum,
2793 1543 2851 1597 et
2877 1555 3123 1598 exorare
3153 1540 3469 1599 Dominum
3487 1559 3598 1618 pro
3616 1560 3763 1618 pace
3788 1544 3891 1602 ba·

2345 1632 2643 1707 bylonicse
2670 1632 2941 1701 civitatiS,
2969 1633 3091 1690 sive
3120 1634 3425 1692 sedatione
3453 1637 3840 1695 sensualitatis
3870 1657 3885 1696 τ

2345 1726 2633 1799 quoniam
2663 1726 2723 1783 in
2754 1726 3173 1800 tranquillitate
3210 1729 3599 1789 sensualitatis
3625 1736 3711 1789 est
3735 1736 3888 1790 tran·

2346 1819 2606 1893 quillitas
2654 1819 3024 1878 rationabilis
3069 1821 3411 1880 voluntatis
3461 1827 3538 1882 De
3585 1825 3751 1883 tertio
3798 1828 3820 1862 ⁸
3870 1845 3885 1884 ε

2352 1935 2382 1969 α
2407 1915 2742 1971 Scrutemur
2767 1914 2893 1971 vias
2929 1917 3160 1973 nostras
3174 1957 3193 1988 ,
3224 1919 3284 1973 et
3318 1934 3690 1991 quoeramus,
3721 1923 3778 1978 et
3801 1936 3889 1978 re-

2345 2011 2645 2065 vertamur
2671 2007 2751 2065 ad
2772 2008 3120 2082 Dominum3
3152 2030 3180 2065 »
3210 2027 3281 2068 ac
3309 2011 3360 2068 si
3388 2012 3618 2070 dicatur
3644 2019 3842 2088 aperte
3872 2035 3885 2073 ε

2345 2102 2679 2159 Scrutemur
2726 2102 2856 2160 vias
2906 2107 3136 2162 nostras
3155 2147 3174 2176 ,
3219 2106 3438 2164 scilicet
3478 2110 3890 2167 consensiones

2346 2211 2641 2268 erroneas,
2669 2212 2777 2269 per
2806 2213 2956 2270 quas
2984 2199 3354 2257 deviavimus
3376 2216 3414 2259 a
3440 2200 3540 2258 via
3552 2199 3811 2275 justitiae3
3834 2207 3890 2261 et

2346 2305 2705 2362 quaeramus,
2730 2290 2949 2348 scilicet
2970 2292 3068 2363 J‘us
3096 2292 3350 2364 coeleste,
3380 2293 3550 2367 quod
3581 2299 3669 2351 est
3691 2296 3887 2369 prohi-

2343 2382 2597 2440 bitivum
2627 2382 2840 2457 culpae,
2873 2389 2930 2442 et
2957 2386 3446 2444 comminativum
3472 2403 3693 2461 poenae3
3725 2394 3782 2446 et
3804 2405 3889 2447 re-

2345 2481 2646 2534 vertamur
2674 2476 2753 2535 ad
2791 2479 3105 2537 Dominum
3155 2496 3264 2554 per
3311 2480 3472 2539 viam
3516 2483 3882 2556 poenitentiae.

2993 2642 3252 2707 Epilogus.

2417 2760 2624 2834 Liquet
2651 2776 2793 2833 ergo
2823 2760 3141 2834 spiritualis
3168 2762 3414 2820 intentio
3450 2763 3512 2821 in
3547 2780 3723 2823 versu
3747 2781 3885 2839 pro·

2346 2855 2569 2928 posit0,
2605 2854 2688 2912 sic
2717 2855 2973 2912 dicendo
2996 2875 3014 2928 ς
3042 2856 3215 2930 Super
3238 2873 3412 2926 senes,
3444 2856 3507 2915 id
3536 2863 3655 2931 est,
3695 2862 3885 2919 consi-

2345 2947 2548 3006 liarios
2598 2949 2861 3006 seniores
2879 2992 2899 3021 ,
2929 2950 3138 3024 quales
3183 2957 3320 3009 sunt
3360 2953 3658 3012 naturales
3675 2974 3694 3028 3
3724 2958 3884 3013 Intel-

2346 3044 2487 3110 zeaei,
2539 3042 2742 3101 radios
2789 3043 3026 3102 altiores
3043 3087 3063 3115 ,
3109 3045 3259 3103 sicut
3304 3045 3525 3104 faciunt
3572 3048 3883 3106 consiliarii

2344 3136 2710 3210 spirituales;
2741 3137 2887 3205 Quia
2911 3139 3175 3197 mandata
3204 3145 3323 3211 tua,
3353 3143 3638 3216 tanquam
3668 3142 3883 3200 diffini-

2343 3232 2533 3290 tiones
2559 3230 2852 3304 coelestes5
2882 3233 3143 3306 Quoesivi‚
3171 3235 3406 3310 supple,
3426 3239 3672 3311 propter
3694 3237 3881 3296 direc-

2344 3325 2533 3384 tiones
2560 3330 2874 3384 terrestres

2902 3545 3226 3590 vsnslcnms
3260 3548 3319 3588 V.

2419 3706 2540 3761 101.
2571 3705 2658 3760 Ab
2680 3708 2827 3761 omni
2852 3708 2947 3761 via
2969 3708 3134 3775 mala,
3161 3709 3270 3764 etc.
3302 3709 3408 3764 Per
3446 3708 3739 3768 charitatis
3772 3711 3884 3770 fer-

2343 3812 2552 3854 vorem
2588 3797 2971 3869 intelligentia
3016 3798 3325 3870 dilatatur,
3365 3802 3515 3859 sicut
3551 3806 3885 3878 praecedens

2344 3892 2755 3963 quaternarius
2778 3892 3098 3949 testabatur
3106 3910 3124 3963 ς
3152 3910 3260 3967 per
3288 3895 3568 3954 eumdem
3595 3900 3888 3957 conscien-

2344 3984 2426 4040 tia
2452 3989 2779 4054 serenatur,
2808 3985 2956 4042 sicut
2994 4001 3252 4059 praesens
3293 3992 3535 4047 testatur
3575 4010 3591 4048 :
3631 3993 3775 4067 quia
3800 3994 3887 4051 ni-

2343 4076 2562 4135 mirum
2591 4077 2844 4135 charitas
2864 4077 3095 4137 fervida
3117 4080 3262 4157 facit
3274 4082 3553 4143 vitiorum
3580 4086 3886 4147 utilitatem

2343 4170 2537 4240 vitari,
2559 4170 2839 4228 virtutum
2862 4173 3260 4232 amoenitatem
3282 4178 3492 4250 amari,
3505 4181 3886 4254 praemiorum

2345 4263 2725 4322 dulcedinem
2755 4267 3122 4339 praegustari,
3148 4271 3580 4345 suppliciorum
3603 4273 3884 4343 ¹formidi-

2343 4373 2483 4414 nem
2527 4357 2824 4416 exsufflari
2869 4378 2884 4417 :
2934 4376 3008 4418 ex
3047 4362 3267 4435 quibus
3301 4368 3462 4439 patet
3498 4365 3631 4425 luce
3675 4369 3888 4427 clarius

2344 4452 2765 4511 conscientiam
2810 4455 3090 4512 serenari.
3132 4458 3264 4514 Haec
3313 4459 3608 4531 gradatim
3654 4463 3888 4522 situavit

2343 4546 2839 4623 psalmographus
2863 4548 2927 4605 in
2952 4552 3210 4623 quatuor
3237 4552 3443 4611 vicinis
3464 4557 3748 4616 versibus,
3773 4559 3889 4617 Pri-

2342 4658 2478 4699 mus
2503 4641 2703 4716 itaque
2746 4658 2951 4700 versus
2978 4643 3060 4702 ad
3084 4644 3344 4719 primum
3371 4649 3686 4710 articulum
3726 4669 3889 4728 spec-

2343 4738 2426 4792 tat
2439 4754 2457 4808 3
2497 4735 2659 4793 unde
2700 4735 3078 4811 quadruplex
3122 4742 3524 4814 spectaculum
3566 4761 3888 4822 repraesen-

2343 4832 2428 4887 tat
2456 4846 2470 4886 :
2504 4827 2778 4887 videlicet
2810 4829 2972 4888 viam
3011 4831 3353 4908 iniquitatis,
3381 4837 3566 4909 pedes
3607 4840 3889 4899 sensuali-

2343 4922 2475 4980 tatis
2492 4963 2512 4992 ,
2544 4922 2877 4980 custodiam
2905 4924 3224 4983 voluntatis
3242 4969 3262 4999 ,
3290 4933 3348 4986 et
3389 4931 3576 4991 verba
3609 4933 3885 4992 veritatis

2342 5016 2446 5075 Via
2472 5016 2838 5090 vituperatur
2845 5035 2864 5090 ;
2889 5020 3236 5079 sensualitas
3262 5026 3652 5101 temperatum
3677 5028 3890 5087 volun-

2342 5115 2431 5169 tas
2456 5113 2771 5183 reseratur,
2789 5115 2853 5170 ut
2879 5113 3096 5173 veritas
3124 5114 3424 5177 inferatur.

2341 5286 2404 5297 —
2438 5259 2462 5296 ⁸
2492 5258 2680 5323 Bet-le„
2720 5271 2822 5325 111,
2856 5261 2934 5310 13.
2963 5287 3026 5300 --
3063 5262 3085 5298 ⁸
3110 5264 3283 5324 Zac-Ii„
3313 5280 3416 5330 ιιι,
3453 5271 3501 5319 9.
3538 5297 3601 5309 -
3636 5273 3657 5302 ⁸
3686 5273 3889 5340 North„

2340 5341 2422 5466 31ιῖ
2451 5335 2593 5456 zati,
2638 5334 2687 5397 7,
2738 5336 2814 5385 10.
2853 5358 2914 5372 —
2962 5335 2978 5365 ⁷
3015 5336 3215 5399 lenem„
3252 5351 3409 5405 xxlx,
3443 5343 3491 5393 Ἰ.
3529 5370 3592 5382 -
3630 5344 3655 5378 ⁸
3690 5345 3889 5413 Thr-en„
