4196 6294
440 2064 564 2108 Servi
583 2077 653 2109 sa·

441 2132 569 2171 tanae.

686 405 802 465 350

680 548 807 591 non
830 534 1060 591 tantum
1082 531 1414 606 loquuntur
1441 530 1516 589 de
1541 530 1728 604 malo,
1753 536 1811 589 et
1828 532 2016 592 modo
2040 533 2228 605 malo,

680 627 786 685 sed
823 627 999 685 etiam
1033 626 1154 683 fine
1197 625 1379 684 malo.
1412 628 1488 683 De
1510 626 1706 700 primo
1736 625 1754 660 ¹
1785 644 1800 682 :
1838 648 1866 679 «
1892 627 2095 686 Simon
2123 642 2228 685 au-

677 726 797 780 tem
822 721 1211 797 pecuniarum
1238 723 1295 778 et
1320 720 1524 794 patriae
1556 720 1789 778 delator
1827 721 1984 779 male
2015 721 2228 795 loque-

676 815 853 872 batur
879 815 956 873 de
985 814 1163 886 Onia3
1196 834 1227 869 »
1258 814 1438 888 plane
1478 813 1636 871 male
1670 813 2053 888 loquebatur,
2085 815 2228 889 quia

679 910 755 966 de
797 908 959 966 malo
1000 908 1378 982 loquebatur,
1409 910 1466 965 et
1500 907 1728 965 malitia
1768 911 1893 967 erat
1938 907 2226 982 loquendi

678 1003 948 1061 materia.
996 1007 1073 1061 De
1118 1003 1418 1075 secundo,
1467 1003 1573 1061 ubi
1624 1002 1772 1060 dixit
1818 1003 2101 1060 Dominus
2146 1004 2227 1061 ad

678 1097 879 1155 Laban
908 1099 930 1132 ²
953 1116 966 1154 :
993 1116 1021 1150 «
1042 1100 1224 1167 Cave,
1252 1113 1328 1155 ne
1352 1097 1690 1171 quidquam
1719 1113 1927 1171 aspere
1960 1096 2227 1171 loquaris

681 1195 885 1248 contra
922 1190 1104 1248 Jacob
1137 1210 1151 1247 :
1194 1212 1222 1245 n
1264 1191 1373 1248 ubi
1409 1190 1758 1265 prohibetur
1784 1207 1909 1250 non
1936 1190 2226 1263 loquendi

678 1285 969 1355 materieS,
997 1284 1104 1342 sed
1132 1285 1447 1344 maneries,
1477 1287 1555 1343 De
1578 1285 1750 1344 tertio
1774 1288 1796 1322 ³
1821 1304 1836 1342 ε
1862 1306 1890 1340 «
1909 1288 1987 1344 Ne
2007 1291 2225 1344 temere

680 1379 827 1453 quid
869 1379 1137 1453 loquaris
1149 1421 1169 1451 ,
1209 1395 1405 1453 neque
1453 1395 1556 1436 cor
1602 1384 1771 1438 tuum
1815 1381 1887 1437 sit
1926 1380 2107 1437 velox
2146 1380 2226 1437 ad

677 1472 1100 1546 proferendum
1130 1488 1466 1531 sermonem
1495 1489 1699 1531 coram
1730 1478 1868 1531 Deo.
1892 1494 1919 1528 υ
1955 1473 2055 1531 Hic
2083 1489 2224 1548 pro-

676 1566 915 1625 hibetur
942 1566 1288 1625 temerarius
1315 1566 1604 1641 loquendi
1629 1565 1766 1624 finis
1778 1607 1799 1638 ,
1825 1566 1925 1623 vel
1955 1567 2223 1639 intentio,

678 1658 782 1734 qui
807 1677 931 1718 non
957 1662 1119 1735 patet
1148 1659 1434 1731 audienti,
1466 1660 1573 1717 sed
1601 1663 1741 1717 Deo.

1172 1818 1449 1876 Articulus
1484 1824 1731 1892 quartus.

752 1943 1067 2002 curiositas
1102 1959 1246 2001 vero
1272 1943 1535 2018 patescit,
1563 1960 1701 2002 cum
1728 1944 2224 2019 psalmographus

680 2042 1029 2117 superaddit
1076 2061 1090 2098 :
1139 2043 1334 2099 Servus
1377 2047 1554 2100 autem
1602 2048 1727 2100 tuus
1772 2045 2116 2101 exercebatur
2163 2047 2225 2101 in

674 2137 1159 2209 justificationibus
1206 2140 1347 2193 tuis:
1386 2153 1455 2194 ac
1493 2136 1543 2193 si
1584 2136 1875 2195 diceretur
1914 2137 2174 2211 apertius
2206 2157 2220 2196 :

679 2234 874 2290 Servus
914 2236 1038 2288 tuus
1085 2233 1430 2290 exercebatur
1465 2235 1525 2287 in
1568 2234 1681 2288 tuis
1697 2232 2182 2303 justificationibus
2199 2251 2221 2299 ,·

678 2327 786 2385 sed
828 2325 978 2383 servi
1019 2330 1234 2383 satanae
1280 2324 1645 2399 suspicantes
1689 2324 1949 2398 sinistre,
1989 2342 2223 2385 exerce·

676 2421 894 2479 bantur
918 2420 982 2478 in
1007 2419 1128 2476 suis
1155 2419 1708 2477 mordicationibuS.
1740 2423 1808 2476 Et
1828 2423 1971 2477 nota
1998 2420 2074 2477 de
2102 2436 2224 2478 ser-

676 2516 765 2572 vis
793 2518 1032 2585 satanae,
1056 2513 1310 2587 qualiter
1332 2516 1602 2587 oporteat
1623 2529 1727 2571 eos
1755 2529 2047 2571 exercere.
2074 2518 2221 2573 Nam

674 2624 985 2666 servorum
1010 2605 1444 2679 hujuscemodi,
1473 2606 1723 2681 quidam
1747 2611 1882 2665 sunt
1902 2607 2068 2679 mali,
2093 2609 2222 2684 qui-

676 2703 819 2760 dam
843 2701 1098 2776 pejoreS,
1124 2701 1371 2775 quidam
1398 2700 1674 2775 pessimi:
1707 2717 1964 2774 quorum
1993 2701 2221 2776 primos

676 2779 909 2871 oportet
936 2811 1115 2870 opere
1144 2795 1427 2852 inclinare
1441 2813 1460 2865 3
1491 2795 1786 2853 secundos
1814 2796 2060 2854 verbere
2090 2795 2220 2852 dis—

675 2890 958 2964 ciplinare
1005 2908 1020 2945 ε
1062 2889 1263 2946 tertios
1310 2889 1494 2945 latere
1536 2888 1912 2961 sanguinare.
1977 2891 2055 2946 De
2096 2889 2219 2963 pri-

674 2984 786 3042 mis
800 2984 822 3019 ⁶
844 3002 857 3041 ε
879 3004 906 3037 α
924 2985 1170 3041 Servum
1190 2982 1477 3040 inclinant
1494 2982 1868 3057 operationes
1890 2981 2143 3040 assiduae
2158 3002 2171 3040 ε
2186 3005 2213 3038 n

673 3095 807 3136 ecce
847 3077 1001 3136 servi
1029 3076 1172 3135 mali
1209 3066 1266 3134 et
1300 3077 1453 3153 pigri
1482 3076 1804 3133 inclinatio.
1837 3078 1914 3133 De
1942 3075 2219 3133 secundis

672 3173 835 3231 idem
859 3174 882 3209 ⁸
912 3192 927 3230 :
964 3194 991 3225 «
1021 3171 1214 3244 PaniS,
1246 3176 1303 3229 et
1326 3170 1659 3245 disciplina,
1688 3176 1745 3228 et
1772 3187 1923 3245 opus
1950 3186 2156 3243 servo;
2184 3191 2213 3222 ι

674 3284 808 3325 ecce
858 3266 1011 3324 servi
1050 3265 1271 3341 pejoris
1317 3264 1732 3344 disciplinatio.
1782 3268 1859 3322 De
1906 3264 2086 3322 tertiis
2133 3267 2155 3300 ⁶
2197 3285 2211 3322 :

677 3382 706 3416 α
733 3363 910 3419 Servo
938 3359 1196 3434 pessimo
1226 3358 1379 3416 latus
1408 3359 1762 3430 sanguinare
1778 3378 1796 3430 3
1827 3378 1855 3412 ι)
1890 3374 2025 3416 ecce
2062 3359 2214 3416 servi

669 3455 908 3530 pessimi
938 3451 1334 3527 sanguinatio.

1316 3618 1571 3683 Epilogus.

739 3743 883 3802 Dicit
918 3758 1061 3815 ergo
1104 3740 1196 3798 vir
1229 3739 1419 3812 Justus
1457 3738 1536 3796 ab
1576 3737 1805 3810 injustis
1833 3738 2131 3812 inspectus
2158 3743 2219 3796 et

671 3837 1003 3912 despectuS,
1024 3835 1385 3909 inspectores
1414 3849 1553 3890 suos
1579 3848 1703 3890 non
1734 3832 2085 3906 despicienS,
2107 3833 2214 3891 sed

667 3932 1005 4006 inspicienS,
1031 3946 1156 3988 non
1185 3928 1441 3987 exterius
1469 3926 1796 3998 recitando,
1827 3927 1933 3984 sed
1970 3926 2214 3985 interius

667 4026 1043 4097 meditando,
1082 4024 1401 4082 abusiones
1439 4038 1648 4080 eorum
1687 4021 1794 4095 qui
1831 4025 2054 4078 temere
2083 4021 2216 4078 des-

666 4124 985 4194 pexerunt,
1015 4120 1156 4193 quia
1192 4117 1501 4176 temerarie
1541 4117 1922 4190 inspexerunt
1951 4133 1965 4172 :
1997 4117 2214 4172 Etenim

666 4217 914 4272 sederunt
933 4258 953 4287 ,
1009 4218 1295 4288 tanquam
1345 4210 1614 4284 injuriosi
1666 4210 1899 4283 judices
1956 4208 2214 4266 alienam

660 4309 945 4381 justitiam
1002 4312 1215 4365 temere
1267 4306 1638 4380 judicantes;
1696 4307 1979 4376 Principes
1999 4345 2021 4374 ,
2085 4307 2212 4360 tan-

665 4421 850 4479 quam
874 4403 1080 4462 furiosi
1105 4406 1515 4477 usurpatoreS,
1550 4400 1814 4458 alienum
1847 4399 1946 4472 jus
1981 4397 2096 4455 sibi
2124 4402 2212 4456 te·

664 4514 827 4576 mere
862 4498 1275 4569 vendicantes3
1306 4501 1359 4553 et
1394 4494 1678 4552 adversum
1718 4509 1799 4550 me
1837 4494 2210 4565 loquebantur,

664 4599 952 4668 tanquam
978 4591 1371 4660 murmurosi,
1401 4589 1658 4647 actiones
1680 4604 1843 4646 meas
1875 4586 2208 4646 mordican-

664 4693 749 4746 tes
759 4708 779 4761 3
809 4702 991 4746 servus
1018 4692 1197 4744 autem
1240 4692 1364 4742 tuus
1407 4685 1752 4742 exercebatur
1779 4686 1841 4739 in
1865 4685 1976 4739 tuis
1998 4682 2212 4754 justifi-

664 4782 1001 4849 cationibus,
1045 4779 1183 4836 licet
1218 4777 1390 4836 aliter
1428 4777 1697 4834 videatur
1738 4774 2074 4850 aliquibuS,
2106 4773 2209 4849 qui

666 4879 833 4934 erant
859 4874 1087 4933 curiose
1118 4873 1498 4946 suspicantes,

1187 5094 1521 5140 vssuslcums
1558 5094 1681 5137 vm.

734 5261 825 5318 24.
839 5260 892 5320 N
895 5276 982 5316 am
996 5265 1047 5315 et
1064 5260 1370 5316 testimonia
1388 5261 1506 5325 tua,
1526 5256 1635 5311 etc.
1652 5253 1800 5322 Quia
1822 5247 2090 5322 virijusti
2109 5247 2213 5305 de-

661 5353 844 5414 fectus
868 5351 1042 5412 traxit
1069 5349 1361 5425 originem
1386 5364 1461 5407 ex
1490 5346 1793 5421 despectu,
1819 5346 1876 5402 et
1897 5343 2212 5417 despectus

1733 396 2149 463 EXPOSlTIO
2191 396 2274 464 IN
2317 396 2844 464 PSALTERIUM.

2341 549 2416 591 ex
2443 532 2693 605 affectu3
2733 536 2791 590 et
2825 535 3096 605 aspectus
3131 548 3204 590 ex
3242 533 3493 603 effectu5
3520 533 3744 594 idcirco
3773 537 3882 595 ad-

2337 626 2616 685 hibendis
2655 626 2934 684 remediis
2980 627 3135 684 circa
3184 625 3528 701 despectum
3575 633 3634 687 et
3681 646 3883 704 aspec-

2338 724 2487 792 tum,
2530 720 2680 778 sicut
2720 721 2784 778 in
2827 719 3018 778 tribus
3057 721 3392 795 praenotatis
3425 721 3728 780 versiculis
3760 724 3884 798 ple·

2338 814 2472 871 nius
2517 819 2603 872 est
2651 830 3028 888 expressum3
3078 815 3140 871 in
3186 816 3303 872 hoc
3335 821 3548 890 quarto
3585 817 3878 876 versiculo

2339 907 2654 966 adhibetur
2675 909 3010 967 remedium
3029 908 3184 966 circa
3210 910 3410 983 ipsum
3438 910 3732 982 effectum,
3762 911 3878 969 dif-

2336 1002 2561 1059 finitive
2600 1002 2880 1061 dictando
2918 1002 3089 1060 illum
3123 1002 3459 1062 nullatenus
3487 1005 3879 1064 deserendum

2338 1099 2583 1171 propter
2637 1096 2964 1170 opprobria
3020 1098 3541 1171 exprobrantium,
3591 1102 3880 1174 tanquam
3973 1140 3976 1145 ·

2336 1189 2720 1248 laudabiliter
2746 1193 3077 1264 acceptum,
3106 1195 3470 1265 perceptum,
3502 1197 3877 1267 conceptum,

2337 1282 2657 1357 inceptum.
2717 1287 2887 1343 Istam
2945 1283 3398 1358 quadruplicem
3472 1285 3764 1344 rationem
3817 1289 3878 1346 in

2336 1377 2608 1451 praesenti
2646 1376 2928 1452 proponit
2967 1376 3262 1435 versiculo
3304 1379 3383 1437 ad
3427 1395 3546 1437 suae
3581 1381 3879 1438 sententiae

2337 1471 2850 1530 confirmationem
2895 1489 2909 1528 ε
2954 1470 3231 1528 videlicet
3272 1472 3708 1548 acceptionem,
3745 1490 3879 1548 per-

2337 1566 2700 1640 ceptionem,
2730 1568 3210 1641 conceptionem,
3237 1567 3634 1642 inceptionem
3676 1589 3691 1626 :
3730 1586 3877 1644 qua-

2336 1677 2471 1718 rum
2497 1660 2694 1734 prima
2718 1660 2972 1734 pertinet
3008 1660 3088 1717 ad
3118 1662 3449 1720 sensualem
3480 1663 3839 1722 audientiam
3854 1687 3874 1739 3

2335 1754 2598 1812 secunda
2629 1754 2707 1811 ad
2743 1753 3199 1811 intellectualem
3226 1754 3684 1830 perspicaciam3
3712 1759 3879 1817 tertia

2335 1847 2416 1905 ad
2452 1847 2822 1905 effectualem
2859 1848 3351 1922 complacentiam
3368 1869 3384 1922 3
3417 1854 3630 1925 quarta
3663 1854 3742 1911 ad
3781 1871 3878 1912 ac·

2334 1942 2556 2000 tualem
2585 1942 3030 2015 experientiam.

2828 2103 3113 2160 Articulus
3147 2107 3378 2176 primus.

2405 2229 2699 2297 Quantum
2727 2227 2808 2284 ad
2833 2227 3123 2301 primum,
3154 2229 3235 2286 ait
3278 2249 3292 2287 ε
3322 2232 3463 2289 Nam
3491 2235 3543 2288 et
3573 2237 3879 2296 testimonia

2334 2329 2452 2380 tua.
2483 2325 2613 2381 Hoec
2641 2326 2778 2379 sunt
2801 2323 3059 2381 veritatis
3087 2324 3451 2398 testimonia,
3487 2344 3620 2401 quae
3651 2332 3878 2406 accepit

2332 2415 2655 2474 audientia.
2685 2420 2751 2474 Et
2775 2421 2939 2488 nota,
2965 2418 3131 2492 quod
3155 2419 3556 2493 multipliciter
3583 2422 3877 2497 accipiun-

2329 2514 2426 2569 tur
2448 2510 2645 2569 divina
2669 2511 3003 2569 testimonia
3028 2530 3042 2568 ε
3069 2512 3421 2588 plerumque
3442 2530 3549 2588 per
3572 2516 3842 2575 auditum
3855 2539 3872 2591 ;

2329 2604 2684 2678 plerumque
2712 2621 2819 2678 per
2845 2605 3069 2678 visum3
3098 2605 3452 2681 plerumque
3480 2624 3588 2682 per
3618 2612 3873 2670 tactum:

2329 2697 2523 2771 primo
2569 2697 2756 2755 modo
2798 2698 3164 2772 accipiuntur
3212 2700 3547 2760 testimonia
3590 2704 3742 2776 oris3
3790 2721 3876 2763 se-

2330 2792 2530 2850 cundo
2547 2835 2565 2863 ,
2615 2792 2951 2852 testimonia
3003 2793 3227 2866 operit-:3
3280 2794 3452 2854 tertio
3471 2839 3491 2868 ,
3543 2797 3877 2857 testimonia

2328 2886 2651 2945 resuscitati
2680 2888 2966 2962 corporiS.
2999 2890 3078 2945 De
3106 2888 3302 2963 primo
3332 2889 3544 2948 dicitur
3567 2893 3590 2928 ⁷
3621 2910 3636 2948 ε
3671 2913 3701 2947 (ι
3723 2892 3878 2950 Vivi-

2326 2978 2442 3037 fica
2484 2996 2618 3051 me,
2671 2987 2728 3039 et
2781 2980 3115 3041 custodiam
3160 2982 3492 3042 testimonia
3538 2984 3658 3042 oris
3693 2986 3809 3057 tui,
3839 3009 3867 3039 η

2328 3073 2500 3147 quasi
2528 3074 2686 3132 dicat
2714 3093 2728 3133 :
2765 3077 2997 3146 Vivifica
3022 3092 3105 3132 me
3130 3092 3238 3151 per
3263 3077 3464 3150 gratiae
3491 3078 3873 3155 medicinam,

2328 3171 2385 3224 et
2410 3170 2714 3226 custodiam
2740 3185 2849 3244 per
2875 3185 3114 3227 morum
3136 3170 3531 3246 disciplinam,
3563 3177 3875 3232 testimonia

2326 3264 2439 3319 oris
2473 3265 2579 3333 tui,
2608 3279 2742 3336 quae
2769 3262 3017 3336 accipiet
3041 3263 3343 3322 audientia
3374 3281 3482 3339 per
3513 3267 3870 3326 doctrinam.

2325 3357 2403 3412 De
2451 3356 2747 3428 secundo,
2802 3373 2910 3431 per
2962 3358 3397 3430 Evangelistam
3449 3360 3720 3418 scribitur
3766 3363 3789 3397 ⁸
3851 3381 3868 3420 :

2329 3469 2360 3503 α
2387 3449 2609 3522 Opera,
2641 3466 2774 3525 quae
2808 3467 2920 3523 ego
2954 3451 3111 3510 facio
3150 3452 3214 3509 in
3249 3453 3492 3512 nomine
3521 3455 3701 3512 Patris
3726 3456 3869 3525 mei,

2323 3541 2449 3601 haec
2486 3542 2888 3603 testimonium
2918 3546 3230 3620 perhibent
3257 3547 3331 3604 de
3360 3564 3454 3605 me
3469 3567 3487 3620 ;
3522 3567 3550 3603 n
3579 3549 3748 3623 quasi
3776 3549 3869 3607 di-

2323 3640 2417 3694 cat
2459 3656 2474 3694 :
2528 3639 2706 3710 Opera
2747 3655 2866 3711 quae
2907 3656 3000 3711 eqo
3044 3642 3224 3712 facio,
3265 3656 3390 3699 non
3428 3641 3719 3713 humana,
3761 3643 3869 3701 sed

2322 3729 2521 3788 divina
2545 3731 2787 3804 virtute,
2820 3736 3180 3790 testimonium
3206 3735 3490 3805 perhibent
3513 3736 3579 3792 de
3606 3750 3741 3793 mea
3770 3735 3865 3792 di-

2321 3823 2583 3883 vinitate.
2641 3829 2719 3883 De
2755 3826 2925 3884 tertio
2960 3828 2982 3862 ⁹
3021 3846 3035 3883 ε
3079 3847 3108 3880 α
3142 3826 3358 3885 Virtute
3396 3845 3616 3901 magna
3651 3829 3865 3887 redde-

2320 3916 2467 3977 bant
2506 3920 2760 3993 apostoli
2800 3920 3204 3978 testimonium
3243 3923 3684 3979 resurrectionis
3731 3924 3868 3980 Jesu

2322 3999 2529 4072 Christi
2558 4013 2790 4072 Domini
2817 4013 3002 4071 nostri
3034 4032 3049 4070 :
3079 4034 3106 4067 n
3141 4014 3547 4072 testimonium
3573 4032 3867 4073 resurrec-

2319 4106 2518 4178 tioniS,
2548 4111 2634 4164 est
2658 4107 3059 4165 testimonium
3087 4108 3409 4166 resuscitati
3436 4109 3719 4184 corporis,

2793 4267 3079 4323 Articulus
3114 4250 3395 4324 secundus.

2391 4395 2685 4462 Quantum
2714 4391 2793 4449 ad
2821 4391 3171 4465 secundum,
3201 4392 3370 4451 addit
3395 4412 3410 4451 :
3439 4394 3730 4453 Meditatio
3749 4410 3867 4451 mea

2320 4492 2418 4543 est.
2447 4488 2629 4544 Porro
2658 4484 2964 4542 meditatio
2994 4489 3084 4543 est
3107 4485 3483 4559 perspicaciae
3506 4486 3868 4545 intellectua-

2318 4579 2394 4637 lis
2422 4580 2592 4639 actio.
2623 4579 2777 4649 Quid
2805 4595 2948 4652 ergo
2979 4583 3065 4637 est
3094 4597 3108 4636 :
3143 4582 3473 4637 Testimonia
3503 4587 3598 4638 tua
3634 4581 3866 4638 medita·

2324 4677 2400 4731 tio
2441 4691 2559 4731 mea
2599 4679 2710 4744 est,
2738 4672 2853 4731 nisi
2884 4673 3051 4748 quod
3086 4689 3195 4748 per
3237 4674 3731 4747 testificationem,
3760 4693 3866 4735 seu

2318 4769 2799 4843 praedicationem
2827 4767 3051 4841 accepit
3086 4767 3356 4841 audituS,
3392 4785 3501 4843 per
3533 4769 3867 4829 meditatio-

2319 4879 2458 4921 nem
2497 4861 2761 4937 percepit
2797 4860 3166 4920 intellectus?
3215 4865 3279 4920 Et
3316 4867 3486 4936 nota,
3531 4864 3699 4938 quod
3741 4881 3864 4923 non

2318 4956 2670 5017 inconcinne
2704 4955 2846 5014 dicit
2875 4974 2890 5013 :
2927 4957 3217 5014 Medicatio
3256 4973 3373 5014 mea
3410 4975 3425 5014 ε
3473 4972 3599 5015 non
3636 4962 3865 5017 tantum

2382 5130 2400 5164 ¹
2427 5130 2464 5178 ΙΙ
2490 5127 2673 5189 Black..
2706 5137 2780 5191 w,
2811 5129 2857 5177 1.
2886 5127 2986 5164 ——2
3010 5127 3155 5189 Gen„
3186 5139 3332 5190 xxxi,
3367 5129 3447 5178 24.
3470 5155 3533 5168 —
3555 5129 3575 5159 ⁸
3605 5128 3785 5189 necle..
3814 5141 3867 5192 v,

2320 5206 2366 5254 1.
2394 5227 2448 5238 -
2483 5200 2506 5236 δ
2533 5199 2712 5257 Εεοίἰ.,
2740 5210 2938 5262 xxxm,
2968 5201 3046 5250 27.
3075 5226 3140 5238 —
3173 5201 3196 5235 ὅ
3234 5200 3380 5265 ibid„
3422 5201 3503 5251 25.
3541 5227 3605 5239 —
3634 5202 3653 5231 ⁶
3685 5202 3867 5266 Eccli„

2317 5275 2525 5397 5511535.
2550 5295 2613 5308 —
2636 5272 2653 5302 ²
2682 5269 2816 5322 Psal.
2837 5269 2956 5335 hoc,
2987 5274 3063 5322 Π.
3092 5298 3145 5308 -
3171 5271 3195 5307 ⁸
3219 5273 3385 5335 Jocm„
3408 5287 3459 5333 x,
3488 5275 3571 5324 25.
3596 5296 3660 5309 -·
3678 5272 3701 5308 ⁹
3731 5275 3865 5339 Ace„

2374 5381 2392 5410 ,
2487 5379 2501 5395 .

3967 2428 4110 2470 ’resti-

3929 2500 4082 2531 monia

3921 2551 4088 2597 divina.

3924 4970 4119 5015 Medita-

3894 5032 3978 5077 tio.
