4196 6294
635 477 714 537 88
1681 473 2353 543 lLLUMINATIONES
2394 475 2787 543 ECCLESIAE

636 608 846 690 gium,
898 610 961 671 et
1002 610 1098 671 est
1145 606 1308 671 liber
1348 607 1620 690 scriptus
1665 608 2012 674 forinsecus
2048 633 2062 673 ε
2111 611 2182 675 in

635 713 915 796 qualibet
932 714 1104 778 enim
1133 718 1421 778 creatura
1440 719 1535 779 est
1564 716 1953 797 refulgentia
1979 719 2180 783 divini

636 822 1040 905 exemplariS,
1059 822 1169 886 sed
1182 840 1331 886 cum
1350 823 1625 886 tenebris
1644 825 1984 906 permixta.
2003 824 2181 890 Unde

639 929 803 994 sicut
850 930 1147 1011 quaedam
1176 931 1458 1012 opacitas
1483 931 1768 995 admixta
1811 932 2038 996 lumini
2085 940 2182 998 est

640 1038 770 1117 via,
801 1039 870 1101 in
902 1041 1144 1101 tantum
1174 1043 1265 1102 est
1310 1038 1419 1101 via
1446 1039 1688 1102 ducens
1734 1040 1801 1103 in
1828 1041 2177 1123 exemplar.

641 1142 820 1209 Sicut
847 1151 918 1208 tu
957 1126 1160 1225 rideS,
1207 1146 1376 1227 quod
1405 1145 1625 1209 radius
1660 1146 1908 1211 intrans
1944 1167 2060 1231 per
2086 1150 2179 1212 t'e-

641 1258 922 1316 nestram
963 1252 1385 1317 diversimode
1430 1253 1780 1334 coloratur,
1826 1257 2183 1321 secundum

642 1360 880 1424 colores
908 1360 1193 1425 diversos
1237 1361 1642 1425 diversarum
1688 1364 1970 1444 partium
1996 1365 2179 1444 vitri3

640 1467 732 1530 sic
758 1467 972 1530 radius
1018 1467 1274 1532 divinus
1316 1469 1385 1531 in
1431 1469 1702 1551 singulis
1734 1472 2042 1535 creaturis
2084 1473 2182 1537 di-

641 1576 1020 1655 versimode,
1051 1577 1205 1640 etin
1234 1577 1500 1642 diversis
1546 1579 2041 1661 proprietatibus
2078 1599 2182 1644 re-

642 1684 872 1765 fulget.
925 1681 1102 1748 Unde
1150 1685 1457 1767 scriptum
1491 1692 1584 1749 est
1612 1687 1672 1750 ¹:
1714 1710 1744 1757 ς(
1772 1686 1846 1751 Iu
1891 1688 2012 1752 viis
2052 1690 2187 1754 suis

644 1793 915 1858 ostendit
930 1811 1017 1858 se.
1029 1815 1060 1852 n
1074 1794 1231 1879 Item
1249 1799 1343 1857 est
1355 1794 1699 1876 vestigium
1712 1795 2035 1878 sapientiae
2050 1795 2182 1861 Dei.

646 1901 823 1967 Unde
850 1907 1142 1966 creatura
1174 1922 1306 1967 non
1346 1907 1440 1967 est
1467 1903 1591 1966 nisi
1632 1903 1953 1986 quoddam
1985 1905 2187 1969 simu-

646 2010 891 2073 lacrum
928 2010 1254 2093 sapientiae
1299 2010 1451 2088 Dei,
1499 2014 1562 2074 et
1603 2010 1922 2093 quoddam
1971 2012 2188 2094 sculp-

648 2118 775 2181 tile.
823 2116 901 2181 Et
940 2136 1022 2181 ex
1066 2118 1167 2182 his
1212 2118 1509 2183 omnibus
1559 2122 1655 2181 est
1708 2118 1969 2201 quidam
2027 2119 2188 2183 liber

648 2226 918 2307 scriptus
940 2226 1108 2290 soris.
1134 2225 1398 2304 Quando
1418 2244 1576 2306 ergo
1594 2226 1809 2289 anima
1832 2226 2003 2292 videt
2018 2226 2185 2308 haec,

650 2332 903 2397 videtur
928 2333 1069 2413 sibi,
1092 2335 1264 2417 quod
1286 2335 1542 2399 deberet
1563 2335 1834 2398 transire
1854 2335 1935 2399 ab
1959 2336 2193 2400 umbra

652 2441 729 2504 ad
754 2440 983 2520 lucem,
1016 2460 1055 2505 a
1084 2443 1189 2504 via
1216 2441 1296 2504 ad
1322 2429 1694 2520 terminum,
1726 2461 1765 2506 a
1812 2443 2083 2524 vestigio
2111 2444 2192 2507 ad

651 2548 1006 2627 veritatem,
1037 2568 1077 2612 a
1101 2548 1266 2612 libro
1309 2548 1389 2611 ad
1416 2548 1740 2613 scientiam
1770 2568 2011 2630 veram,
2044 2569 2192 2632 quae

652 2657 841 2721 estin
869 2657 1018 2722 Dec.
1067 2657 1251 2722 Hunc
1299 2657 1536 2722 librum
1579 2660 1797 2740 legere
1838 2664 1931 2724 aet
1961 2660 2193 2723 altissi-

653 2789 912 2834 morum
939 2769 1607 2851 contemplativorum,
1640 2787 1770 2833 non
1797 2770 2193 2833 naturalium

653 2877 1199 2959 philosophorum3
1229 2877 1383 2958 quia
1408 2877 1616 2940 solum
1659 2876 1869 2941 sciunt
1897 2881 2195 2941 naturam

654 3003 895 3065 rerum,
924 3003 1056 3049 non
1085 2989 1155 3048 ut
1179 2985 1552 3065 vestigium.
1585 2984 1774 3048 Aliud
1802 2984 2195 3066 adjutorium

657 3095 753 3157 est
779 3092 1123 3176 spiritualis
1159 3093 1488 3170 creaturae,
1520 3109 1667 3173 quae
1715 3095 1808 3154 est
1846 3090 2089 3172 lumen,
2122 3096 2199 3157 ut

662 3201 1016 3282 speculum,
1049 3205 1121 3264 ut
1145 3201 1389 3280 image,
1422 3203 1496 3262 ut
1517 3198 1680 3262 liber
1704 3198 1973 3281 scriptus
1999 3199 2195 3262 intus.

664 3310 886 3374 Omnis
901 3308 1254 3372 substantia
1273 3306 1621 3389 spiritualis
1641 3307 1859 3369 lumen
1879 3308 1993 3368 est.
2020 3304 2198 3370 Unde

658 3416 950 3482 Psalmus
976 3417 1039 3480 ¹:
1071 3439 1100 3473 (ι
1125 3414 1468 3496 Signatum
1496 3418 1591 3477 est
1617 3430 1809 3495 super
1833 3430 1949 3476 nos
1976 3413 2198 3478 lumen

659 3525 879 3588 vultus
906 3524 1023 3603 tui,
1057 3522 1339 3587 Domine.
1371 3545 1402 3580 υ
1438 3520 1643 3586 Simul
1671 3521 1861 3584 etiam
1898 3539 2045 3584 cum
2073 3521 2200 3586 hoc

659 3637 752 3696 est
776 3632 1127 3714 speculum,
1158 3630 1328 3713 quod
1355 3628 1575 3712 recipit
1600 3628 1840 3707 omnia,
1875 3633 1939 3692 et
1966 3648 2200 3712 reprae-

660 3741 886 3817 sentat,
916 3743 977 3801 et
1005 3737 1195 3801 habet
1219 3738 1520 3799 naturam
1549 3733 1834 3811 luminiS,
1862 3737 1935 3797 ut
1956 3735 2199 3817 judicet

659 3843 738 3908 de
765 3846 979 3910 rebuS.
1006 3846 1201 3910 Totus
1223 3843 1416 3907 etiam
1436 3842 1713 3906 mundus
1732 3842 2108 3906 describitur
2128 3844 2199 3906 in

661 3954 896 4032 anima,
926 3957 989 4017 et
1013 3954 1205 4017 etiam
1232 3956 1324 4016 est
1351 3953 1589 4031 imago;
1620 3949 1772 4030 quia
1793 3967 1954 4031 ergo
1985 3955 2079 4014 est
2106 3950 2200 4015 lu-

661 4078 830 4140 men,
866 4064 929 4124 et
954 4060 1282 4143 speculum
1311 4058 1553 4122 habens
1591 4074 1811 4120 rerum
1856 4056 2196 4138 imagineS‚

661 4169 801 4233 ideo
829 4170 922 4231 est
947 4167 1169 4248 imago
1206 4191 1220 4232 ;
1253 4171 1315 4232 et
1342 4186 1424 4231 ex
1463 4166 1584 4230 hoc
1609 4169 1704 4229 est
1730 4164 1892 4230 liber
1925 4166 2198 4247 scriptus

662 4278 854 4340 intus».
888 4275 1064 4339 Unde
1105 4276 1188 4340 ad
1213 4276 1515 4340 intimum
1552 4274 1785 4338 animae
1826 4275 2043 4339 nullus
2082 4295 2195 4358 po-

662 4389 784 4448 test
815 4384 1071 4463 intrare,
1101 4383 1242 4447 licet
1274 4384 1355 4447 sit
1376 4382 1678 4464 simplem
1709 4382 1830 4445 hoc
1856 4386 2076 4447 autem
2104 4391 2199 4450 est

662 4492 898 4555 intrare
925 4490 1005 4553 ad
1020 4490 1352 4572 potentiaS,
1376 4489 1554 4572 quia,
1577 4488 1927 4552 secundum
1945 4489 2201 4572 Augus-

660 4600 892 4678 tinum,
927 4598 1229 4662 intimum
1254 4596 1486 4662 animae
1516 4601 1610 4663 est
1653 4600 1796 4678 ejus
1824 4617 2194 4678 summum;

659 4710 896 4789 quanto
932 4704 1213 4787 potentia
1255 4704 1561 4783 intimior,
1610 4708 1789 4768 tanto
1836 4705 2196 4771 sublimior.

663 4815 813 4879 Haec
838 4816 966 4879 duo
997 4812 1238 4877 habent
1268 4814 1442 4894 magi
1471 4812 1820 4877 Pharaonis
1845 4819 1897 4892 ⁸3
1930 4815 2039 4878 sed
2069 4818 2200 4881 ter-

660 4922 824 4986 tium
865 4920 1261 5005 adJutorium
1289 4925 1383 4985 est
1411 4922 1741 5003 scripturae
1769 4928 2196 4987 sacramenta-

554 5027 555 5030 ’
662 5029 764 5091 lis.
797 5028 904 5092 Est
949 5032 1168 5092 autem
1212 5028 1423 5091 omnis
1450 5029 1763 5112 scriptura
1807 5048 1916 5094 cor
1960 5030 2094 5109 Dei,
2126 5051 2199 5097 os

662 5134 789 5213 Dei,
822 5134 1049 5215 lingua
1071 5134 1203 5214 Dei,
1234 5134 1518 5198 calamus
1558 5136 1690 5214 Dei,
1741 5136 1902 5200 liber
1928 5139 2201 5222 scriptus

660 5239 813 5304 foris
838 5244 903 5304 et
943 5241 1115 5306 intus
1146 5263 1160 5306 :
1196 5241 1364 5306 unde
1389 5241 1679 5308 Psalmus
1707 5241 1728 5277 ⁸
1749 5265 1776 5308 .·
1813 5268 1845 5304 α
1870 5243 2199 5313 Eructavit

731 5404 744 5436 ¹
774 5402 914 5467 Sap„
944 5413 1012 5464 vi,
1045 5405 1120 5453 17.
1155 5431 1198 5440 —
1236 5406 1259 5439 ¹
1280 5403 1413 5454 Psal.
1440 5418 1514 5466 lv,
1541 5407 1671 5455 7.-
1698 5407 1719 5442 ³
1742 5409 1923 5471 Supra,
1953 5422 2108 5459 serm.
2140 5420 2203 5470 11,

661 5489 781 5540 pag.
812 5478 963 5529 39.-
1000 5473 1023 5511 ⁸
1047 5476 1188 5529 Psal.
1218 5489 1358 5540 κων,
1388 5481 1435 5542 1,
1476 5480 1523 5528 2.
1558 5504 1621 5518 -
1660 5481 1679 5511 ⁸
1711 5480 1828 5542 Im„
1864 5491 2023 5546 xxxi,
2059 5485 2109 5533 1.
2136 5503 2201 5521 —-

2297 631 2404 677 cor
2431 632 2646 678 meum
2674 614 2945 679 verbum
2986 611 3250 688 bonum,
3279 610 3420 676 dico
3449 630 3609 693 ergo
3635 631 3829 695 opera

2296 739 2440 785 mea
2464 723 2629 802 regi.
2662 720 2919 802 Lingua
2942 739 3087 784 mea
3108 717 3388 782 calamus
3412 720 3634 783 scribae
3662 720 3832 785 velo·

2294 829 2448 892 citer
2476 829 2827 893 scribentis,
2861 851 2890 888 n
2922 827 3040 892 Cor
3059 827 3246 903 Deus,
3268 844 3340 891 os
3367 826 3574 905 Pater,
3605 828 3832 910 lingua

2292 936 2510 1015 Filius,
2533 937 2814 1000 calamus
2842 936 3115 1018 Spiritus
3142 938 3420 998 sanctus.
3447 932 3632 999 Pater
3657 936 3832 1000 enim

2293 1046 2576 1129 loquitur
2602 1063 2716 1128 per
2738 1044 3023 1110 Verbum
3052 1061 3170 1106 ceu
3202 1042 3535 1123 linguam;
3568 1043 3679 1106 sed
3721 1043 3834 1125 qui

2295 1154 2588 1237 complet,
2620 1159 2682 1219 et
2724 1154 3052 1217 memoriae
3084 1151 3499 1231 commendat,
3530 1154 3626 1213 est
3667 1151 3830 1215 cala-

2294 1281 2440 1326 mus
2465 1263 2708 1328 scribae.
2746 1260 3074 1344 Scriptura
3102 1277 3263 1339 ergo
3293 1263 3388 1322 est
3402 1276 3474 1321 os
3501 1257 3632 1321 Dei.
3658 1257 3835 1322 Unde

2296 1371 2509 1436 Isaiae
2533 1371 2554 1405 ³
2584 1388 2605 1433 .·
2651 1394 2682 1431 α
2707 1369 2816 1434 Vae
2844 1367 2956 1451 qui
2981 1366 3356 1432 descenditis
3383 1366 3462 1448 (a)
3493 1366 3562 1428 in
3588 1365 3830 1448 AEgyp·

2295 1484 2461 1555 tum,
2489 1502 2519 1538 ι)
2548 1477 2780 1542 scilicet
2806 1477 2889 1541 ad
2918 1476 3251 1540 saeculares
3278 1474 3592 1553 scientias;
3626 1496 3657 1534 α
3675 1479 3738 1538 et
3764 1492 3834 1538 os

2299 1585 2551 1650 Domini
2577 1604 2706 1649 non
2746 1583 3211 1664 interrogastis,
3244 1605 3274 1642 ι)
3312 1582 3545 1646 scilicet
3589 1600 3835 1646 sacram

2299 1693 2716 1776 Scripturam.
2768 1690 2910 1756 Non
2955 1691 3129 1754 enim
3180 1690 3364 1754 debet
3411 1689 3492 1752 ad
3546 1688 3838 1753 scientias

2299 1803 2457 1866 alias
2483 1802 2879 1880 descendere,
2910 1802 2985 1863 ut
3012 1800 3168 1863 sciat
3211 1797 3676 1875 certitudinem,
3711 1795 3834 1858 nisi

2299 1912 2530 1975 habeat
2581 1909 3018 1974 testimonium
3071 1908 3140 1970 in
3198 1910 3415 1970 monte
3469 1912 3493 1947 ⁶
3523 1954 3540 1984 ,
3606 1904 3839 1969 scilicet

2300 2018 2549 2098 Christi,
2598 2018 2819 2096 Heliae,
2860 2016 3095 2099 Moysi,
3143 2016 3264 2078 hoc
3293 2017 3408 2093 est,
3460 2015 3614 2078 novi
3642 2017 3837 2077 testa-

2301 2125 2521 2202 menti,
2552 2126 3028 2208 prophetarum,
3068 2127 3130 2186 et
3159 2122 3346 2202 legis,
3378 2121 3537 2185 item
3581 2125 3676 2184 est
3714 2120 3836 2182 lin-

2304 2252 2460 2314 gua;
2488 2233 2657 2296 unde
2683 2233 2705 2267 '¹
2738 2251 2755 2296 ε
2788 2256 2820 2293 <1
2846 2231 2966 2295 Mel
2994 2235 3056 2294 et
3083 2230 3180 2293 lac
3207 2230 3326 2293 sub
3355 2229 3582 2309 lingua
3607 2230 3770 2311 ejus,
3801 2250 3830 2287 n

2301 2346 2323 2382 ⁸
2361 2365 2389 2403 a
2406 2340 2610 2418 Quam
2636 2340 2844 2404 dulcia
2861 2338 3154 2403 faucibus
3181 2337 3340 2402 meis
3362 2336 3615 2417 eloquia
3641 2341 3781 2400 tua!
3802 2357 3832 2395 »

2302 2448 2453 2513 Haec
2500 2449 2726 2530 lingua
2760 2449 2932 2511 cibos
2976 2448 3253 2529 saporat.
3294 2444 3473 2509 Unde
3516 2444 3841 2526 Scriptura

2301 2560 2704 2640 comparatur
2721 2555 3017 2639 panibus,
3047 2553 3159 2635 qui
3179 2552 3417 2617 habent
3436 2569 3748 2634 saporem,
3779 2556 3844 2615 et

2303 2667 2611 2730 reficiunt.
2663 2664 2820 2728 Item
2864 2668 2959 2727 est
3000 2662 3282 2725 calamus
3327 2659 3454 2737 Dei,
3485 2663 3548 2723 et
3590 2660 3714 2724 hoc
3749 2664 3843 2725 est

2306 2774 2577 2855 Spiritus
2601 2778 2875 2851 sauctuS,
2908 2770 3082 2852 quia,
3113 2768 3277 2832 sicut
3304 2768 3605 2846 scribenS,
3637 2771 3842 2849 potest

2279 2882 2284 2887 ’
2307 2880 2788 2962 praesentialiter
2812 2879 3085 2942 scribere
3105 2877 3427 2960 praeterita
3441 2925 3458 2954 ,
3480 2878 3838 2959 praesentia,

2303 2988 2541 3052 futura.
2572 2987 2748 3051 Unde
2767 2991 2860 3051 est
2886 2987 3047 3050 liber
3083 2987 3351 3069 scrIptus
3381 2984 3551 3062 foris,
3585 2984 3696 3066 qui
3725 2985 3845 3049 ha-

2305 3096 2410 3161 bet
2449 3096 2745 3179 pulchras
2779 3094 3094 3174 historiam,
3129 3098 3191 3158 et
3233 3094 3414 3159 docet
3440 3110 3658 3157 rerum
3689 3111 3843 3175 pro-

2307 3205 2627 3287 prietates
2656 3202 2939 3285 Scriptus
2958 3206 3053 3266 est
3073 3203 3268 3280 intuS,
3292 3201 3448 3284 quia
3464 3200 3655 3266 habet
3677 3219 3848 3284 mys-

2306 3313 2489 3391 teria,
2520 3316 2582 3376 et
2608 3310 3061 3392 intelligentias
3086 3309 3390 3376 diversas

2819 3489 3108 3559 SERMO
3152 3488 3332 3559 X111.

2314 3643 2425 3711 Quo
2453 3644 2742 3714 erponitur
2770 3643 2932 3698 tertia
2960 3639 3314 3698 consideratio
3343 3638 3405 3695 de
3433 3639 3730 3710 multiplici
3753 3640 3847 3693 in-

2373 3734 2683 3803 telligentia
2721 3746 2893 3787 sacrae
2928 3731 3253 3803 Scripturae,
3286 3733 3338 3786 et
3379 3730 3446 3785 de
3481 3728 3593 3800 ejus
3634 3729 3852 3783 theoriis

2379 3829 2430 3880 et
2456 3826 2662 3894 fiquris,
2685 3839 2747 3878 ac
2777 3823 2842 3878 de
2868 3822 3128 3879 divisione
3152 3821 3524 3892 intelliyentiae
3539 3834 3639 3890 per
3666 3818 3853 3891 Scrip-

2379 3917 2557 3969 turam
2585 3911 2824 3968 eruditoe.

2389 4064 2412 4099 ⁹
2436 4058 2893 4142 Conpreqentur
2922 4074 3106 4140 aquoe
3121 4073 3263 4140 quoe
3284 4057 3398 4122 sub
3429 4056 3574 4123 caelo
3593 4060 3768 4135 eunt,
3793 4064 3855 4123 et

2309 4172 2621 4251 appareat
2644 4166 2860 4232 arida.
2893 4167 3280 4246 Factumque
3302 4169 3392 4229 est
3415 4166 3535 4230 ita.
3569 4165 3655 4230 Et
3672 4178 3853 4231 voca-

2308 4274 2406 4339 vit
2433 4276 2598 4338 Deus
2630 4270 2889 4336 aridam
2916 4276 3194 4335 terram:
3220 4270 3853 4351 conqreqationesque

2310 4396 2624 4462 aquarum
2663 4377 3010 4461 appellavit
3048 4376 3282 4441 maria.
3322 4375 3405 4442 Et
3443 4375 3615 4442 vidit
3655 4379 3848 4456 Beue,

2310 4487 2480 4571 quod
2525 4492 2680 4553 esset
2730 4487 2978 4564 bonum,
3027 4480 3084 4550 e't
3119 4485 3269 4550 ait:
3321 4482 3639 4549 Get-minet
3679 4489 3850 4549 terra

2309 4596 2561 4663 herbam
2586 4597 2918 4674 virentem,
2951 4599 3010 4659 et
3034 4594 3375 4672 facientem
3398 4607 3629 4667 semen,
3672 4596 3734 4656 et
3763 4590 3848 4655 li·

2306 4722 2503 4788 quam
2550 4705 2938 4786 pomiferum
3008 4702 3253 4781 taciens
3305 4701 3586 4780 fructum
3636 4696 3849 4778 Juxta

2306 4830 2501 4897 qenus
2545 4829 2765 4892 suum,
2805 4812 2990 4894 cujus
3024 4827 3238 4877 semen
3272 4812 3348 4876 in
3392 4809 3721 4889 semetipso
3756 4810 3849 4875 sit

2307 4938 2498 5005 super
2525 4931 2784 4999 terram,
2816 4923 2933 4983 etc.
2967 4919 3118 4983 Haec
3145 4919 3305 4982 visio
3333 4916 3515 4981 tertia
3547 4915 3617 4997 (b)
3656 4915 3847 4979 intel-

2307 5029 2593 5111 ligentiae
2620 5046 2733 5111 per
2756 5027 3151 5109 Scripturam
3178 5024 3463 5103 eruditae,
3495 5040 3642 5106 quae
3667 5023 3850 5087 intel-

2307 5135 2534 5218 ligitur
2561 5137 2627 5199 in
2653 5153 2843 5219 opere
2871 5134 3074 5198 tertiae
3115 5131 3265 5197 diei.
3299 5131 3376 5197 Et
3403 5132 3566 5195 sicut
3594 5131 3664 5194 in
3691 5148 3843 5215 ope-

2307 5311 2329 5345 ⁶
2351 5308 2553 5369 Mami„
2582 5321 2706 5367 xvir.
2739 5313 2785 5359 1.
2814 5332 2876 5346 -·
2903 5308 2920 5338 ⁷
2949 5306 3119 5370 Cant„
3152 5316 3223 5365 ιν,
3255 5307 3330 5356 ¹1.
3359 5327 3422 5341 -
3450 5304 3469 5334 ⁸
3496 5302 3634 5355 Psal.
3665 5313 3849 5366 cxvm,

2312 5383 2500 5433 103.—
2524 5382 2544 5412 ⁹
2573 5382 2719 5442 Gen„
2747 5393 2788 5443 ῐ,
2816 5382 2948 5432 9-11.

2373 5481 2438 5544 (a)
2476 5480 2623 5545 ναις.
2646 5479 3047 5532 descendunt.—
3076 5476 3144 5542 (ὁ)
3176 5477 3298 5530 Goeae.
3325 5474 3445 5527 edit.
3477 5474 3660 5527 tertiae.
