4196 6294
1712 370 1967 438 CAPUT
2007 373 2082 440 X.

316 513 542 581 vitium
567 508 894 595 propriam
919 507 1128 593 privat
1145 508 1561 574 habilitatem.
1583 508 1844 573 Ratione

317 621 510 700 tertii,
542 618 777 685 scilicet
803 617 1227 682 inclinationis
1253 617 1334 683 ad
1351 622 1583 698 actum,
1605 635 1736 703 non
1756 621 1850 681 est

316 726 682 795 omnimoda
721 724 1071 804 distinctio,
1126 743 1244 790 nec
1288 725 1653 791 omnimoda
1698 743 1851 790 con-

315 836 543 915 nexi03
574 833 792 899 necin
826 832 1210 916 quibusdam
1259 834 1522 897 inclinat
1568 833 1649 898 ad
1693 832 1849 897 alte-

318 962 489 1022 rum,
518 941 589 1005 in
613 940 998 1026 quibusdam
1020 942 1235 1004 autem
1261 940 1524 1005 inclinat
1554 940 1659 1024 (a),
1692 941 1854 1005 sicut

317 1052 646 1135 peccatum
693 1047 867 1131 gulae
915 1047 997 1112 ad
1038 1051 1367 1130 peccatum
1406 1049 1684 1113 luxuriae
1719 1071 1735 1112 ι
1766 1049 1854 1111 si-

318 1160 551 1225 militer
585 1158 653 1222 in
689 1155 1156 1240 spiritualibuS,
1212 1156 1509 1239 superbia
1549 1156 1630 1221 ad
1685 1156 1851 1221 invi-

319 1270 513 1336 diam.
544 1267 650 1332 Est
677 1268 911 1332 iterum
931 1265 1106 1349 loqui
1142 1265 1219 1331 de
1246 1265 1513 1348 peccatis
1541 1268 1855 1348 quantum

321 1378 400 1443 ad
429 1375 884 1458 obligationem
930 1390 1171 1455 poenae3
1220 1375 1285 1437 et
1334 1371 1423 1435 sic
1465 1372 1753 1453 obligant
1778 1371 1857 1437 ad

323 1484 637 1567 duplicem
661 1498 939 1566 poenam,
973 1480 1206 1545 scilicet
1244 1479 1539 1544 carentiae
1571 1478 1854 1558 visionis,

324 1596 386 1657 et
413 1589 770 1656 acerbitatis
793 1588 966 1670 ignis
1003 1590 1363 1670 :quantum
1417 1587 1497 1650 ad
1547 1586 1854 1669 primum,

326 1702 419 1764 est
444 1696 779 1773 connexio,
802 1695 959 1779 quia
975 1694 1086 1777 qui
1104 1695 1175 1757 in‘
1189 1711 1322 1759 uno
1343 1696 1595 1776 peccato
1621 1694 1856 1776 peccat,

325 1807 556 1872 amittit
587 1804 881 1888 jgloriam
922 1804 1199 1870 debitam
1254 1802 1552 1867 omnibus
1605 1802 1859 1868 virtuti-

324 1916 474 1994 bus;
500 1916 813 1997 quantum
849 1914 1065 1976 autem
1109 1910 1188 1974 ad
1216 1908 1587 1988 secundum,
1611 1926 1740 1972 non
1768 1912 1865 1974 est

326 2024 671 2103 connexio,
728 2021 837 2087 sed
906 2020 1244 2096 distinctio,
1300 2017 1454 2100 quia
1514 2017 1862 2100 unicuique

327 2131 665 2216 respondet
689 2129 947 2213 propria
976 2126 1302 2192 acerbitas.
1331 2124 1505 2190 Istud
1529 2142 1687 2207 ergo
1713 2142 1861 2190 ver·

326 2239 484 2304 bum
506 2237 897 2304 Ecclesiastae
941 2236 1040 2320 (b),
1072 2240 1137 2300 et
1176 2235 1345 2298 beati
1387 2233 1601 2298 Jacobi
1620 2282 1638 2312 ,
1676 2233 1863 2297 intel-

326 2346 553 2429 ligitur
576 2349 889 2428 quantum
937 2345 1018 2409 ad
1071 2342 1475 2408 amissionem
1527 2340 1756 2422 gratiae
1803 2345 1867 2405 et

329 2454 582 2536 gloriae.
619 2451 798 2530 Quod
824 2452 1024 2534 igitur
1055 2451 1376 2533 objicitur,
1406 2449 1578 2532 quod
1597 2449 1865 2532 punitur

327 2561 499 2626 ultra
529 2560 946 2641 condignum,
975 2558 1118 2624 dico
1134 2557 1550 2643 quodfalsum
1569 2561 1685 2637 est,
1711 2558 1867 2640 quia

326 2670 439 2752 qui
466 2670 682 2751 peccat
704 2667 774 2730 in
812 2685 942 2732 uno
969 2669 1151 2746 actu,
1194 2669 1408 2749 peccat
1451 2668 1668 2730 contra
1708 2683 1862 2747 gra-

326 2777 482 2851 tiam
511 2775 804 2841 omnium
831 2774 1165 2855 virtutum,
1201 2777 1265 2839 et
1293 2774 1435 2839 ideo
1473 2777 1684 2839 totum
1728 2791 1865 2839 me-
1897 2787 1901 2792 ’

327 2888 505 2950 retur
530 2884 843 2948 amittere.

406 2996 469 3055 4.
520 2990 593 3057 Si
643 2991 916 3073 spiritus
962 2992 1333 3074 potestatem
1376 2988 1685 3068 habentis,
1743 2992 1862 3053 etc.

328 3098 665 3166 Praemissa
694 3103 789 3166 est
822 3118 1017 3183 supra
1044 3098 1344 3182 sapientis
1371 3099 1709 3183 despectio,
1740 3103 1805 3164 et
1830 3116 1867 3163 e

327 3214 546 3274 contra
589 3208 791 3292 ipsius
829 3210 1008 3291 justa
1046 3206 1547 3286 commendati03
1594 3207 1734 3302 subj
1743 3227 1862 3271 un-

329 3321 508 3404 gitur
534 3318 639 3382 hic
670 3317 855 3382 tertio
882 3316 1222 3381 stultorum
1239 3314 1593 3397 promotio:
1628 3319 1691 3379 et
1713 3316 1866 3398 quia

326 3426 612 3512 praelatio
653 3424 996 3489 stultorum
1040 3426 1135 3511 est
1169 3439 1470 3503 onerosa,
1505 3422 1646 3487 ideo
1692 3441 1866 3505 prae-

327 3535 602 3599 mittitur
628 3532 950 3616 patientiae
978 3533 1328 3610 armatura,
1360 3533 1422 3594 et
1446 3532 1863 3615 subjungitur

326 3641 667 3705 stultorum
704 3639 991 3723 praelatio
1029 3638 1422 3718 inordinata,
1461 3639 1550 3702 ibi
1599 3642 1685 3719 (v,
1733 3639 1791 3722 5)
1840 3664 1856 3705 ε

325 3751 442 3818 Est
461 3751 698 3815 malum
714 3748 888 3832 quod
909 3747 1076 3828 vidi,
1108 3749 1227 3812 etc.
1260 3746 1677 3811 Praemittitur
1701 3766 1863 3829 ergo

323 3856 643 3941 patientiae
679 3858 1035 3934 armatura,
1085 3857 1342 3937 propter
1385 3871 1583 3935 quam
1621 3854 1861 3920 haben-

324 3969 472 4031 dam
511 3965 660 4029 dicit
693 3982 711 4027 ε
746 3964 819 4030 Si
843 3965 1117 4045 spiritus
1140 3966 1511 4046 potestatem
1545 3962 1856 4045 habentis,

321 4074 388 4139 id
431 4076 552 4151 est,
590 4072 772 4137 furor
816 4069 1060 4153 praelati
1103 4091 1118 4133 ε
1164 4070 1425 4153 spiritus
1467 4068 1640 4135 enim
1681 4071 1862 4136 furor

322 4180 552 4245 dicitur
584 4179 602 4214 ¹
636 4197 654 4242 ε
691 4200 724 4238 α
750 4176 1059 4255 Quiescite
1086 4178 1168 4241 ab
1201 4177 1489 4255 homine,
1514 4181 1699 4260 eujus
1729 4180 1855 4263 spi-

322 4287 487 4351 ritus
536 4286 606 4349 in
657 4285 938 4349 naribus·
969 4287 1129 4367 ejus.
1185 4306 1216 4344 υ
1258 4284 1336 4348 Et
1372 4285 1395 4320 ¹
1440 4306 1456 4349 ε
1509 4308 1540 4346 α
1582 4283 1858 4370 Spiritus

322 4393 584 4476 grandis
611 4396 674 4459 et
697 4391 901 4469 fortiS,
931 4392 1307 4456 subvertens
1336 4396 1584 4457 montes
1613 4396 1677 4458 et
1703 4412 1852 4458 con-

321 4507 552 4567 terens.
608 4522 640 4561 n
693 4499 1068 4567 Ascendet-it
1117 4515 1309 4582 super
1362 4506 1460 4579 te,
1502 4499 1582 4564 ad
1635 4500 1856 4584 oppri-

322 4608 627 4674 mendum
684 4609 918 4673 scilicet
957 4608 980 4643 ⁸
1041 4630 1056 4670 :
1121 4629 1153 4668 α
1208 4608 1363 4672 Ecce
1413 4607 1595 4692 quasi
1648 4609 1855 4675 nubes

319 4717 641 4798 ascendet,
686 4720 753 4782 et
788 4718 969 4800 quasi
1011 4721 1350 4800 tempestas
1400 4736 1627 4782 currus
1675 4720 1847 4800 ejus3

315 4843 419 4905 ἴω
451 4825 656 4904 nobie,
684 4825 991 4909 quoniam
1015 4824 1241 4891 vastati
1268 4842 1516 4889 sumus.
1554 4847 1586 4885 ιο
1623 4826 1852 4892 Locum

316 4939 499 5001 tuum
524 4949 604 4999 ne
629 4931 986 5012 dimiseris,
1023 4930 1086 4995 id
1116 4933 1246 5012 est,
1285 4930 1501 4996 locum
1526 4931 1848 5016 patientiae

374 5097 391 5131 ¹
420 5095 541 5155 lea..
567 5103 625 5154 11,
653 5095 733 5144 22.
759 5120 815 5131 -
845 5094 870 5129 ²
895 5094 959 5143 ΙΙΙ
992 5093 1130 5156 Req„
1158 5105 1271 5157 x1x,
1306 5097 1382 5142 11.
1411 5120 1463 5129 -
1493 5094 1512 5125 ³
1541 5096 1743 5157 Jerem„
1774 5108 1843 5159 ιν,

314 5167 389 5216 13.
425 5192 485 5205 -
524 5166 542 5197 ⁴
575 5166 713 5226 Luc„
754 5177 863 5230 xxi,
901 5167 980 5215 19.
1017 5191 1078 5202 -
1117 5165 1139 5200 ⁸
1178 5166 1194 5214 Ι
1240 5165 1397 5227 Petr„
1435 5177 1502 5224 11,
1547 5171 1635 5230 18,
1682 5170 1756 5216 19.
1785 5192 1847 5206 -

314 5236 335 5267 ⁸
365 5236 505 5302 Sap„
535 5249 609 5301 vr,
640 5240 715 5288 19.
745 5262 806 5274 -
829 5239 845 5268 ⁷
868 5236 1004 5299 Luc„
1033 5247 1140 5300 xiv,
1168 5238 1214 5287 8.
1237 5260 1299 5274 —
1326 5237 1344 5266 ⁸
1369 5236 1550 5300 Ecclt’„
1578 5249 1654 5299 11,
1683 5241 1760 5288 22.
1784 5264 1846 5278 —

312 5306 332 5338 ¹
360 5308 378 5357 1
413 5310 550 5368 Cor„
581 5322 654 5368 ix,
684 5310 763 5359 27.
790 5334 852 5347 -
877 5309 915 5339 ¹·
940 5307 1055 5372 lob,
1087 5319 1203 5371 xm,
1233 5310 1311 5358 24.
1339 5332 1402 5345 —
1438 5309 1481 5341 ¹¹
1510 5309 1713 5369 unuh„
1746 5322 1843 5374 ιιι,

314 5379 392 5431 13.
415 5405 477 5417 -
506 5378 547 5413 ¹¹
566 5379 770 5449 aphec„
796 5391 868 5443 w,
897 5382 972 5433 27.
1000 5405 1059 5418 ·-
1091 5379 1130 5415 ¹⁸
1151 5378 1328 5442 Eccli„
1351 5390 1427 5446 xi,
1453 5379 1530 5432 29.

3374 387 3491 450 663

1954 513 2017 574 et
2039 512 2433 589 constantiae,
2462 513 2533 575 in
2559 530 2690 595 quo
2715 513 2931 577 anima
2950 516 3360 596 conquiescit,
3391 535 3488 583 se-

1954 617 2113 682 dum
2153 617 2312 681 illud
2336 617 2357 652 ⁸
2394 637 2410 681 ε
2448 642 2479 678 <1
2514 618 2587 682 ln
2621 620 2922 702 patientia
2947 625 3160 686 vestra
3197 622 3490 705 posside-

1954 725 2102 788 bitis
2128 724 2375 788 animas
2400 728 2666 790 vestras.
2692 750 2722 786 n
2748 727 2827 792 Et
2853 733 2875 768 ⁸
2905 746 2923 791 ε
2964 750 2996 789 α
3025 727 3228 809 Servi,
3260 730 3495 798 subditi

1956 834 2154 897 estote
2182 833 2250 895 in
2277 834 2455 898 omni
2491 833 2717 898 timore
2760 834 3036 900 dominis
3065 837 3295 903 vestris
3313 887 3331 919 ,
3361 857 3493 904 non

1956 943 2211 1002 tantum
2251 939 2579 1020 modestis,
2608 940 2718 1005 sed
2757 943 2820 1004 et
2853 941 3124 1025 dyscolis
3155 966 3170 1006 ε
3219 943 3361 1009 haec
3402 950 3498 1011 est
3556 1020 3561 1025 ,

1960 1047 2133 1110 enim
2180 1047 2387 1128 gratia
2406 1096 2425 1127 ‚
2478 1047 2532 1110 si
2587 1050 2843 1131 propter
2888 1050 3336 1131 conscientiam
3388 1050 3499 1118 Dei

1961 1153 2232 1219 sustinet
2276 1155 2449 1237 quie,
2483 1177 2514 1216 n
2552 1159 2669 1220 etc.
2712 1155 2790 1220 Et
2815 1158 3101 1223 redditur
3133 1160 3294 1225 ratio
3323 1160 3497 1224 utili·
3562 1173 3569 1181 ·

1961 1266 2167 1327 tatum
2206 1281 2222 1326 ε
2258 1264 2421 1337 Quia
2451 1265 2702 1333 curatio
2741 1265 2933 1345 faciet
2969 1282 3211 1333 cessare
3242 1273 3503 1351 peccata

1964 1373 2282 1436 maxima.
2330 1369 2609 1437 Vocatur
2658 1372 2764 1436 hic
2814 1373 3057 1439 curatio
3098 1374 3503 1457 flagellorum

1966 1480 2252 1559 afflictio,
2282 1480 2352 1543 in
2389 1480 2623 1562 quibus
2650 1480 2846 1546 homo
2871 1484 3132 1547 curatur
3164 1484 3187 1518 ⁶
3225 1506 3239 1546 :
3281 1507 3313 1546 α
3342 1484 3505 1550 Cura

1967 1587 2316 1670 disciplinae
2345 1591 2441 1653 est
2468 1589 2717 1654 dilectio
2740 1639 2756 1670 ,
2789 1592 2855 1655 et
2888 1590 3136 1656 dilectio
3163 1594 3259 1656 est
3292 1595 3505 1658 custo-

1967 1696 2123 1760 ditio
2162 1696 2410 1777 legum.
2444 1720 2474 1757 n
2521 1697 2800 1763 Causalis
2843 1701 2938 1763 est
2968 1699 3308 1782 utrobique
3333 1718 3507 1783 prae-

1968 1805 2196 1870 dicatio
2217 1853 2234 1883 ‚
2264 1805 2417 1889 quia
2442 1806 2675 1871 scilicet
2700 1825 2815 1892 per
2842 1807 3044 1874 multa
3078 1808 3335 1892 flagella
3362 1827 3510 1892 per-

1968 1913 2227 1979 venitur
2262 1913 2344 1978 ad
2379 1913 2776 1979 dilectionem
2790 1964 2808 1995 ,
2843 1921 2906 1980 et
2943 1934 3059 1998 per
3100 1917 3269 1982 hanc
3294 1922 3510 1984 custo-

1969 2020 2143 2085 ditur
2170 2021 2276 2084 lex
2306 2039 2322 2084 ε
2352 2038 2510 2103 ergo
2538 2039 2779 2087 cessare
2796 2022 2943 2087 facit
2968 2027 3245 2104 peccata.

2049 2127 2249 2192 Aliter
2277 2130 2620 2211 exponitur
2659 2152 2675 2194 :
2725 2130 2811 2196 Si
2844 2132 3116 2212 spiritus
3139 2135 3513 2213 potestatem

1971 2236 2296 2315 habentis,
2327 2236 2391 2299 id
2415 2239 2546 2315 est,
2579 2236 2835 2319 spiritus
2867 2236 3267 2316 ambitionis,
3297 2239 3361 2304 id
3395 2246 3511 2321 est,

1972 2344 2212 2415 malitia
2254 2345 2606 2427 ambitiosi3
2647 2345 3029 2414 Ascenderit
3068 2362 3260 2429 super
3305 2352 3363 2415 te
3383 2395 3403 2427 ,
3450 2349 3513 2413 id

1972 2454 2087 2532 est,
2120 2452 2173 2514 si
2199 2451 2447 2517 venerit
2474 2451 2589 2515 tibi
2628 2452 2700 2516 in
2740 2455 3051 2531 mentem,
3083 2456 3158 2517 ut
3192 2453 3354 2539 velis
3380 2472 3514 2519 esse

1972 2559 2277 2644 praelatus
2318 2578 2333 2619 ε
2393 2560 2623 2626 Locum
2670 2565 2853 2627 tuum
2892 2576 2971 2626 ne
3018 2560 3378 2643 dimiseris,
3422 2562 3516 2627 lo·

1973 2685 2122 2732 cum
2172 2666 2406 2731 scilicet
2443 2667 2854 2749 subjectionis
2903 2671 2967 2732 et
3017 2668 3339 2733 servitutis
3361 2717 3379 2749 ,
3438 2669 3518 2734 de

1972 2792 2104 2857 quo
2140 2774 2163 2809 ⁷
2206 2793 2223 2838 ε
2273 2796 2303 2833 α
2339 2773 2498 2838 Cum
2533 2774 2839 2839 invitatus
2879 2774 3076 2840 fueris
3114 2775 3195 2840 ad
3232 2775 3515 2859 nuptias,

1972 2881 2274 2946 recumbe
2311 2882 2382 2945 in
2408 2881 2756 2947 novissimo
2790 2881 2947 2946 loco.
2994 2903 3025 2942 n
3074 2880 3152 2947 Et
3185 2887 3209 2924 ⁸
3241 2904 3257 2948 ε
3298 2905 3330 2943 ιι
3356 2881 3520 2949 Con-

1973 2990 2098 3054 fide
2125 2993 2338 3056 autem
2368 2990 2435 3054 in
2464 2990 2613 3068 Deo,
2638 2992 2704 3054 et
2733 3008 2919 3054 mane
2945 2990 3012 3054 in
3040 2990 3177 3055 loco
3210 2994 3345 3056 tuo.
3372 3012 3404 3051 n
3438 2992 3518 3059 Et

1973 3100 2140 3164 ratio
2167 3099 2457 3165 redditur
2500 3120 2515 3163 ι
2552 3100 2723 3178 Quia
2761 3099 3012 3167 curatio
3045 3088 3255 3181 faciet
3271 3116 3515 3168 cessare

1969 3212 2230 3291 peccata
2256 3209 2569 3274 maxima.
2601 3205 2954 3271 Translatio
2993 3205 3362 3290 Symmachi
3402 3210 3515 3274 ha-

1973 3316 2080 3379 bet
2129 3337 2143 3379 :
2206 3315 2370 3389 Quia
2409 3314 2740 3398 pudicitia
2761 3336 2778 3392 ;
2816 3313 2986 3379 unde
3034 3319 3057 3356 ⁹
3110 3337 3126 3379 ε
3180 3338 3212 3377 α
3263 3315 3515 3400 Castigo

1974 3439 2206 3506 corpus
2244 3441 2458 3487 meum
2475 3471 2493 3502 ,
2524 3423 2683 3487 etin
2725 3422 3096 3488 servitutem
3136 3424 3398 3508 redigo,
3430 3445 3512 3491 ne

1971 3529 2154 3607 forte,
2183 3548 2332 3595 cum
2351 3530 2489 3596 aliis
2514 3529 3017 3614 praedicaverim,
3045 3532 3180 3615 ipse
3201 3533 3511 3616 reprobus

1972 3638 2230 3703 efficiar.
2278 3661 2310 3699 ι)
2347 3638 2550 3703 Aliter
2589 3637 2928 3721 exponitur
2971 3638 3050 3704 de
3092 3639 3344 3704 diabolo
3376 3662 3393 3706 ε
3424 3642 3511 3710 Si

1969 3747 2246 3828 spiritus
2286 3749 2663 3830 potestatem
2711 3745 3033 3826 habentis,
3074 3746 3141 3811 id
3184 3751 3316 3827 est,
3373 3747 3505 3813 dia-

1970 3853 2101 3917 boli
2141 3853 2185 3889 ¹⁰
2230 3875 2245 3917 :
2313 3876 2344 3915 α
2368 3852 2510 3918 Non
2552 3857 2648 3918 est
2685 3871 2875 3936 super
2916 3857 3154 3918 terram
3197 3858 3503 3937 potestaS,

1969 3980 2120 4044 quae
2162 3966 2562 4043 comparetur
2593 3961 2653 4025 ei
2685 3982 2701 4025 ε
2741 3983 2772 4020 υ
2822 3960 3182 4031 ascenderit
3212 3978 3401 4046 super
3425 3969 3504 4045 te,

1969 4074 2034 4135 et
2053 4071 2175 4136 hoc
2196 4070 2496 4136 tentando
2517 4072 2560 4111 ¹¹
2587 4092 2649 4135 :a
2672 4070 2830 4136 Cum
2849 4071 3226 4138 immundus
3247 4073 3509 4157 spiritus

1968 4178 2197 4243 exierit
2234 4179 2314 4243 ab
2342 4177 2601 4243 homine
2621 4225 2639 4257 ‚
2671 4176 2957 4243 ambulat
2984 4196 3099 4261 per
3124 4179 3259 4244 loca
3284 4179 3462 4246 arida
3482 4230 3502 4262 ,

1967 4304 2262 4370 quaerens
2287 4286 2610 4368 requiem,
2642 4290 2706 4351 et
2732 4304 2863 4351 non
2897 4286 3163 4353 invenit.
3200 4308 3232 4347 n
3270 4289 3505 4355 Locum

1967 4400 2151 4461 tuum
2195 4408 2275 4459 ne
2330 4391 2658 4459 dimiseris
2706 4414 2723 4456 t
2765 4392 2978 4457 locum
3018 4392 3251 4459 scilicet
3293 4394 3499 4477 poeni-

1963 4501 2183 4566 tentiae
2222 4502 2267 4540 ¹¹
2310 4522 2325 4566 :
2361 4499 2616 4566 «Nolite
2649 4501 2864 4566 locum
2905 4500 3057 4566 dare
3102 4500 3352 4566 diabolo
3393 4520 3413 4565 ε
3459 4523 3492 4562 n

1969 4612 2134 4686 Quia
2149 4610 2400 4677 curatio
2422 4625 2665 4677 cessare
2684 4611 2883 4691 faciet
2896 4614 3155 4692 peccata
3179 4610 3492 4677 maxima.

1961 4718 2197 4785 Littera
2224 4716 2517 4799 Origenis
2548 4716 2736 4782 habet
2767 4738 2782 4782 ε
2817 4715 3100 4784 salvatio
3118 4763 3137 4798 ,
3166 4734 3315 4799 quae
3347 4717 3493 4801 qui-

1961 4826 2108 4891 dem
2128 4827 2219 4889 est
2233 4841 2347 4907 per
2370 4823 2749 4888 medicinam
2776 4823 3163 4907 poenitentiae
3185 4824 3228 4859 ¹³
3252 4845 3313 4888 :a
3328 4823 3496 4889 Mali-

1959 4934 2049 5000 tia
2066 4934 2246 4998 horae
2261 4930 2645 4998 oblivionem
2660 4932 2843 4997 faciet
2854 4932 3132 4997 luxuriae
3152 4949 3413 5014 magns-„e
3430 4954 3490 5011 3»

1957 5042 2023 5108 id
2050 5047 2173 5122 est,
2208 5041 2420 5107 brevis
2442 5041 2814 5124 poenitentia
2825 5088 2846 5122 ,
2878 5041 3102 5123 magni
3131 5042 3388 5126 peccati.

2019 5241 2085 5307 (a)
2118 5240 2310 5290 Forsan
2344 5238 2601 5304 leyendum
2641 5254 2661 5289 .·
2693 5240 2823 5290 Nam
2854 5240 2907 5290 in
2944 5239 3247 5304 quibusdam
3281 5239 3492 5292 inclinat

1955 5312 2020 5362 ad
2062 5311 2308 5374 alterum,
2355 5312 2408 5361 in
2452 5310 2753 5375 quibusdam
2793 5316 2965 5363 autem
3008 5325 3115 5372 non
3158 5311 3388 5372 inclinat.
3427 5339 3490 5358 -

1960 5383 2030 5454 (ὁ)
2061 5385 2183 5437 Goet.
2216 5383 2340 5436 edit.
2374 5381 2715 5438 Ecclesiastes.
