4196 6294
749 534 866 593 354

746 664 943 722 missa.
975 665 1055 721 De
1092 663 1261 721 tertio
1293 667 1312 700 ¹
1345 682 1359 720 :
1390 672 1445 715 ἰι
1487 661 1768 732 Domine,
1797 661 1944 720 doce
1988 678 2089 721 eos
2115 663 2276 721 viam

743 759 989 832 honam,
1020 776 1127 836 per
1146 776 1328 834 quam
1344 757 1782 831 ingrediantur:
1812 779 1841 814 »ι
1873 774 2008 817 ecce
2037 757 2276 816 devotio

742 868 927 926 quam
953 853 1233 912 Salomon
1266 868 1371 910 rex
1395 851 1538 927 petit
1565 867 1677 925 pro
1699 849 1947 926 popu10,
1976 854 2041 908 ut
2068 850 2278 909 doceat

740 946 1022 1004 Dominus
1063 947 1222 1003 viam
1264 946 1439 1003 bonae
1492 944 1884 1020 operationis,
1937 961 2045 1020 per
2095 960 2277 1020 quam

739 1037 1142 1112 ingrediantur
1161 1040 1224 1097 in
1250 1040 1433 1098 vitam
1457 1054 1725 1113 supernae
1749 1037 2058 1096 felicitatis,

1231 1197 1509 1254 Articulus
1536 1182 1784 1269 quai-tus.

803 1326 1222 1396 Justificationes
1241 1329 1381 1380 tuas.
1413 1325 1537 1379 Vox
1562 1325 1647 1379 est
1673 1321 1884 1380 animae
1913 1320 2085 1379 avide
2101 1320 2270 1394 justi·

734 1421 873 1478 tiam
902 1419 1238 1491 esurientis,
1268 1422 1325 1476 et
1359 1414 1531 1493 quod
1554 1418 1827 1475 amiserat
1849 1434 1956 1492 per
1997 1417 2234 1493 culpam
2247 1459 2268 1489 ,

731 1531 1075 1590 recuperare
1101 1531 1208 1589 per
1230 1512 1635 1587 poenitentiam
1658 1510 1912 1569 sitientiS.
1936 1511 2088 1581 Quid
2111 1511 2268 1569 enim

730 1613 816 1667 est
857 1609 1235 1682 justificatio,
1294 1606 1405 1663 nisi
1456 1605 1685 1679 justitiae
1737 1605 2150 1680 recuperatio?
2205 1609 2270 1663 Et

729 1704 1015 1778 quoniam
1041 1704 1106 1761 in
1130 1702 1331 1761 multis
1353 1700 1699 1773 offenderat,
1725 1717 1846 1758 non
1871 1700 2263 1773 singulariter,

726 1799 832 1855 sed
871 1797 1176 1873 pluraliter
1216 1796 1452 1870 justitiae
1492 1796 1915 1857 restitutionem
1965 1796 2262 1869 efflagitat.

726 1894 794 1950 Et
838 1896 1001 1962 nota,
1056 1892 1223 1965 quod
1256 1892 1697 1965 justificationes
1744 1891 1865 1950 istae
1910 1894 2046 1948 sunt
2088 1889 2264 1948 avide

725 1983 1070 2059 appetendae
1086 1989 1329 2059 propter
1345 1984 1633 2060 triplicem
1661 1985 2062 2043 causalitatem
2082 2002 2097 2041 t
2123 1983 2263 2057 quia

725 2083 968 2137 causant
1031 2078 1347 2153 puritatem
1364 2121 1386 2152 ,
1459 2079 1778 2138 claritatem
1797 2121 1816 2151 ,
1885 2078 2259 2135 hilaritatem.

723 2174 977 2231 Causant
1015 2174 1174 2231 enim
1199 2173 1512 2248 puritatem
1539 2175 1600 2231 in
1628 2158 2071 2247 concupiscibili
2081 2191 2100 2244 ;
2134 2170 2261 2230 cla-

720 2268 951 2325 ritatem
1009 2267 1073 2324 in
1140 2267 1523 2338 rationabili3
1583 2267 1933 2324 hilaritatem
1988 2265 2050 2322 in
2119 2263 2260 2321 iras-

720 2362 902 2420 cibili.
956 2363 1216 2420 Primum
1263 2363 1424 2436 patet
1483 2377 1591 2435 per
1649 2359 2012 2419 Psalmistam
2062 2357 2260 2416 dicen-

715 2459 835 2514 tem
873 2455 896 2487 ²
943 2474 958 2514 ε
1022 2475 1051 2509 «
1101 2456 1227 2513 Fiat
1282 2472 1384 2513 cor
1436 2471 1639 2511 meum
1691 2454 2135 2511 immaculatum
2193 2452 2257 2509 in

706 2548 1222 2621 justificationibus
1268 2548 1382 2606 tuis
1415 2568 1434 2604 .·
1473 2569 1502 2603 ιι
1544 2564 1678 2605 ecce
1734 2547 2043 2605 causalitas
2090 2545 2255 2622 puri-

711 2645 862 2703 tatis,
911 2643 1247 2702 Secundum
1301 2641 1488 2717 liquet
1534 2658 1640 2716 per
1692 2643 2046 2716 prophetam
2094 2640 2254 2715 psal—

708 2736 929 2796 lentem
981 2740 1003 2775 ⁸
1060 2756 1075 2794 ε
1146 2756 1175 2791 α
1229 2736 1460 2794 Faciem
1523 2738 1687 2793 tuam
1749 2735 2022 2793 illumina
2078 2749 2256 2807 super

709 2849 946 2905 servum
970 2836 1173 2903 tuum,
1201 2852 1230 2886 ι»
1265 2835 1374 2890 etc.
1409 2849 1424 2888 :
1455 2846 1589 2889 ecce
1617 2829 1927 2888 causalitas
1955 2827 2249 2886 claritatis

708 2926 962 2985 Tertium
1015 2925 1195 2983 claret
1249 2941 1358 2999 per
1400 2922 1949 3001 psalmographiam
1996 2922 2251 2997 loquen-

709 3024 826 3078 tem
852 3021 875 3055 ὅ
914 3039 928 3074 :
982 3038 1011 3074 α
1038 3017 1370 3076 cantabiles
1418 3017 1565 3075 mihi
1604 3020 1771 3075 erant
1806 3015 2251 3088 justificationes

708 3122 848 3191 tuoe,
877 3138 905 3174 u
940 3120 1048 3176 etc.
1082 3136 1096 3174 ε
1129 3131 1264 3174 ecce
1292 3112 1600 3196 causalitas
1629 3111 1954 3171 hilaritatis.

1348 3276 1606 3341 Epilogus.

782 3401 1075 3473 Distingue
1102 3399 1302 3472 itaque
1327 3413 1506 3455 voces
1543 3394 1752 3453 animae
1787 3394 1866 3452 ad
1893 3392 2251 3451 satisfacien-

712 3497 857 3554 dum
897 3494 1105 3552 anxioe.
1167 3494 1300 3550 Vias
1345 3506 1489 3549 meas
1535 3491 1880 3546 annuntiavi.
1937 3490 2080 3545 Ecce
2130 3503 2250 3545 vox

709 3590 942 3665 pavidae
971 3591 1213 3665 propter
1256 3584 1678 3644 reserationem
1724 3582 1930 3656 culpae.
1972 3584 2043 3638 Et
2083 3599 2248 3638 emau-

711 3686 850 3742 dt‘sti
881 3701 982 3743 me.
1026 3687 1169 3740 Ecce
1225 3696 1341 3740 vox
1384 3677 1649 3753 providae
1690 3679 1931 3751 propter
1973 3676 2249 3743 modera-

708 3779 931 3836 tionem
954 3793 1162 3854 poenae.
1196 3778 1333 3832 Doce
1358 3789 1460 3830 me.
1485 3775 1628 3830 Ecce
1659 3787 1779 3829 vox
1803 3768 2043 3829 fervidae
2070 3785 2249 3843 prop-

707 3877 794 3931 ter
849 3870 1329 3930 exonerationem
1385 3865 1772 3925 conscientiae.
1829 3865 2249 3936 Justificationes

710 3975 853 4026 tuas.
895 3970 1039 4025 Ecce
1077 3981 1198 4026 vox
1232 3961 1423 4021 avidae
1460 3963 1703 4036 propter
1739 3957 2248 4032 recuperationem

702 4062 955 4135 justitiae.
1587 4137 1592 4142 θ

1252 4197 1584 4243 msicums
1619 4196 1697 4239 ιι.

779 4352 868 4408 27.
897 4348 1057 4404 Viam
1075 4345 1547 4416 justificationum,
1566 4343 1675 4397 etc.
1694 4336 1954 4396 Audistis
1964 4332 2249 4410 poeniten-x

708 4448 827 4503 tem
838 4439 1218 4501 humiliatum·
1228 4438 1308 4497 ad
1323 4436 1747 4507 confitendum,
1775 4436 1832 4491 et
1849 4432 2151 4491 anxiatum
2167 4432 2246 4491 ad

706 4534 1201 4607 satisfaciendum,
1216 4533 1434 4592 sicutin
1445 4531 1682 4590 duobus
1693 4527 2247 4602 versiculispraeam-

706 4633 867 4691 bulis
897 4635 985 4690 est
1006 4635 1325 4689 ostensum.
1356 4630 1520 4684 Nunc
1548 4623 1744 4684 audite
1773 4622 2052 4681 eumdem
2079 4621 2243 4679 insti-

707 4731 908 4800 gatum
928 4725 1008 4784 ad
1024 4723 1367 4800 proximum
1387 4718 1840 4779 exhortandum.
1871 4717 2027 4774 Sicut
2047 4719 2243 4774 autem

706 4821 1009 4878 instinctus
1048 4818 1153 4875 iste
1194 4801 1689 4891 quadripartitur,
1718 4810 1800 4869 sic
1829 4814 1885 4870 et
1927 4809 2244 4868 versiculus

705 4914 811 4971 iste
840 4911 1270 4987 quadripartito
1303 4907 1698 4982 distinguitur.
1730 4908 1824 4963 Est
1849 4905 2006 4962 enim
2031 4900 2244 4961 s'anctae

708 5006 1126 5065 exhortationis
1148 5003 1450 5062 instinctus
1473 5000 1813 5077 provisivus
1822 5041 1842 5071 ,
1871 4997 2241 5074 praelusivuS,

704 5100 1032 5176 prolativus
1053 5142 1073 5171 ,
1131 5101 1188 5157 et
1250 5087 1605 5173 praelativuS.
1671 5092 1923 5154 Intendit
1982 5106 2241 5166 namque

704 5193 990 5268 poenitens
1011 5193 1118 5252 iste
1147 5192 1422 5268 proximo
1446 5188 1794 5265 providere,
1819 5185 1986 5263 quod
2014 5187 2100 5244 est
2120 5186 2243 5259 jus-

702 5287 871 5360 titiae3
916 5286 1321 5363 provisionem
1363 5283 1687 5359 praevidere
1706 5325 1728 5354 ,
1767 5281 1934 5356 quod
1978 5284 2063 5340 est
2102 5296 2242 5355 pru·

765 5416 784 5450 ¹
819 5415 860 5465 ιι
895 5413 1146 5478 Paralip„
1175 5425 1253 5475 v1‚
1280 5412 1362 5463 27.
1385 5437 1447 5449 -
1478 5410 1497 5440 ²
1523 5408 1661 5460 psal.
1690 5408 1807 5473 hoc,
1837 5409 1915 5457 so.
1943 5431 2008 5444 -
2033 5407 2055 5441 ³
2090 5404 2238 5467 ibid„

703 5489 809 5539 135.
839 5511 901 5525 -
938 5486 960 5520 ι
997 5485 1145 5549 ibid„
1183 5486 1267 5535 54.
1298 5507 1364 5521 —
1397 5480 1596 5543 ⁸1bid.‚
1636 5483 1716 5532 29.
1755 5505 1817 5517 —
1840 5479 1861 5513 ⁸
1897 5476 2046 5541 ibid„
2077 5479 2156 5528 30.
2178 5502 2241 5514 -

1786 525 2198 593 EXPOSlTlO
2241 528 2322 595 ΙΝ
2363 530 2886 599 PSALTERIUM.

2387 666 2597 726 dentiae
2632 688 2648 727 ε
2677 668 3089 744 praevisionem
3114 665 3376 741 proferre
3387 703 3408 734 ‚
3448 659 3616 737 quod
3643 661 3728 718 est
3757 653 3909 713 forti-

2385 761 2623 836 tudiniS,
2677 780 2782 822 seu
2833 761 3165 821 constantiae
3174 779 3192 833 3
3243 760 3306 817 in
3350 756 3679 833 prolatione
3734 754 3907 808 Deum

2381 855 2686 929 praeferre,
2743 873 2992 932 eamque
3039 858 3188 925 Deo,
3229 839 3354 911 non
3407 848 3520 908 sibi
3564 846 3901 914 attribuere,

2384 951 2551 1025 quod
2581 955 2667 1009 est
2692 950 3032 1010 humilitatis
3059 952 3162 1008 aut
3188 946 3605 1023 temperantiae.

2875 1111 3157 1167 Articulus
3186 1109 3421 1181 primus.

2450 1235 2742 1303 Quantum
2768 1234 2847 1293 ad
2866 1234 3146 1309 primum,
3177 1231 3318 1290 dicit
3339 1228 3628 1303 Propheta
3645 1225 3707 1283 in
3728 1222 3908 1299 poeni·

2377 1327 2548 1385 tentis
2576 1329 2870 1387 exhortari
2897 1327 3182 1404 cupientis
3223 1340 3479 1401 persona
3511 1340 3525 1379 ε
3562 1323 3721 1379 Viam
3739 1318 3905 1389 justi-

2376 1424 2703 1493 ficationum.
2739 1425 2850 1480 Ista
2875 1423 2970 1480 via
2998 1425 3083 1480 est
3107 1418 3500 1490 exhortativa,
3529 1419 3584 1474 et
3611 1411 3908 1489 proximo-

2375 1533 2510 1576 rum
2562 1518 2864 1594 provisiva
2887 1562 2907 1591 ,
2963 1535 3069 1594 per
3123 1524 3285 1576 tuam
3344 1515 3574 1573 affectat
3622 1510 3906 1585 poenitens

2375 1613 2705 1671 secundum
2733 1614 3068 1672 instinctum
3090 1611 3350 1685 justitiae,
3381 1624 3501 1666 non
3530 1602 3903 1663 solummodo

2374 1703 2510 1778 sibi,
2525 1706 2631 1763 sed
2648 1706 2822 1765 etiam
2840 1706 3114 1782 proximo
3129 1703 3464 1780 providere.
3486 1704 3726 1783 Etnota,
3743 1695 3902 1772 quod

2369 1797 2433 1854 in
2482 1799 2883 1858 exhortatione
2934 1802 3134 1857 sancta
3179 1796 3429 1855 occurrit
3467 1790 3902 1852 exhortantibus

2369 1891 2582 1966 triplex
2592 1892 2723 1951 via:
2743 1893 3018 1951 videlicet
3028 1894 3126 1950 via
3144 1889 3499 1955 amovenda,
3517 1888 3615 1945 via
3635 1884 3903 1958 eligenda
3968 1902 4047 1944 via
4063 1903 4128 1944 tri-

2371 1988 2429 2042 et
2475 1986 2573 2045 via
2616 1987 2989 2062 inquirenda.
3044 1987 3233 2044 Prima
3280 1988 3365 2042 est
3405 1983 3505 2041 via
3550 1965 4043 2055 iniquitatis;1·'·0³·

2368 2080 2630 2139 secunda
2654 2086 2739 2139 est
2763 2083 2862 2140 via
2887 2081 3169 2151 veritatis,
3199 2082 3256 2137 et
3281 2077 3448 2136 tertia
3474 2079 3559 2134 est
3585 2074 3684 2133 via
3709 2090 3903 2148 super-

2367 2189 2462 2232 nae
2487 2173 2749 2233 civitatis.
2782 2178 2860 2233 De
2887 2177 3079 2250 prima
3105 2174 3203 2232 via
3228 2189 3336 2248 per
3362 2170 3726 2230 Psalmistam
3753 2168 3898 2225 dici-

2367 2268 2499 2325 tur-⁸
2527 2286 2543 2324 :
2582 2287 2610 2322 α
2648 2268 2816 2326 Viam
2838 2268 3159 2344 iniquitatis
3199 2283 3411 2343 amove
3439 2282 3475 2323 a
3501 2282 3621 2323 me.
3657 2284 3686 2320 ιι
3729 2266 3794 2321 Et
3818 2267 3901 2319 est

2366 2360 2653 2434 notabile,
2682 2362 2849 2436 quod
2874 2379 2998 2421 non
3026 2360 3168 2420 dicit
3191 2377 3254 2419 se
3283 2360 3681 2420 amovendum
3708 2373 3744 2415 a
3777 2356 3892 2427 via,

2366 2454 2471 2511 sed
2517 2454 2678 2512 viam
2725 2456 3127 2514 amovendam
3162 2473 3199 2514 a
3248 2472 3310 2513 se
3339 2476 3356 2512 τ
3407 2471 3444 2512 a
3495 2452 3594 2512 via
3645 2465 3899 2525 namque

2365 2552 2696 2621 amovetur,
2726 2549 2831 2625 qui
2860 2548 2923 2607 in
2948 2549 3048 2607 via
3076 2552 3196 2622 est;
3227 2549 3333 2606 sed
3361 2548 3459 2605 via
3484 2549 3795 2605 amovetur
3824 2542 3897 2601 ab

2366 2656 2470 2712 e0,
2507 2642 2611 2716 qui
2640 2643 2914 2700 nondum
2939 2644 3003 2702 in
3036 2644 3136 2702 via
3170 2648 3286 2714 est,
3317 2642 3422 2700 sed
3462 2642 3524 2699 in
3556 2641 3722 2698 illam
3763 2637 3901 2695 inci·

2365 2732 2506 2792 dere
2551 2739 2786 2809 potest:
2832 2753 2967 2795 ecoe
3009 2738 3110 2795 via
3136 2736 3491 2795 amovenda.
3535 2739 3614 2792 De
3643 2732 3899 2791 secunda

2361 2827 2460 2886 via
2485 2844 2594 2903 per
2620 2829 2968 2904 prophetam
2994 2829 3264 2905 psallitur
3289 2831 3311 2866 ⁶
3340 2849 3361 2888 .·
3399 2851 3426 2883 α
3453 2828 3622 2887 Viam
3647 2826 3896 2885 veritatis

2364 2920 2532 2995 elegi.
2565 2943 2593 2977 »
2631 2922 2972 2983 Notabiliter
3000 2925 3080 2982 ait
3105 2928 3251 2982 viam
3278 2927 3559 2995 veritatis,
3596 2938 3720 2980 non
3747 2920 3896 2978 veri-

2360 3016 2569 3089 tatem,
2606 3018 2891 3093 quoniam
2921 3018 3056 3076 finis
3082 3034 3208 3077 non
3247 3018 3513 3092 eligitur,
3536 3016 3644 3074 sed
3671 3033 3740 3073 ea
3768 3030 3895 3089 quoe

2361 3114 2497 3168 sunt
2526 3110 2605 3169 ad
2631 3111 2811 3171 finem
2841 3132 2856 3170 ε
2889 3128 3023 3170 ecce
3057 3113 3155 3172 via
3183 3112 3473 3186 eligenda.
3508 3115 3581 3170 De
3609 3109 3775 3169 tertia
3801 3108 3896 3166 via

2361 3205 2424 3261 in
2449 3205 2579 3279 ipsa
2605 3206 3091 3301 psalmographis.
3113 3206 3384 3264 scribitur
3403 3205 3425 3240 '¹
3450 3227 3468 3264 .·
3504 3225 3533 3260 α
3569 3205 3735 3262 Viam
3757 3204 3894 3262 civi·

2360 3298 2494 3355 tatis
2545 3299 2869 3358 habitaculi
2907 3317 3031 3358 non
3072 3301 3447 3359 invenerunt.
3494 3322 3521 3355 n
3579 3303 3710 3358 Non
3758 3297 3898 3355 dicit

2360 3391 2654 3450 civitatem
2672 3435 2691 3465 ,
2750 3410 2935 3468 quam
2994 3396 3338 3468 praesentem
3391 3393 3704 3452 incolimus
3720 3436 3738 3463 ,
3792 3393 3896 3449 sed

2360 3501 2544 3559 quam
2593 3487 2852 3546 futuram
2901 3487 3254 3561 inquirimus
3303 3507 3316 3544 :
3369 3504 3501 3545 ecce
3554 3487 3649 3544 via
3706 3485 3894 3558 inqui-

2359 3580 2567 3637 renda.

2834 3654 3116 3710 Articulus
3145 3652 3424 3710 secundus.

2431 3767 2724 3835 Quantum
2771 3766 2850 3824 ad
2893 3769 3241 3840 secundum.
3295 3768 3633 3842 subjungit:
3689 3771 3891 3826 instrue

2359 3876 2469 3931 me,
2499 3860 2717 3917 scilicet
2757 3859 2818 3917 in
2855 3876 2991 3919 mea
3029 3862 3560 3935 praemeditatione,
3589 3863 3711 3921 sive
3750 3879 3894 3937 prae-

2358 3951 2609 4025 visione,
2637 3957 2704 4010 ut
2725 3953 3077 4027 provideam
3117 3955 3404 4029 proximis
3445 3957 3770 4014 secundum
3807 3956 3892 4012 in-

2358 4044 2634 4103 stinctum
2659 4046 3021 4121 prudentioe,
3060 4064 3185 4107 non
3221 4050 3704 4124 impraemeditate
3724 4093 3742 4123 ,
3768 4066 3888 4106 non

2357 4139 2715 4214 improvide.
2742 4144 2810 4199 Et
2847 4145 3023 4213 nota,
3055 4144 3223 4217 quod
3267 4143 3550 4202 Dominus
3592 4144 3887 4219 tripliciter

2356 4233 2587 4292 instruit
2603 4233 2666 4291 in
2684 4235 3209 4310 praemeditatione,
3227 4237 3501 4298 videlicet
3518 4221 3883 4310 mundative',

2355 4326 2774 4399 illuminative,
2804 4332 3268 4390 consummative
3297 4352 3316 4388 ε
3346 4350 3603 4407 quorum
3627 4335 3884 4409 primum

2357 4422 2579 4494 spectat
2612 4419 2692 4479 ad
2732 4423 3146 4482 conscientiam
3170 4444 3190 4498 3
3217 4428 3542 4486 secundum
3588 4429 3667 4487 ad
3703 4428 3885 4488 scien-

2354 4516 2544 4589 tiam3
2590 4517 2829 4577 tertium
2877 4519 2958 4577 ad
3005 4511 3437 4595 praedicationis
3489 4524 3755 4597 gratiam.
3810 4526 3884 4580 De

2354 4612 2549 4686 primo
2577 4615 2599 4649 ⁸
2631 4632 2645 4671 :
2686 4633 2712 4668 (ι
2741 4614 3027 4672 Erudiens
3056 4632 3156 4673 eos
3193 4617 3423 4675 instruit
3450 4617 3790 4692 disciplina,
3822 4623 3886 4675 ut

2357 4710 2578 4765 avertat
2611 4707 2915 4766 hominem
2955 4709 3033 4766 ab
3086 4710 3157 4767 iis
3211 4727 3343 4786 quae
3388 4711 3549 4783 fecit,
3580 4716 3636 4770 et
3682 4713 3888 4770 liberet

2356 4816 2494 4857 eum
2521 4817 2558 4858 a
2584 4802 2863 4876 superbia
2893 4822 2907 4861 ε
2939 4824 2967 4859 »
3012 4820 3145 4862 ecce
3186 4805 3485 4865 instructio
3524 4806 3880 4866 mundativa.

2354 4897 2433 4953 De
2461 4896 2721 4972 secundo
2750 4897 2961 4956 dicitur
2981 4901 3004 4934 ⁹
3032 4918 3048 4957 ε
3088 4921 3116 4954 α
3142 4900 3505 4959 Intellectum
3543 4902 3653 4959 tibi
3692 4901 3882 4973 dabo,

2356 4992 2412 5046 et
2438 4989 2722 5047 instruam
2747 4993 2802 5047 te
2836 5009 2850 5047 :
2882 5012 2911 5046 r
2945 5008 3077 5050 ecce
3122 4995 3425 5054 instructio
3471 4995 3881 5053 illuminativa.

2355 5087 2433 5142 De
2460 5085 2626 5142 tertio
2655 5085 2727 5140 ¹⁰.-
2759 5104 2787 5138 «
2815 5088 3098 5162 praepara,
3128 5094 3185 5147 et
3209 5091 3429 5148 instrue
3459 5094 3534 5163 te,
3564 5094 3621 5150 et
3649 5107 3887 5150 omnem

2353 5178 2789 5237 multitudinem
2843 5184 3007 5238 tuam
3026 5224 3046 5254 ,
3097 5199 3231 5258 quae
3286 5190 3633 5244 coacervata
3677 5190 3762 5243 est
3807 5184 3887 5253 ad

2351 5277 2406 5330 te
2437 5290 2452 5330 ε
2482 5294 2512 5330 x>
2555 5274 2725 5347 quasi
2767 5272 2961 5334 dicat:
2992 5279 3290 5352 Proepara,
3320 5282 3378 5337 et
3415 5278 3634 5338 instrue
3661 5283 3716 5337 te
3740 5295 3890 5354 prae-

2356 5399 2375 5434 ⁷
2405 5399 2540 5450 Psal.
2572 5411 2684 5462 cvr,
2726 5401 2775 5449 4.
2802 5426 2864 5438 —
2895 5401 2918 5437 ⁸
2942 5401 3062 5465 Job,
3095 5416 3290 5468 xxxm,
3322 5408 3396 5455 16.
3426 5431 3487 5442 —
3519 5406 3542 5440 ⁹
3569 5406 3702 5457 Psal.
3741 5417 3887 5469 xxxi,

2353 5473 2402 5524 8.
2425 5500 2488 5511 —
2513 5474 2553 5510 ¹⁸
2582 5470 2778 5532 Ezecli„
2807 5485 3030 5538 xxxviii,
3065 5479 3113 5526 7.
