4196 6294
1611 481 1970 549 PSALMUS
2012 483 2273 552 CXVIII.

335 621 631 696 pudorem
670 623 1054 682 confessionis
1085 643 1100 682 :
1147 639 1224 682 ne
1257 621 1480 680 scilicet
1529 634 1637 694 per
1680 618 1880 694 pudo·

334 733 463 774 rem
488 717 721 793 aliquid
745 718 1033 777 mendose
1058 719 1387 790 subticeas3
1410 714 1521 773 sed
1546 713 1612 772 in
1635 712 1880 772 veritate

334 814 580 884 peccata
628 816 729 870 tua
773 829 1186 886 recognoscas»,
1234 814 1292 870 et
1339 809 1540 883 agnita
1576 824 1682 882 per
1721 807 1880 866 salu·

338 904 509 963 brem
565 906 995 965 confessionem
1049 907 1232 964 dicaS.
1300 903 1490 964 Tertia
1539 901 1880 961 rectificatio

339 999 629 1073 figuratur
657 1005 676 1037 ¹
715 1019 731 1058 ε
771 1021 801 1054 ι
842 1004 1091 1073 statera,
1120 1001 1340 1076 inquit,
1386 998 1598 1057 dolosa
1638 1011 1762 1054 non
1796 999 1884 1054 est

341 1095 504 1153 bona
552 1112 568 1151 z
621 1111 658 1151 a
710 1096 961 1154 Domino
1013 1095 1345 1169 diriguntur
1393 1108 1624 1167 gressus
1666 1090 1801 1149 viri.
1846 1110 1878 1147 ιι

131 1194 314 1240 Foreta·
341 1190 561 1247 Statera
607 1190 786 1246 dolosa
823 1192 909 1247 est
951 1188 1144 1262 magis
1186 1189 1536 1260 forefacere,
1584 1189 1642 1245 et
1684 1185 1882 1243 minus

79 1269 219 1302 ⁰⁶²⁰·
339 1282 692 1353 satisfacere,
746 1283 869 1341 sive
923 1299 1035 1357 pro
1088 1283 1303 1357 majori
1358 1283 1535 1356 culpa
1587 1281 1882 1339 minorem

339 1394 581 1453 poenam
618 1377 885 1436 reddere.
922 1379 1049 1436 Viri
1081 1381 1279 1436 autem
1316 1376 1591 1435 dicuntur
1616 1376 1880 1434 satisfac-

342 1476 497 1531 tores
522 1471 788 1530 virtuosi.
813 1471 880 1530 lli
904 1471 1180 1531 dicuntur
1206 1489 1241 1529 α
1261 1475 1486 1528 Domino
1505 1472 1679 1542 diripi
1701 1469 1881 1544 digne

341 1566 751 1626 satisfaciendo
801 1586 816 1625 :
876 1582 1010 1625 ecce
1058 1565 1469 1650 satisfactionis
1517 1565 1878 1625 rectificatio.

340 1662 543 1738 Liquet
569 1677 713 1736 ergo
740 1662 953 1737 triplex
979 1661 1359 1721 affectionum
1383 1659 1746 1734 rectificatio,
1775 1676 1882 1720 seu

341 1757 621 1829 directio,
666 1773 849 1833 quam
879 1757 1103 1831 justitia
1136 1757 1276 1815 facit
1312 1756 1378 1814 in
1422 1756 1693 1829 ingressu
1717 1769 1829 1815 suo
1861 1774 1878 1816 ε

341 1853 502 1911 unde
550 1853 805 1927 legimus
842 1852 867 1885 ²
904 1872 919 1910 ι
983 1872 1013 1908 α
1063 1851 1291 1913 lustitia
1342 1850 1625 1926 simplicis
1681 1850 1882 1925 dirigit

340 1947 501 2007 viam
528 1948 675 2021 ejus,
704 1967 736 2004 ι

812 2099 1097 2156 Articulus
1122 2096 1399 2155 secundus.

408 2240 705 2309 Quantum
729 2236 812 2296 ad
839 2235 1199 2306 secundum,
1224 2232 1497 2292 subditur
1527 2252 1545 2290 ε
1584 2234 1703 2291 Viae
1730 2249 1880 2305 meoe,

338 2350 464 2392 non
485 2333 585 2391 via
603 2348 770 2402 mea,
807 2329 975 2405 quasi
1006 2328 1261 2388 diceret:
1289 2327 1522 2403 plurcS,
1550 2342 1676 2385 non
1711 2343 1832 2386 una
1859 2345 1876 2386 ε

337 2444 472 2487 ecce
493 2427 755 2500 viarum,
782 2442 888 2484 seu
914 2424 1295 2483 affectionum
1332 2424 1668 2481 nostrarum
1691 2421 1880 2497 pluri-

335 2523 555 2582 ficatio.
608 2525 677 2580 Et
726 2525 891 2593 nota,
948 2518 1117 2594 quod
1161 2518 1226 2576 in
1278 2532 1598 2593 progressu
1643 2516 1880 2589 ‚iustitias

335 2617 640 2692 tripliciter
700 2613 1166 2689 multiplicantur
1230 2612 1570 2672 affectiones
1625 2613 1839 2669 nostrae
1859 2653 1879 2684 ,

338 2712 611 2771 videlicet
653 2727 691 2768 a
742 2713 910 2784 parte
961 2707 1289 2783 superiori,
1332 2722 1441 2782 per
1484 2705 1881 2781 frequentiam

335 2804 861 2880 compunctionum
890 2823 909 2875 ;
962 2799 1224 2862 inferiori
1241 2844 1261 2873 ,
1329 2817 1437 2874 per
1489 2799 1880 2875 frequentiam

336 2899 901 2975 contemplationum
909 2917 928 2970 ;
978 2896 1282 2969 interiori,
1328 2911 1435 2970 per
1485 2895 1880 2970 frequentiam

336 2994 830 3054 consolationum.
859 2997 1007 3052 Nam
1038 3009 1177 3050 cum
1198 2990 1534 3065 justificatio
1568 3005 1879 3065 prospera·

339 3096 453 3162 tur,
485 3087 847 3164 frequentius
884 3087 1086 3145 anima
1128 3085 1584 3161 compungitur,
1609 3089 1876 3144 contem-

332 3187 563 3263 platur,
601 3184 981 3242 confortatur.
1022 3185 1101 3239 De
1136 3182 1333 3257 primo
1367 3181 1695 3255 figuraliter
1729 3181 1877 3239 dici-

334 3287 427 3338 tur
467 3283 490 3318 ⁸
524 3298 539 3337 :
585 3282 732 3337 Unus
764 3293 991 3350 cuneus,
1020 3276 1086 3334 id
1113 3279 1200 3334 est
1236 3275 1619 3334 affectionum
1659 3279 1874 3350 coetus,

332 3380 480 3434 venit
496 3392 598 3448 per
617 3377 783 3440 viam,
811 3372 1030 3431 scilicet
1052 3371 1522 3445 compunctionis
1544 3389 1559 3429 :
1583 3388 1680 3442 per
1705 3374 1876 3443 viam,

333 3470 580 3545 inquam
596 3510 617 3540 ,
656 3484 778 3542 quae
819 3469 1047 3540 respicit
1080 3482 1361 3538 quercum,
1402 3465 1467 3521 id
1502 3467 1616 3537 est,
1657 3464 1877 3524 vitiosi-

84 3593 294 3643 Quercus
333 3568 511 3623 tatem
552 3563 874 3622 actionum.
913 3564 1173 3631 Quercus
1210 3560 1371 3618 enim
1412 3559 1646 3633 lignum
1681 3560 1876 3619 serens

329 3657 586 3716 fructum
617 3655 814 3731 porcis
849 3656 1135 3714 duntaxat
1167 3654 1650 3727 convenientem,
1701 3655 1877 3729 signi-

331 3752 469 3811 ficat
504 3754 700 3809 actum
729 3748 1024 3808 vitiosum.
1056 3751 1135 3807 De
1161 3749 1423 3807 secundo
1451 3752 1475 3785 ⁴
1503 3768 1519 3807 ε
1559 3767 1588 3802 α
1613 3749 1783 3809 Ibant
1811 3750 1875 3809 in

333 3846 622 3925 directum
649 3861 873 3919 vaccae,
899 3865 929 3903 n
979 3846 1044 3906 id
1070 3848 1184 3918 est,
1213 3844 1553 3905 affectiones
1595 3846 1838 3905 mundae
1852 3865 1871 3919 ς

332 3957 531 4014 arcam,
559 3940 624 3999 id
651 3942 759 4013 est,
780 3939 1148 4015 spiritualem
1174 3939 1460 4011 animam,
1487 3941 1871 4013 deportantem

329 4052 430 4108 per·
477 4039 655 4108 viam,
703 4035 924 4094 scilicet
973 4034 1510 4110 contemplationis»,
1553 4053 1673 4108 quae
1723 4037 1875 4093 ducit

330 4131 665 4203 Bethsames,
699 4130 766 4189 id
800 4134 922 4204 est,
973 4131 1054 4191 ad
1099 4130 1351 4190 domum
1400 4130 1869 4191 illuminationis,

91 4205 304 4307 ωζζζξῗ
332 4228 439 4284 Per
475 4241 718 4297 vaccas,
745 4242 879 4300 quae
922 4225 1071 4283 inter
1108 4223 1389 4283 animaIIa
1417 4224 1647 4284 munda
1687 4225 1873 4299 depu-

80 4328 304 4397 denotfmt
332 4323 549 4392 tantur,
574 4320 913 4379 affectiones
928 4320 1171 4378 mundas
1190 4319 1573 4391 denotantur;
1590 4335 1701 4393 per
1722 4336 1872 4393 quas

81 4391 290 4495 ζζῑξώῴ
329 4416 594 4488 portetur
613 4428 751 4471 arca
770 4412 1028 4485 foederiS,
1047 4413 1109 4471 id
1130 4415 1235 4485 est,
1261 4412 1461 4471 anima
1476 4412 1671 4472 fidelis
1691 4412 1872 4473 foede-

115 4531 303 4574 Bethsa-
327 4511 457 4568 rata
473 4525 611 4566 cum
626 4510 746 4566 Deo
766 4506 991 4567 foedere
1010 4506 1323 4566 charitatis
1346 4507 1680 4565 Bethsames
1699 4506 1872 4567 inter-

130 4604 263 4710 tffig·
327 4605 591 4677 pretatur
640 4601 857 4660 domus
894 4600 1378 4673 illuminationis,
1425 4600 1490 4659 id
1531 4605 1616 4661 est
1657 4603 1872 4661 domus

329 4696 594 4755 coelestis.
613 4699 773 4755 'lunc
799 4695 999 4768 itaque
1026 4694 1091 4752 in
1117 4695 1406 4754 directum
1431 4696 1659 4756 vadunt
1678 4714 1872 4755 vaccae

328 4807 437 4865 per
468 4790 634 4849 viam
675 4807 809 4865 quoe
847 4789 1009 4848 ducit
1041 4790 1404 4862 BethsameS,
1447 4807 1583 4849 cum
1630 4793 1870 4851 mundae

328 4886 668 4944 affectiones
719 4884 1083 4959 spiritualem
1141 4884 1401 4944 animam
1454 4886 1831 4961 deportantes
1849 4931 1871 4961 ,

328 4981 550 5039 directe
575 4981 802 5039 vadunt
838 4995 947 5054 per
974 4979 1140 5037 viam
1166 4980 1706 5055 contemplationiS‚
1739 5002 1871 5059 quae

329 5075 495 5133 ducit
531 5074 612 5133 ad
653 5074 903 5133 domum
947 5073 1409 5134 illuminationis
1459 5080 1536 5134 De
1581 5079 1748 5138 tertio
1787 5081 1810 5116 ⁸
1851 5100 1866 5139 ε

336 5189 365 5223 α
385 5173 638 5228 Cunctus
665 5168 950 5243 populus,
969 5188 997 5224 ιι
1030 5168 1096 5226 id
1123 5172 1226 5240 est,
1247 5169 1626 5231 affectionum
1648 5176 1870 5234 exerci-

331 5269 422 5321 tus
436 5283 491 5322 :a
503 5264 817 5323 incedebat
826 5266 1030 5333 contra
1043 5262 1203 5320 viam
1221 5262 1412 5335 olivae,
1425 5285 1452 5318 ι)
1474 5266 1539 5323 id
1550 5271 1657 5340 cst,
1665 5284 1870 5328 versus

397 5389 416 5423 ¹
442 5388 607 5450 Pron„
636 5402 727 5453 xx,
750 5391 831 5441 23.
853 5416 916 5428 -
946 5390 1153 5453 meon„
1178 5401 1254 5453 xl,
1281 5393 1331 5442 5.
1349 5416 1410 5429 -
1435 5392 1458 5427 ⁸
1475 5392 1657 5456 ludia,
1685 5407 1758 5458 11,
1787 5399 1866 5447 37.

333 5486 395 5498 —
422 5459 483 5509 ⁸1
510 5460 648 5525 Κεφ,
674 5471 747 5524 vx,
771 5464 851 5513 ¹2.
873 5487 941 5530 ς·-
968 5463 989 5498 ⁸
1019 5464 1060 5514 ll
1088 5462 1226 5528 Κεφ,
1249 5475 1336 5526 xV,
1369 5465 1447 5515 23.
1479 5490 1539 5503 -
1571 5467 1593 5501 ⁸
1622 5465 1764 5531 Germ,
1786 5480 1869 5533 111,

3416 490 3533 551 325

1990 619 2250 679 laetitiam
2304 621 2692 695 spiritualem,
2748 636 2857 696 per
2909 621 3072 681 viam
3112 622 3533 683 consolationis

1988 713 2232 773 internae
2294 719 2352 773 et
2403 715 2740 790 spiritualis,
2806 715 3064 789 Populus
3125 732 3267 790 ergo
3327 721 3533 777 contra

1989 807 2153 866 viam
2197 808 2373 867 olivas
2406 810 2603 881 vadit,
2642 826 2779 868 cum
2825 809 3203 869 affectionum
3245 812 3532 870 exercitus

1989 918 2197 961 versus
2240 902 2501 962 laetitiam
2541 903 2905 979 spiritualem
2939 920 3048 980 per
3080 905 3242 964 viam
3268 906 3533 967 consola-

1989 996 2166 1058 tionis
2191 998 2479 1072 procedit.

2486 1156 2773 1214 Articulus
2818 1159 3032 1215 tertius.

2063 1287 2361 1357 Quantum
2386 1284 2465 1344 ad
2490 1284 2755 1356 tertium,
2794 1283 3076 1343 additur:
3106 1287 3201 1344 Ad
3232 1289 3533 1348 custodien-

1991 1381 2112 1438 das.
2144 1381 2310 1439 Circa
2331 1378 2500 1454 quod
2523 1379 2881 1453 notandum,
2906 1380 3069 1454 quod
3086 1382 3532 1454 ,iustificationes
3606 1393 3769 1437 smac-

1992 1475 2209 1534 divinoe
2244 1474 2547 1548 tripliciter
2590 1477 2726 1531 sunt
2765 1474 3167 1533 custodiendae
3197 1494 3213 1534 ε
3256 1478 3532 1538 videlicet
3567 1458 3763 1562 οξξζξζῗ

1992 1574 2198 1628 contra
2237 1569 2473 1627 hostem
2498 1609 2518 1640 ‚
2566 1571 2855 1641 quantum
2897 1569 2978 1627 ad
3020 1571 3289 1629 vanitatis
3327 1573 3527 1630 incur-
3594 1585 3741 1624 eusto-

1990 1682 2165 1736 sum3
2197 1668 2400 1721 contra
2427 1663 2750 1736 mundum,
2776 1667 3066 1738 quantum
3092 1666 3173 1723 ad
3198 1667 3532 1741 cupiditatis
3574 1643 3753 1761 3222?

1989 1759 2358 1831 ingressum3
2406 1761 2612 1817 contra
2658 1774 2927 1833 carnem,
2972 1764 3261 1834 quantum
3295 1761 3375 1820 ad
3418 1778 3531 1821 vo·
3559 1770 3642 1812 tor·

1986 1851 2228 1926 luptatis
2265 1851 2568 1909 insultum.
2611 1854 2690 1910 De
2726 1869 2987 1927 quorum
3012 1855 3210 1928 primo
3236 1857 3260 1891 ⁶
3290 1875 3306 1914 :
3345 1875 3375 1910 α
3401 1857 3534 1918 Col-

1988 1947 2211 2006 locavit
2237 1949 2388 2004 Deus
2426 1950 2561 2006 ante
2587 1947 2937 2022 paradisum
2962 1949 3283 2024 voluptatis
3312 1950 3531 2011 Cheru·

1989 2043 2117 2103 him
2144 2086 2165 2116 ,
2194 2063 2226 2100 r
2250 2041 2316 2100 id
2344 2045 2432 2100 est
2461 2086 2480 2115 ,
2509 2041 2899 2100 sinceritatem
2944 2042 3378 2119 intelligentiae3
3416 2064 3446 2100 (ι
3478 2051 3535 2105 et

1988 2138 2339 2196 flammeum
2363 2136 2663 2210 gladium,
2683 2139 2861 2211 atque
2883 2137 3249 2210 versatilem,
3271 2160 3301 2196 ι)
3331 2140 3397 2198 id
3424 2145 3531 2212 est,

1987 2231 2355 2291 severitatem
2387 2231 2666 2290 custodiae
2678 2250 2698 2304 3
2737 2250 2766 2285 α
2788 2232 2869 2289 ad
2896 2232 3345 2292 custodiendam
3372 2236 3531 2296 viam

1989 2325 2137 2399 ligni
2161 2325 2296 2383 vitoe
2309 2368 2330 2398 ,
2359 2345 2388 2380 ι»
2420 2324 2487 2382 id
2508 2328 2621 2398 est,
2659 2325 2921 2384 studium
2962 2327 3299 2401 sapientiae,
3326 2335 3533 2391 contra

1989 2420 2294 2479 incursum
2319 2435 2490 2478 vanoe
2517 2419 2744 2493 gloriae.
2774 2422 2881 2478 Per
2927 2421 3190 2479 studium
3230 2439 3489 2501 namque
3508 2471 3529 2499 ,

1991 2520 2277 2592 tanquam
2311 2532 2420 2591 per
2444 2517 2606 2575 viam
2622 2559 2640 2590 ,
2666 2517 3007 2591 pervenitur
3033 2518 3112 2575 ad
3139 2520 3527 2597 sapientiam3

1988 2627 2097 2686 per
2136 2610 2367 2683 lignum
2407 2613 2608 2692 autem
2646 2610 2811 2682 vitae,
2839 2611 3129 2686 sapientia
3170 2613 3527 2690 designatur,

1989 2706 2321 2766 secundum
2358 2706 2526 2790 illam
2553 2707 2841 2782 Sapientis
2867 2708 3256 2768 sententiam⁷
3286 2729 3301 2768 :
3340 2731 3369 2766 «
3399 2713 3530 2787 Lig-

1988 2816 2138 2859 num
2179 2801 2315 2859 vitae
2358 2805 2470 2872 est,
2513 2820 2542 2857 »
2584 2801 2805 2859 scilicet
2852 2801 3141 2876 sapientia
3168 2846 3190 2875 ,
3236 2821 3266 2858 α
3309 2804 3380 2862 iis
3426 2810 3530 2881 qui

1989 2896 2490 2971 apprehenderint
2517 2913 2682 2957 eam:
2709 2901 2768 2955 et
2807 2899 2912 2972 qui
2951 2901 3199 2958 tenuerit
3227 2917 3361 2959 eam
3386 2904 3529 2963 bea-

1987 2993 2100 3049 tuS.
2127 3012 2157 3046 ι)
2191 2994 2269 3050 De
2316 2992 2578 3050 secundo
2601 2993 2624 3028 ⁸
2656 3011 2671 3051 z
2709 3009 2737 3046 α
2772 2991 2900 3050 Dixi
2940 2993 3185 3064 LevitiS,
3226 3015 3254 3050 >2
3302 2995 3365 3053 id
3402 3002 3488 3055 cst
3509 3042 3530 3070 ,

1987 3084 2297 3142 affectibus
2341 3085 2492 3144 bene
2522 3085 2838 3159 ordinatis,
2878 3105 2907 3140 ε(
2929 3091 2993 3144 ut
3018 3088 3466 3165 mundarentur,
3495 3115 3523 3149 »

1986 3181 2263 3240 sciliceta
2294 3181 2655 3255 quotidianis
2679 3182 3068 3240 immunditiis
3089 3200 3198 3258 per
3223 3185 3528 3245 lavacrum

1986 3275 2416 3350 confessionis3
2481 3293 2510 3329 α
2561 3280 2620 3334 et
2667 3277 2937 3335 venirent
2978 3278 3060 3335 ad
3110 3280 3528 3339 custodiendas

1983 3373 2188 3444 portas
2227 3369 2502 3444 civitatiS,
2530 3392 2560 3428 »
2593 3370 2660 3429 id
2695 3376 2813 3445 est,
2841 3389 3046 3431 sensus
3089 3374 3391 3434 exterioris
3417 3375 3526 3434 ho-

1969 3465 2162 3522 ·minis
2216 3469 2422 3523 contra
2483 3466 2817 3539 ingressum
2871 3466 3222 3541 cupiditatis.
3281 3472 3361 3526 Dc
3413 3472 3527 3527 ter-

1987 3560 2068 3620 tio
2097 3561 2122 3596 ⁹
2151 3579 2168 3618 :
2205 3578 2236 3615 ct
2261 3559 2517 3634 Reliquit
2553 3576 2661 3620 rex
2690 3560 2898 3619 decem
2924 3561 3202 3621 mulieres
3245 3563 3526 3622 concubi-

1986 3671 2095 3714 nas
2107 3698 2130 3729 ,
2154 3675 2184 3710 ι)
2232 3654 2299 3713 id
2344 3659 2458 3728 est,
2485 3654 2823 3714 affectiones
2865 3655 3218 3731 depurgatas
3254 3657 3362 3732 (a),
3396 3678 3426 3713 α
3453 3660 3524 3717 ad

1987 3749 2441 3809 custodiendam
2487 3748 2736 3808 domum
2755 3793 2773 3822 ,
2803 3769 2833 3805 >2
2864 3750 3084 3809 scilicet
3118 3752 3521 3827 conscientiae,

1984 3850 2192 3904 contra
2227 3844 2514 3928 insultum
2540 3844 3044 3919 concupiscentiae.
3077 3849 3180 3903 Per
3209 3847 3522 3906 denarium

1981 3956 2303 4001 numerum
2344 3939 2607 4012 intellige
2653 3939 3007 4011 decalogum
3035 3959 3054 4011 ;
3100 3957 3209 4015 per
3246 3941 3523 4001 mulieres

1983 4035 2348 4095 concubinas
2403 4033 2648 4095 denario
2699 4038 3065 4097 mensuratas
3107 4078 3127 4109 ,
3185 4036 3523 4098 affectiones

1981 4133 2281 4206 purgatas.

2470 4274 2755 4331 Articulus
2792 4279 3037 4346 quartus.

2054 4424 2350 4492 Quantum
2389 4420 2468 4480 ad
2496 4423 2805 4495 quartum,
2830 4422 3177 4496 superaddit
3205 4440 3222 4482 ε
3250 4426 3521 4498 sustinea-

1983 4519 2157 4575 tiones
2180 4521 2320 4573 tuas.
2348 4514 2796 4575 Justificationes
2841 4516 2962 4573 istoe
3009 4522 3144 4576 sunt
3185 4518 3521 4594 tripartitae,

1981 4612 2185 4685 utpote
2227 4625 2351 4668 non
2395 4608 2637 4667 desertae
2657 4650 2677 4681 ,
2702 4616 3112 4685 praesumptae,
3154 4612 3380 4671 ablatae.
3413 4615 3521 4672 De·

1982 4708 2161 4767 sertio
2202 4707 2456 4781 pertinet
2501 4706 2581 4764 ad
2627 4706 3086 4779 negligentiam3
3136 4711 3516 4784 praesumptio

1983 4801 2065 4860 ad
2090 4801 2532 4873 arrogantiam;
2563 4799 2784 4858 ablatio
2821 4800 2901 4858 ad
2928 4801 3288 4873 injustitiam.
3328 4804 3522 4863 Prima

1976 4894 2315 4969 justificatio
2344 4897 2579 4953 notatur
2596 4894 2638 4929 ¹⁰
2672 4894 3218 4953 :usustificationem
3246 4913 3465 4971 meam,
3483 4923 3513 4957 ι»

1979 4990 2045 5048 id
2072 4992 2189 5060 est,
2223 4988 2656 5062 justificationis
2702 4989 2984 5063 gratiam,
3017 5007 3200 5064 quam
3245 4994 3398 5067 coepi
3443 4999 3519 5053 te·

1980 5102 2122 5144 nere
2171 5101 2277 5159 per
2325 5084 2722 5157 diligentiam,
2771 5105 2799 5139 «
2852 5101 2969 5144 non
2994 5086 3305 5160 deseram,
3340 5110 3369 5144 »
3412 5107 3520 5163 per

1980 5178 2420 5253 negligentiam.
2441 5180 2711 5238 Secunda
2736 5182 2993 5253 tangitur
3014 5180 3048 5213 ¹¹
3070 5199 3123 5237 2«
3141 5184 3339 5255 Neque
3361 5184 3517 5242 enim

1981 5317 2062 5366 25.
2090 5341 2154 5353 —
2195 5316 2218 5351 Ἰ
2254 5316 2422 5373 Ρνου.,
2466 5326 2550 5378 111,
2590 5317 2668 5366 18.
2700 5341 2763 5354 -·-
2805 5316 2828 5351 ⁸
2870 5317 2913 5367 11
2953 5315 3128 5381 Esdr„
3172 5330 3305 5381 xiix,
3344 5321 3423 5369 22.
3458 5346 3519 5357 —

1981 5388 2000 5417 ⁹
2024 5388 2067 5438 li
2097 5387 2239 5452 Rea,
2264 5398 2357 5451 ιν,
2393 5389 2536 5437 ¹G.—
2569 5388 2607 5423 ¹0
2631 5386 2925 5454 Job,1xv11‚
2952 5392 3061 5441 6.-
3097 5394 3128 5420 ¹¹
3156 5389 3305 5451 Dan„
3338 5403 3409 5455 lx,
3441 5393 3514 5442 ¹8.

2045 5472 2117 5536 (a)
2145 5473 2268 5524 Caet.
2289 5472 2409 5523 edit.
2440 5472 2721 5536 deputatas·
