4196 6294
1599 423 1962 492 PSALMUS
2006 422 2268 489 CXVIII.

340 570 457 632 mei
480 571 542 629 in
571 567 921 629 contritione
961 566 1098 625 filiae
1133 564 1345 641 populi
1373 562 1493 622 mei
1527 581 1541 620 ε
1570 561 1886 620 venatione

340 667 620 740 ceperunt
645 679 761 734 me,
797 660 968 736 quasi
996 676 1169 718 avem
1196 657 1418 716 inimici
1446 657 1565 715 mei
1592 653 1792 730 gratie.
1813 672 1827 710 ε
1852 673 1880 707 n

339 775 474 819 ecce
495 757 652 818 oculi
674 757 1077 831 lacrymarum
1103 752 1403 812 deductivi
1416 793 1438 824 ,
1460 754 1703 827 propter
1732 763 1886 807 mor-

337 853 481 914 talia
511 850 776 912 animam
804 847 1183 925 captivantia.

848 1009 1123 1066 Articulus
1162 1009 1379 1064 tertius.

410 1135 704 1211 Rapinam
746 1133 1081 1203 annotavit,
1112 1148 1249 1190 cum
1288 1129 1522 1189 addidit
1553 1148 1567 1186 :
1601 1129 1745 1197 Quia
1780 1144 1887 1185 non

341 1231 740 1299 αιεεοάἰεηιπες
771 1243 840 1286 ac
870 1227 920 1284 si
949 1227 1211 1284 diceret:
1245 1228 1555 1299 Propterea
1581 1223 1889 1282 solverunt

343 1325 662 1386 emendam
707 1321 866 1381 oculi
902 1320 1162 1380 hominis
1213 1318 1515 1378 exterioris
1527 1359 1548 1389 ,
1576 1316 1719 1392 quia
1763 1329 1888 1373 non

344 1418 746 1479 custodierunt
785 1417 950 1475 bona
984 1414 1247 1474 hominis
1274 1412 1597 1485 interioris,
1621 1411 1888 1469 introdu-

345 1513 535 1573 cendo
581 1514 882 1587 raptorem
910 1552 930 1581 ,
973 1509 1194 1567 scilicet
1229 1507 1500 1583 spiritum
1545 1505 1760 1564 erroris
1783 1524 1802 1578 ;
1834 1507 1890 1562 et

343 1608 425 1666 ita
476 1607 642 1666 bona
690 1604 986 1684 naturalia
1040 1603 1118 1661 ad
1174 1600 1482 1660 hominem
1536 1599 1889 1658 exteriorem

344 1700 694 1776 pertinentia
732 1699 1028 1773 lacrymas
1070 1696 1483 1765 deduxerunt,
1513 1692 1654 1767 quia
1693 1696 1890 1750 custo-

349 1795 475 1854 dire
501 1794 664 1854 bona
691 1791 944 1851 moralia
970 1790 1051 1849 ad
1088 1789 1396 1847 hominem
1433 1786 1770 1845 interiorem
1799 1787 1888 1842 at-

348 1888 588 1949 tinentia
631 1886 1037 1960 neglexerunt.
1084 1886 1151 1942 Et
1177 1886 1320 1941 nota
1343 1924 1362 1953 ‚
1406 1881 1572 1956 quod
1615 1877 1892 1938 nonnulli

349 1986 485 2042 sunt
514 2024 537 2055 ,
577 1980 682 2057 qui
726 1978 958 2039 Domini
1002 1977 1289 2038 mandata
1332 1991 1457 2035 non
1503 1973 1889 2043 custodiunt,

350 2076 493 2150 quia
538 2074 848 2146 nesciunt,
878 2074 1023 2148 quia
1062 2070 1413 2146 negligunt,
1453 2069 1599 2145 quia
1638 2067 1889 2140 nolunt3

349 2170 496 2227 sicut
533 2169 849 2227 mendaces
869 2210 888 2239 ,
925 2168 1075 2225 sicut
1117 2164 1351 2223 desides
1366 2206 1385 2235 ,
1416 2163 1566 2220 sicut
1592 2165 1895 2220 contuma-

352 2278 465 2321 ces.
497 2265 574 2320 De
603 2262 799 2335 primo
830 2262 846 2294 ¹
875 2280 890 2318 ε
928 2279 957 2314 α
981 2259 1091 2330 Qui
1120 2258 1262 2316 dicit
1286 2274 1348 2316 se
1376 2273 1551 2315 nosse
1581 2258 1767 2313 Deum
1791 2296 1810 2325 ‚
1836 2256 1893 2312 et

353 2355 631 2414 mandata
680 2356 808 2429 ejus
861 2370 985 2413 non
1041 2351 1336 2422 custodit,
1380 2350 1641 2408 mendax
1696 2350 1782 2407 est
1813 2366 1827 2404 z
1857 2368 1887 2401 n

351 2466 485 2509 ecce
539 2465 662 2507 non
706 2449 977 2508 custodia
1019 2447 1350 2506 nescientis
1398 2449 1476 2504 De
1532 2443 1795 2503 secundo
1821 2440 1888 2499 ²:

358 2563 386 2598 α
438 2546 628 2613 Quare
682 2559 807 2604 non
859 2541 1161 2601 custodisti
1224 2540 1538 2598 dominum
1586 2541 1755 2596 tuum
1807 2551 1894 2596 re-

353 2640 532 2711 gem?
550 2661 578 2692 »ι
600 2654 734 2696 ecce
761 2653 887 2696 non
917 2635 1187 2694 custodia
1212 2632 1563 2707 negligentis
1580 2673 1601 2702 ,
1628 2647 1733 2689 seu
1761 2630 1896 2689 dor-

352 2733 603 2790 mientis.
629 2735 707 2790 De
749 2732 919 2790 tertio
952 2730 1115 2801 ,dixit
1140 2729 1423 2788 Dominus
1453 2727 1534 2786 ad
1558 2730 1796 2800 Moysen
1822 2727 1843 2761 ⁸
1875 2744 1890 2782 ε

357 2845 387 2879 «
416 2828 733 2901 Usquequo
761 2840 887 2883 non
912 2824 1089 2882 vultis
1109 2823 1404 2881 custodire
1427 2821 1710 2879 mandata
1736 2835 1891 2892 mea,

354 2924 411 2977 et
454 2919 648 2994 legem
691 2936 890 2979 meam
908 2921 938 2977 Ἰ
961 2940 989 2974 n
1024 2933 1158 2976 ecce
1189 2932 1312 2975 non
1340 2915 1610 2973 custodia
1637 2929 1760 2973 non
1785 2928 1894 2972 vo-

350 3014 553 3086 lentis,
574 3014 795 3073 scilicet
818 3012 1029 3089 populi
1057 3010 1439 3070 contumacis

847 3173 1128 3230 Articulus
1156 3177 1403 3244 quartu&

424 3303 583 3358 Bona
636 3297 890 3356 moralia
942 3296 1283 3354 subnotavit
1318 3338 1336 3367 ,
1390 3312 1527 3353 cum
1579 3295 1847 3354 subdidit
1874 3315 1893 3365 ς

353 3397 541 3466 Leqem
568 3399 717 3450 tuam
737 3434 757 3463 ,
786 3394 1076 3466 quantum
1116 3389 1196 3447 ad
1242 3389 1534 3447 moralem
1571 3389 1895 3447 observan-

352 3488 515 3543 tiam.
544 3490 611 3543 Et
634 3489 810 3556 nota,
839 3483 1007 3558 quod
1043 3482 1168 3540 haec
1209 3486 1298 3540 est
1335 3483 1435 3540 lex
1460 3485 1726 3540 materna
1746 3525 1765 3554 ,
1795 3482 1893 3540 lex

353 3581 619 3652 interna,
648 3580 747 3638 lex
772 3582 989 3637 aeterna
1008 3597 1026 3650 ;
1056 3582 1299 3652 propter
1341 3576 1661 3634 Ecclesiam
1703 3576 1894 3651 impe·

349 3679 609 3746 mntem,
640 3676 883 3749 propter
910 3671 1161 3745 gratiam
1205 3670 1656 3729 inviscerantem
1673 3713 1693 3743 ,
1716 3686 1895 3745 prop-

352 3772 436 3826 ter
478 3768 733 3843 gloriam
776 3770 1271 3826 remunerantem.
1312 3769 1391 3824 De
1426 3767 1623 3841 primo
1650 3770 1672 3803 ⁸
1703 3784 1719 3823 ε
1754 3785 1782 3820 α
1811 3770 1892 3826 Ne

352 3862 609 3922 dimittas
634 3862 826 3936 legem
853 3861 1056 3920 matris
1088 3866 1197 3920 tuoe
1226 3878 1241 3919 ε
1271 3882 1299 3917 »
1332 3877 1468 3919 ecce
1496 3860 1595 3918 lex
1621 3866 1891 3920 materna

350 3962 590 4032 propter
616 3957 934 4017 Ecclesiam
962 3957 1373 4032 imperantem.
1403 3958 1484 4013 De
1512 3954 1777 4014 secundo
1808 3954 1892 4013 di·

353 4052 431 4109 cit
455 4051 740 4111 Dominus
766 4052 787 4087 ⁸
818 4070 833 4109 ε
871 4071 900 4105 ιι
926 4051 1088 4109 Dabo
1117 4050 1316 4124 legem
1343 4065 1542 4109 meam
1568 4049 1632 4107 in
1658 4049 1893 4108 visceri-

352 4149 465 4207 bus
492 4166 699 4208 eorum
728 4168 744 4207 :
774 4169 802 4202 n
835 4164 969 4207 ecce
998 4148 1098 4207 lex
1119 4147 1351 4205 interna
1374 4148 1619 4221 propter
1645 4145 1894 4218 gratiam

353 4241 820 4303 inviscerantem.
855 4246 931 4300 De
959 4241 1130 4300 tertio
1157 4242 1179 4276 ⁶
1209 4258 1225 4298 ε
1261 4260 1290 4295 α
1317 4239 1419 4298 Hic
1459 4240 1611 4298 liber
1639 4239 1891 4298 manda-

352 4337 549 4394 torum
577 4336 716 4411 Dei,
748 4340 804 4395 et
830 4336 929 4394 lex
957 4352 1091 4409 quae
1129 4337 1214 4392 est
1247 4333 1311 4391 in
1339 4337 1621 4392 oeternum
1652 4351 1665 4390 :
1696 4353 1725 4388 n
1758 4349 1893 4391 ecce

352 4428 448 4487 lex
472 4433 688 4489 aeterna
707 4434 950 4505 propter
974 4427 1228 4503 gloriam
1253 4430 1747 4486 remunerantem.

992 4592 1254 4660 Epilogus.

424 4720 696 4792 Loquens
742 4730 879 4789 ergo
924 4715 1216 4790 Propheta
1241 4756 1264 4788 ,
1312 4716 1597 4788 tanquam
1638 4727 1895 4788 persona

355 4811 518 4887 prius
559 4809 929 4886 compedita,
963 4809 1353 4884 postmodum
1397 4807 1676 4882 expedita
1698 4849 1718 4880 ,
1745 4807 1894 4864 inte-

356 4907 477 4965 rius
504 4905 797 4976 absoluta,
818 4901 1107 4978 quoniam
1128 4903 1378 4961 exterius
1408 4901 1686 4973 resoluta,
1717 4900 1890 4959 dicit:

354 5004 553 5058 Battus
578 5016 843 5073 aquarum
858 5041 879 5071 ,
909 5000 1199 5072 quantum
1229 4996 1309 5054 ad
1338 4995 1654 5055 emendam
1679 4994 1896 5054 factam

355 5110 463 5168 per
505 5093 775 5168 spiritum
821 5091 1127 5162 moeroris;
1173 5090 1523 5148 Dedit-‘cerunt
1562 5092 1710 5147 oculi
1753 5092 1894 5161 mei,

358 5192 645 5261 quantum
673 5187 753 5245 ad
777 5186 944 5245 bona
966 5184 1262 5244 naturalia
1284 5184 1546 5242 hominis
1568 5182 1895 5255 exterioris;

425 5315 437 5343 ¹
474 5315 490 5363 Ι
526 5316 688 5372 loon..
725 5326 799 5377 11,
834 5316 882 5365 4.
910 5339 974 5350 —·-
1009 5312 1028 5342 ²
1055 5313 1077 5362 1
1109 5312 1248 5375 Περ..
1280 5320 1429 5373 xxvi,
1463 5313 1540 5373 15.
1570 5336 1635 5347 —
1663 5310 1681 5341 ³
1708 5307 1896 5374 Exod„

361 5395 469 5449 xvi,
495 5388 573 5436 28.
602 5411 664 5424 -
700 5386 719 5415 ⁴
759 5390 924 5445 Pron„
959 5396 999 5448 1,
1040 5386 1089 5434 8.
1117 5409 1176 5422 -
1216 5382 1239 5418 ⁸
1279 5381 1479 5445 lev-em„
1525 5394 1677 5447 xxxi,
1718 5384 1797 5433 33.
1833 5407 1898 5421 —

3424 437 3543 500 ⁴93

1996 559 2141 628 Quia
2193 575 2300 616 non
2349 559 2717 618 mstodicmnt
2734 603 2757 635 ,
2803 564 3101 637 quantum
3142 565 3222 623 ad
3268 567 3542 643 rapinam

1990 651 2209 711 factam
2237 669 2348 727 per
2369 652 2639 728 spiritum
2662 654 2906 730 erroris3
2928 659 3120 729 Leqem
3148 663 3327 730 tuam,
3355 677 3542 737 quan-

1991 748 2122 805 tum
2154 746 2234 806 ad
2260 746 2425 807 bona
2451 747 2706 808 moralia
2729 749 2991 810 hominis
3015 752 3328 814 interioria.

2541 972 2879 1020 vmlcums
2916 977 2998 1020 11.

2068 1128 2190 1184 137.
2220 1130 2409 1187 Justus
2438 1145 2525 1201 es,
2553 1134 2810 1205 Domine,
2852 1138 2959 1192 ete.
3018 1135 3355 1195 Praecedens
3383 1138 3545 1196 octo-

1971 1221 2195 1302 'narius
2224 1221 2549 1297 disputavit
2587 1225 2663 1282 de
2702 1225 2904 1286 divina
2937 1228 3256 1303 sapientia3
3287 1246 3546 1305 proesens

1994 1314 2332 1374 octonarius
2378 1316 2704 1392 disputabit
2750 1318 2826 1379 de
2877 1320 3081 1381 divina
3118 1323 3362 1396 justitia.
3399 1328 3548 1385 Nam

1995 1407 2071 1466 de
2120 1408 2344 1480 justitia
2397 1410 2744 1485 dispositiva
2798 1414 3062 1475 differret
3132 1417 3549 1491 quaternarius

1992 1501 2161 1577 prior
2174 1521 2194 1573 3
2228 1503 2304 1561 de
2342 1503 2567 1577 justitia
2609 1506 2954 1581 diffinitiva,
2981 1510 3294 1584 posterior.
3324 1510 3549 1569 Iustitia
3599 1533 3786 1578 suffia.

1993 1612 2139 1654 vero
2168 1595 2518 1670 dispositiva
2544 1605 2802 1675 quatuor
2835 1602 3017 1662 habet
3041 1603 3198 1662 filias
3227 1621 3243 1661 :
3271 1603 3548 1663 videlieet
3572 1596 3784 1702 gam}-

1994 1689 2450 1765 prohibitivam,
2493 1694 2911 1769 praeeeptivam
2946 1737 2967 1767 ,
3020 1697 3504 1757 comminativam
3522 1740 3545 1772 ,
3572 1722 3662 1767 ue.

1994 1784 2416 1857 promissivam
2452 1828 2473 1858 ,
2528 1788 2776 1846 totidem
2843 1790 3112 1850 versibus
3177 1792 3545 1866 conjugatas.

1997 1877 2360 1937 Prohibitiva
2399 1879 2625 1952 justitia
2652 1923 2674 1951 ,
2727 1881 2924 1956 primo
2979 1885 3177 1943 versui
3229 1885 3543 1961 copulata»,

1997 1971 2277 2046 prohibet
2303 1989 2480 2032 omne
2506 1974 2711 2034 vitium
2740 1992 2851 2050 per
2875 1979 3250 2054 quadruplex
3275 1980 3548 2055 prohibi-

1997 2064 2218 2124 torium
2255 2085 2269 2123 ε
2298 2083 2408 2142 per
2441 2072 2777 2142 externum,
2804 2086 2912 2145 per
2937 2087 3263 2147 supernum
3280 2115 3302 2145 ,
3326 2090 3437 2149 per
3461 2074 3550 2132 in-

1996 2160 2236 2218 ternum
2265 2202 2286 2234 ,
2328 2178 2438 2236 per
2481 2161 2817 2237 infernum3
2869 2165 3093 2225 scilicet
3137 2183 3248 2243 per
3281 2167 3505 2239 ,iustum
3527 2212 3548 2242 ,

1997 2267 2107 2326 per
2157 2253 2492 2312 dominium
2524 2298 2544 2329 ,
2589 2272 2696 2331 per
2748 2261 2980 2316 rectum
3016 2301 3037 2332 ,
3082 2275 3190 2333 per
3228 2260 3545 2333 jndicium.

2001 2346 2220 2414 Quaeris
2262 2348 2440 2423 quale
2463 2350 2492 2406 ἵ
2528 2366 2637 2424 per
2669 2350 2894 2423 justum
2935 2352 3126 2427 legale
3146 2395 3166 2426 ,
3205 2370 3313 2428 per
3357 2355 3550 2413 domi-

1999 2441 2170 2497 nium
2209 2442 2406 2514 regale
2431 2485 2452 2515 ,
2483 2459 2590 2518 per
2629 2448 2854 2503 rectum
2893 2447 3211 2521 rationale,
3241 2465 3349 2523 per
3381 2448 3545 2521 judi-

2002 2533 2162 2592 cium
2188 2536 2538 2607 gehennale.

2513 2692 2796 2752 Articulus
2822 2698 3050 2768 primus.

2072 2820 2300 2877 Justum
2325 2819 2517 2893 legale
2539 2823 2845 2896 proditur,
2868 2841 3008 2883 cum
3027 2825 3299 2901 psallitur
3322 2846 3337 2885 ε
3360 2831 3549 2887 Justus

2004 2928 2089 2984 es,
2122 2914 2263 2989 quia
2301 2915 2455 2987 Justa
2484 2916 2662 2988 jubes
2679 2937 2698 2989 3
2726 2919 2912 2990 ,iustas
2946 2920 3155 2978 condis
3189 2921 3350 2995 leges
3360 2964 3383 2994 ,
3410 2938 3541 2980 om-

2002 3019 2144 3064 nem
2165 3007 2510 3081 injustitiam
2535 3010 2936 3084 prohibentes.
2969 3017 3034 3072 Et
3068 3016 3211 3072 nota
3238 3015 3313 3073 de
3341 3015 3546 3074 divina

1998 3101 2254 3175 justitia,
2283 3102 2452 3179 quod
2491 3101 2705 3178 legitur
2749 3105 3072 3181 tripartita:
3117 3107 3339 3168 scilicet
3381 3125 3545 3169 erec-

2004 3198 2144 3266 tiva,
2177 3198 2465 3270 effectiva,
2492 3200 2840 3272 neglectiva.
2872 3201 3068 3260 Prima
3094 3203 3308 3262 dicitur
3327 3204 3550 3278 justitia

2002 3292 2346 3360 sancientis3
2393 3295 2684 3367 secunda,
2732 3295 2958 3367 justitia
3008 3296 3303 3371 facientis3
3350 3300 3545 3373 tertia,

1998 3384 2222 3458 justitia
2238 3386 2530 3461 patientis.
2554 3392 2634 3446 De
2653 3388 2913 3463 prima⁷:
2953 3410 2981 3443 α
3007 3394 3131 3448 Rex
3150 3391 3340 3464 justus
3365 3393 3549 3466 eriget

2002 3484 2256 3538 terram:
2290 3502 2318 3536 »
2351 3498 2485 3541 ecce
2515 3483 2740 3555 Justitia
2783 3484 3052 3544 erectiva.
3082 3487 3161 3543 De
3197 3486 3461 3544 secunda
3485 3487 3543 3544 ⁸:

2011 3592 2039 3627 α
2070 3576 2266 3633 Iustus
2303 3592 2366 3633 es
2411 3576 2476 3634 in
2515 3576 2822 3651 omnibus,
2869 3595 3004 3654 quoe
3045 3579 3232 3638 fecisti
3270 3581 3483 3640 nobis:
3514 3602 3543 3636 n

2004 3683 2139 3725 ecce
2163 3668 2388 3741 Justitia
2416 3670 2700 3729 effectiva.
2733 3673 2813 3729 De
2841 3672 3009 3731 tertia
3033 3673 3083 3732 ⁹:
3110 3695 3139 3727 «
3166 3671 3277 3743 Qui
3304 3674 3552 3748 negligit

2005 3763 2295 3823 damnum
2333 3768 2576 3842 propter
2624 3767 2913 3840 amicum,
2950 3769 3142 3841 justus
3179 3773 3308 3828 est:
3347 3791 3376 3824 n
3415 3786 3549 3829 ecce

1994 3858 2221 3931 ,iustitia
2245 3859 2590 3933 neglectiva.

2484 4024 2764 4083 Articulus
2789 4025 3074 4086 secundus,

2074 4146 2415 4206 Dominium
2468 4148 2668 4223 regale
2719 4151 3034 4225 promitur,
3089 4169 3227 4212 cum
3276 4155 3545 4215 canitur:

2003 4241 2249 4298 Domine.
2270 4244 2480 4315 Magna
2503 4244 2766 4317 profecto
2784 4246 3065 4305 vitiorum
3090 4253 3177 4307 est
3199 4250 3546 4324 prohibitio,

2003 4332 2163 4393 illius
2192 4335 2424 4394 Domini
2451 4338 2867 4413 consideratio,
2889 4342 3057 4414 quus
3075 4344 3278 4403 omnia
3295 4345 3550 4405 subster-

2003 4432 2225 4488 nuntur
2252 4429 2540 4489 dominio.
2571 4433 2638 4490 Et
2662 4434 2997 4493 notandum
3022 4436 3179 4496 circa
3202 4438 3549 4512 praedictum

2006 4521 2377 4596 dominium,
2405 4525 2574 4600 quod
2601 4530 2686 4586 est
2698 4569 2719 4601 ,
2748 4529 3079 4588 secundum
3114 4532 3419 4607 Scripturas
3442 4538 3551 4592 tes-

2003 4615 2343 4691 timonium,
2364 4618 2569 4678 omnia
2585 4624 2818 4696 potens,
2834 4623 3037 4682 omnia
3053 4623 3549 4700 circumspiciens,

2004 4709 2239 4784 omnia,
2275 4727 2408 4787 quae
2449 4712 2607 4785 vult,
2641 4713 2880 4774 faciens.
2911 4718 3280 4792 Quapropter
3318 4734 3546 4796 omnes,

2004 4807 2062 4861 et
2085 4804 2306 4878 singuli
2327 4811 2463 4864 sunt
2489 4806 2765 4867 substrati
2802 4810 2928 4882 eJ’us
2949 4812 3257 4885 potentioe,
3285 4814 3412 4887 eJus
3436 4831 3547 4877 no-

2004 4898 2162 4970 titiae,
2190 4898 2317 4970 eJus
2342 4899 2652 4959 voluntati.
2685 4903 2763 4960 De
2794 4903 2990 4976 primo
3019 4905 3088 4963 ¹⁰:
3108 4924 3139 4960 α
3162 4907 3547 4982 Respondens

2004 4994 2116 5052 Job
2145 4993 2393 5053 Domino
2420 4993 2604 5054 dixit:
2642 4997 2806 5070 Scio,
2850 4999 2996 5073 quia
3030 5002 3258 5066 omnia.
3275 5008 3481 5079 potes:
3511 5027 3542 5063 ι

2005 5102 2142 5145 ecce
2171 5086 2455 5146 Dominus
2498 5089 2703 5149 omnia
2741 5094 2972 5166 potem.
3013 5098 3095 5154 De
3148 5098 3413 5158 seeundo
3449 5103 3493 5139 ¹¹
3526 5118 3544 5159 ε

2012 5197 2042 5234 α
2086 5179 2254 5239 Oculi
2301 5181 2534 5241 Domini
2583 5184 2773 5245 multo
2821 5186 2960 5261 plus
3005 5188 3326 5252 lucidiores
3369 5210 3549 5270 super

2006 5307 2029 5342 ⁸
2052 5307 2197 5363 Bar..
2231 5319 2302 5373 w,
2334 5312 2380 5359 1.
2401 5335 2464 5348 —
2495 5310 2510 5341 ⁷
2540 5310 2711 5377 Pron„
2734 5324 2881 5377 mx,
2906 5315 2952 5365 ὅ.
2974 5339 3036 5353 ·-
3060 5315 3251 5381 ⁸Dan.,
3278 5330 3361 5382 111,
3386 5322 3466 5372 27.
3483 5346 3547 5360 «-

2006 5378 2030 5413 ⁹
2051 5378 2220 5442 Prov„
2237 5391 2337 5445 111,
2362 5383 2442 5433 26.
2464 5407 2522 5421 —
2549 5383 2704 5446 '‘Job,
2730 5395 2861 5451 xm,
2879 5388 2929 5438 2.
2948 5412 3012 5426 -
3034 5391 3072 5427 ¹¹
3091 5389 3273 5455 Eucti„
3291 5403 3446 5458 mu,
3463 5395 3544 5446 28.
