4196 6294
125 2606 334 2662 Scriptu-

107 2683 162 2714 ra
200 2681 335 2714 sam

105 2733 263 2789 panis.

1643 503 2005 572 PSALMUS
2047 505 2201 571 XLI.

330 652 423 718 dit
451 673 469 718 t
499 652 576 719 in
602 664 728 734 quo
754 646 1035 729 speravi,
1065 642 1236 708 unde
1252 639 1487 706 dicitur
1501 640 1520 676 ¹
1549 661 1564 704 z
1603 663 1634 702 «ι
1661 639 1869 704 Facia-

332 778 480 826 mus
505 759 566 825 ei
591 753 984 841 adjutorium
1005 751 1213 816 simile
1235 750 1378 815 sibi.
1408 773 1439 809 υ

411 867 719 952 Sequitur
743 884 761 930 ε
796 862 922 938 Qui
949 858 1170 927 edebat
1190 873 1394 942 panes
1420 872 1610 924 meos.
1633 857 1719 922 De
1738 858 1876 942 qui-

333 976 459 1042 hus
483 975 717 1041 dicitur
736 974 800 1036 ἐ
831 993 863 1031 α
888 969 1173 1035 Fuenmt
1199 967 1360 1031 mihi
1385 965 1687 1049 lacrymae
1712 982 1875 1029 meae

336 1096 534 1161 panes
558 1079 661 1145 die
701 1096 777 1142 ac
817 1080 1023 1145 nocte.
1059 1098 1090 1136 υ
1135 1074 1212 1139 Et
1247 1073 1400 1138 alibi
1423 1077 1446 1114 ⁸
1479 1095 1495 1137 ε
1536 1097 1568 1136 α
1593 1072 1874 1155 Surgite,

338 1191 678 1271 postquam
717 1183 1029 1265 sederitis,
1068 1182 1182 1267 qui
1221 1182 1622 1247 manducatis
1649 1199 1881 1264 panem

339 1294 602 1361 doloris.
630 1314 661 1353 n
696 1291 960 1371 Quando
987 1289 1133 1374 quis
1162 1308 1279 1372 pro
1306 1290 1578 1373 peccatis
1602 1289 1792 1368 dolet,
1821 1293 1886 1355 et

339 1407 558 1468 tamen
583 1401 872 1467 nondum
898 1417 974 1465 ea
998 1398 1251 1482 plorare
1276 1400 1504 1481 potest,
1533 1402 1686 1462 tunc
1710 1397 1885 1462 solus

342 1511 480 1594 ipse
517 1527 752 1593 panem
777 1507 1014 1574 doloris
1052 1505 1345 1573 comedit.
1385 1505 1676 1582 Quand0‚
1716 1504 1887 1589 quod

344 1620 541 1685 homo
577 1619 750 1685 dolet
788 1617 1053 1683 interior
1068 1664 1087 1695 ,
1128 1615 1405 1682 exterior
1431 1614 1642 1694 deflet,
1680 1631 1887 1679 unum

347 1744 579 1809 panem
605 1724 969 1805 comedunt,
996 1723 1170 1789 unde
1198 1725 1320 1788 hoc
1349 1745 1365 1786 t
1402 1724 1525 1797 Qui
1545 1722 1765 1790 edebat
1776 1738 1892 1805 pa-

348 1850 463 1902 nes
487 1848 679 1902 meos.
709 1831 980 1897 Interior
1006 1834 1224 1896 autem
1250 1831 1444 1895 homo
1480 1830 1894 1913 conqueritur

350 1941 430 2007 de
456 1941 787 2019 exteriori3
818 1940 971 2024 quia
994 1943 1332 2022 postquam
1358 1937 1654 2002 exhihuit
1689 1936 1750 2001 ei
1777 1955 1891 2019 pa-

354 2067 526 2128 nem,
550 2052 891 2133 postquam
916 2062 1116 2130 panes
1142 2045 1378 2110 doloris
1402 2063 1551 2109 cum
1580 2062 1655 2109 eo
1683 2062 1896 2109 come-

352 2156 466 2235 dit,
502 2158 724 2221 contra
766 2173 836 2219 se
878 2154 1195 2236 insperate
1239 2150 1592 2233 consurgit,
1634 2150 1848 2215 dicens
1877 2172 1892 2213 ε

356 2262 1115 2345 Maqnificavitsuperme
1126 2260 1729 2343 supplantationem.
1747 2257 1900 2323 lnde

359 2368 567 2451 magis
583 2369 888 2452 peccavit,
905 2369 1055 2453 quia
1074 2372 1214 2451 post
1227 2384 1447 2450 pacem
1470 2367 1722 2446 factam,
1751 2384 1901 2431 eum

359 2476 810 2558 supplantavit.
867 2476 991 2550 Qui
1028 2474 1247 2542 edebat
1291 2489 1513 2557 panes.
1558 2473 1668 2538 Est
1719 2473 1903 2555 panis

358 2598 539 2645 sacra
566 2582 915 2665 Scriptura.
958 2580 1120 2648 Nam
1166 2581 1350 2665 panis
1379 2581 1450 2645 in
1492 2580 1766 2660 olibam,
1809 2585 1905 2644 est

359 2707 572 2755 sermo
595 2691 665 2753 in
694 2690 962 2754 historia
989 2690 1269 2769 abditus3
1314 2689 1383 2753 in
1420 2689 1763 2772 sartagine,
1807 2690 1906 2753 est

360 2816 571 2864 sermo
595 2798 856 2864 moralis
883 2798 1204 2876 decoctus3
1231 2798 1299 2861 in
1325 2797 1647 2872 craticula,
1688 2815 1902 2862 sermo

363 2906 671 2990 mysticus
696 2909 761 2972 et
784 2905 1188 2987 allegoricus.
1221 2904 1384 2970 Nam
1412 2905 1481 2969 in
1508 2905 1787 2972 Levitico
1816 2903 1904 2968 di-

367 3014 534 3078 citur
558 3015 582 3049 ·
612 3035 630 3079 2
672 3037 703 3076 a
727 3013 868 3079 Fiat
891 3012 1125 3079 oblatio
1148 3012 1228 3077 de
1253 3009 1418 3096 pane
1444 3013 1512 3076 in
1539 3011 1808 3091 clibano,
1834 3012 1903 3075 in

363 3121 714 3204 sartagine,
758 3121 829 3186 in
868 3119 1190 3186 craticula.
1221 3141 1251 3180 n
1291 3116 1456 3185 Nam
1483 3136 1660 3184 sacra
1688 3118 1902 3202 Scrip-

365 3234 512 3294 tura
537 3230 857 3309 historice,
886 3230 1232 3307 moranter,
1257 3232 1323 3294 et
1348 3228 1690 3310 allegorice
1716 3245 1906 3310 expo-

273 3335 286 3348 '
365 3340 560 3405 nitur.
597 3337 676 3403 Et
713 3338 876 3403 sicut
900 3337 1059 3403 illud
1102 3336 1276 3420 quod
1314 3339 1410 3401 est
1453 3335 1521 3400 in
1550 3335 1900 3417 sartagine,

365 3446 580 3529 magis
621 3448 905 3528 apparet,
935 3462 1133 3528 quam
1168 3442 1340 3527 quod
1369 3446 1463 3507 est
1501 3441 1570 3506 in
1616 3442 1866 3506 clibano
1882 3464 1899 3519 ;

366 3558 430 3618 et
454 3552 626 3637 quod
662 3556 760 3618 est
780 3552 853 3615 in
889 3549 1214 3630 craticula,
1246 3550 1481 3631 magis,
1513 3568 1708 3633 quam
1734 3550 1906 3632 quod

366 3665 464 3727 est
486 3661 556 3726 in
570 3664 874 3743 utroque3
896 3658 986 3723 ita
1002 3656 1343 3740 allegorica
1362 3657 1672 3741 expositio
1691 3655 1906 3738 magis

366 3772 628 3852 apparet
645 3771 939 3851 utraque,
968 3768 1033 3830 et
1063 3763 1323 3829 moralis
1350 3764 1563 3846 magis
1589 3783 1785 3848 quam
1810 3764 1908 3828 lit-

110 3901 346 3947 σικυω-
367 3875 607 3941 teralis.
636 3874 829 3941 Panis
855 3877 951 3938 est
982 3871 1291 3950 Christus,
1322 3870 1557 3937 scilicet
1583 3872 1769 3955 panis
1799 3872 1906 3938 vi-

95 3965 270 4022 panis.

369 4001 516 4063 vuS,
545 3982 716 4048 unde
739 3981 863 4046 hoc
889 3981 911 4016 ⁸
943 4001 960 4045 t
1002 4000 1034 4042 α
1062 3978 1179 4044 Hic
1205 3983 1300 4044 est
1329 3979 1514 4062 panis
1547 3978 1760 4059 vivuS,
1794 3981 1908 4063 qui

368 4093 450 4159 de
465 4092 624 4158 coelo
651 4089 993 4157 descendit.
1022 4108 1054 4149 t
1088 4087 1205 4152 Hic
1231 4088 1412 4170 panis
1438 4087 1511 4153 in
1534 4090 1720 4153 utero
1755 4086 1906 4154 vir-

372 4201 545 4282 ginis
587 4200 896 4264 t'ormatus
917 4246 936 4278 ,
1000 4194 1072 4260 in
1107 4213 1231 4261 ,ara
1272 4195 1477 4260 crucis
1521 4200 1734 4260 coctus
1750 4245 1766 4277 ,
1826 4194 1907 4261 ad

370 4326 659 4375 mensam
684 4305 901 4371 altaris
926 4302 1300 4371 sumendus.
1332 4301 1443 4366 Est
1460 4302 1643 4385 panis
1669 4320 1903 4386 propo-

368 4417 554 4492 situs,
579 4412 811 4479 scilicet
835 4410 1103 4496 apostoli
1130 4431 1146 4473 ε
1177 4428 1331 4475 nam
1356 4407 1691 4473 duodecim
1710 4426 1908 4492 panes

368 4520 815 4608 propositionis
833 4519 1196 4602 significant
1219 4516 1552 4582 duodecim
1570 4516 1906 4599 apostolos.

369 4632 535 4696 Nam
562 4630 730 4696 sicut
755 4626 1015 4694 illorum
1055 4643 1297 4709 panum
1340 4624 1502 4702 loco,
1544 4623 1610 4688 id
1636 4627 1734 4688 est
1761 4625 1905 4688 sab-

371 4739 543 4818 bato,
571 4736 681 4802 alii
721 4733 1297 4811 substituebantur;
1345 4732 1435 4796 ita
1461 4728 1758 4814 apostolis
1801 4731 1910 4795 alii

370 4846 828 4922 successerunt,
856 4841 1027 4906 unde
1051 4841 1175 4906 hoc
1188 4839 1211 4875 ⁶
1233 4858 1250 4904 ε
1281 4862 1312 4901 α
1330 4838 1454 4904 Pro
1473 4837 1766 4922 patribus
1782 4838 1911 4903 tuis

372 4953 506 5018 nati
532 4955 683 5018 sunt
714 4949 838 5015 tibi
883 4947 1026 5013 filii.
1055 4969 1086 5008 n
1137 4947 1250 5013 Est
1291 4947 1474 5030 panis
1518 4945 1908 5026 refectorius»,

373 5061 612 5125 scilicet
634 5059 963 5141 lacrymae,
981 5054 1154 5121 unde
1171 5055 1293 5122 hoc
1309 5056 1331 5092 ⁷
1359 5076 1376 5118 ε
1400 5078 1432 5116 α
1445 5052 1736 5120 Fuerunt
1753 5053 1913 5118 mihi

372 5167 677 5252 lacrymae
701 5183 867 5232 meae
883 5181 1082 5248 panes
1098 5162 1201 5227 die
1227 5180 1301 5226 ac
1325 5164 1531 5241 nocte,
1549 5184 1581 5221 n
1609 5179 1756 5245 quae
1783 5161 1915 5226 ani-

377 5293 553 5341 mam
578 5273 893 5342 reficiunt.
925 5271 1038 5338 Est
1075 5268 1259 5354 panis
1288 5268 1717 5353 quotidianus,
1747 5268 1913 5333 scili-

448 5439 467 5475 ¹
491 5440 636 5504 Gen„
661 5452 723 5503 11,
753 5441 832 5491 ¹8.
851 5463 913 5477 -
938 5437 963 5473 ⁸
984 5434 1126 5487 Psal.
1155 5446 1267 5497 Συ,
1297 5436 1343 5486 4.
1364 5420 1424 5473 2-
1455 5433 1478 5470 ⁸
1502 5434 1638 5486 Psal.
1663 5444 1841 5497 cxxw,
1869 5436 1915 5482 2.

378 5536 442 5551 —
472 5511 496 5547 ⁸
527 5512 706 5572 lavit..
738 5522 832 5574 vu,
859 5513 910 5565 9.
936 5535 999 5549 -
1025 5509 1043 5540 ⁵
1070 5510 1234 5569 loon„
1263 5517 1339 5571 νι,
1367 5508 1446 5559 59.
1474 5530 1537 5544 --
1561 5507 1584 5542 ⁸
1609 5504 1748 5557 Psat.
1780 5515 1918 5567 xmv,

620 5618 770 5667 τοι.
813 5617 905 5665 rx.

3408 515 3527 580 209

1977 645 2076 705 cet
2107 642 2401 724 charitaS,
2443 643 2613 708 unde
2639 644 2761 708 hoc
2787 649 2853 707 ⁸:
2895 666 2925 703 α
2949 644 3187 711 Panem
3225 652 3516 713 nostrum

1978 748 2420 831 quotidianum
2466 750 2548 814 da
2589 750 2772 813 nohis
2818 750 3029 816 hodie.
3074 775 3104 813 ι»
3154 752 3317 818 Nam
3357 755 3522 820 sicut
3565 752 3772 830 0¹¹⁸¹J³2⁸⁸

1981 856 2163 938 panis
2189 874 2338 921 cum
2383 857 2560 922 omni
2596 857 2740 922 cibo
2782 858 3082 940 sumitur,
3121 860 3212 926 ita
3246 861 3519 927 charitas

1984 980 2135 1026 cum
2151 964 2328 1027 omni
2345 982 2536 1048 opere
2554 965 2739 1029 debet
2752 982 2909 1030 esse.
2933 964 3095 1030 Nam
3112 967 3278 1033 sicut
3301 987 3524 1034 mensa

1985 1069 2171 1153 inops
2199 1071 2458 1137 estsine
2485 1090 2670 1155 pane,
2701 1072 2790 1136 ita
2820 1089 2980 1155 opus
3007 1073 3194 1158 inops
3221 1075 3357 1141 sine
3382 1077 3526 1141 cha-

1987 1179 2196 1244 ritate.
2226 1179 2387 1245 Nota
2418 1203 2434 1245 :
2465 1182 2696 1245 dicitur
2730 1201 2768 1246 a
2793 1187 2925 1262 πᾶν,
2957 1182 3130 1265 quod
3170 1189 3265 1248 est
3297 1189 3529 1267 totum,

1989 1287 2145 1370 quia
2170 1306 2321 1352 cum
2347 1289 2524 1354 omni
2560 1288 2700 1353 cibo
2745 1290 3028 1372 ponitur.
3062 1289 3173 1355 Est
3200 1293 3383 1374 panis
3410 1312 3533 1360 vo-

1990 1393 2204 1459 luntas
2230 1394 2363 1475 Dei,
2387 1395 2560 1461 unde
2585 1396 2708 1460 hoc
2731 1395 2754 1430 ⁹
2787 1415 2804 1460 ε
2847 1420 2878 1457 α
2904 1395 3081 1461 Meus
3108 1397 3288 1462 cibus
3315 1404 3431 1481 est,
3465 1405 3535 1465 ut

1992 1501 2219 1566 faciam
2246 1502 2641 1568 voluntatem
2674 1500 2877 1567 Patris
2901 1503 3052 1568 mei.
3082 1527 3113 1564 n
3247 1513 3258 1524 ·

2296 1721 2698 1819 PSLAMI'JS
2743 1751 3018 1822 DAvm
3062 1755 3234 1826 xm.

2081 1943 2144 2000 2.
2214 1938 2752 2040 Quemadmodum
2808 1942 3129 2012 desiderat
3180 1963 3402 2014 cervus
3456 1949 3547 2014 ad

2003 2045 2215 2125 fontes
2243 2062 2579 2128 aquarum.
2603 2047 2887 2112 Ostendit
2906 2068 3189 2131 causam,
3220 2071 3421 2136 quare
3447 2057 3548 2121 de-

2005 2154 2153 2217 beat
2193 2155 2511 2235 exaudiri,
2559 2155 2795 2221 scillcet
2823 2177 2940 2240 pro
2985 2161 3336 2243 quantitate
3382 2165 3550 2228 desi-

2006 2256 2189 2340 derii,
2220 2261 2390 2326 unde
2422 2287 2435 2325 :
2475 2263 3015 2336 Quemadmodum
3044 2267 3392 2338 desiderat.
3427 2273 3551 2339 Pro

2007 2368 2316 2433 desiderio
2337 2369 2648 2451 interiori,
2678 2373 2851 2437 uude
2885 2374 2969 2456 (v.
3004 2375 3059 2458 3)
3092 2398 3106 2440 :
3138 2378 3376 2448 sitivit
3401 2385 3556 2448 ani-

2009 2491 2139 2541 ma.
2159 2474 2282 2540 Pro
2298 2493 2489 2559 poena
2502 2479 2827 2560 exteriori,
2850 2482 3020 2546 unde
3035 2483 3159 2547 hoc
3179 2486 3261 2568 (v.
3282 2491 3376 2566 4):
3401 2489 3556 2557 Fue-

2010 2590 2169 2651 runt
2194 2585 2359 2651 mihi
2397 2585 2697 2668 lacrymae
2724 2603 2897 2654 meoe.
2941 2586 3102 2653 Nota
3135 2591 3323 2656 etiam
3362 2595 3433 2659 in
3458 2593 3556 2661 la-

2010 2692 2249 2775 crymis
2271 2691 2773 2774 delectationem,
2804 2694 2975 2759 unde
3000 2696 3301 2764 dicuntur
3315 2718 3557 2787 panes;

2011 2798 2083 2863 in
2118 2799 2219 2862 his
2249 2801 2808 2882 perseverantiam,
2841 2803 3012 2867 unde
3040 2826 3055 2867 ε
3105 2805 3219 2873 Die
3246 2825 3321 2874 ac
3348 2819 3551 2881 nocte.

2010 2903 2199 2971 Nota:
2226 2907 2637 2988 desiderium,
2666 2909 2803 2973 sive
2824 2910 3148 2993 cogitatiO,
3174 2915 3311 2981 sive
3338 2919 3557 2985 anima

2011 3013 2186 3077 estin
2208 3014 2468 3079 cerebro
2485 3014 2837 3080 secundum
2861 3017 3187 3101 physicos;
3206 3027 3559 3111 secundum

2011 3120 2367 3204 theologos,
2400 3125 2495 3188 est
2525 3122 2594 3187 in
2622 3123 2809 3189 corde
2835 3126 3045 3191 :unde
3064 3128 3357 3213 dicimuS,
3388 3136 3561 3219 quod

2011 3231 2114 3294 vis
2140 3232 2506 3298 inveniendi
2527 3236 2624 3297 est
2647 3231 2716 3298 in
2742 3236 2950 3315 corde,
2981 3238 3138 3302 etin
3165 3243 3459 3309 cerebro:
3491 3245 3560 3309 in

2013 3339 2222 3414 corde,
2256 3338 2609 3404 secundum
2640 3342 3005 3423 materiam3
3038 3344 3106 3408 in
3143 3350 3423 3428 cerehr0‚
3454 3371 3559 3417 se-

2012 3446 2298 3510 cundum
2326 3446 2623 3509 formam.
2656 3445 2817 3511 Nam
2844 3468 2885 3513 a
2911 3451 3097 3516 corde
3123 3454 3300 3536 quid,
3330 3475 3370 3519 a
3386 3476 3558 3523 cere-

2012 3551 2132 3616 bro
2163 3552 2351 3635 quale
2380 3551 2813 3636 inveniamus,
2844 3557 3175 3624 habemus.
3209 3561 3386 3628 Unde
3413 3566 3562 3630 dici·

2013 3662 2121 3723 tur
2144 3659 2264 3738 viS‚
2293 3659 2654 3741 ingenium,
2683 3663 2919 3728 similia
2944 3684 3026 3730 ex
3053 3667 3374 3735 similibus
3402 3692 3557 3756 pro-

2014 3783 2258 3830 creans.
2286 3764 2646 3850 Similitudo
2667 3773 2883 3835 autem
2901 3774 3111 3837 omnis
3133 3775 3361 3858 forma,
3388 3784 3559 3847 unde

3580 831 3638 875 p·

3640 830 3728 862 ul!-

2013 3871 2246 3937 dicitur
2279 3894 2295 3935 ε
2334 3894 2365 3933 α
2386 3872 2453 3937 Si
2496 3874 2731 3939 videris
2756 3876 3028 3959 longum
3063 3883 3411 3965 sapientem
3427 3936 3444 3968 ,
3479 3888 3561 3954 da
3622 3889 3799 3936 nictum

3586 3956 3643 4000 de
3660 3957 3799 4000 homi-

2017 3977 2294 4058 gloriam
2320 3979 2448 4044 Deo
2472 4001 2536 4043 :n
2555 3982 2709 4064 quia
2736 3983 2805 4047 in
2823 4002 2899 4050 eo
2925 4004 3034 4051 cor
3058 3996 3383 4060 remotum
3401 4003 3497 4063 est
3520 4019 3561 4065 a
3589 4028 3645 4061 ne
3663 4018 3797 4074 10:130

1973 4151 1979 4157 .
2016 4087 2299 4167 cerebro,
2326 4092 2391 4153 et
2416 4090 2751 4154 cerebrum
2778 4110 2907 4157 non
2938 4100 3143 4178 potest
3182 4099 3420 4170 habere
3446 4108 3556 4171 ad-

2017 4192 2403 4260 miniculum
2442 4214 2483 4259 a
2507 4198 2714 4277 corde,
2744 4203 2827 4263 et
2863 4219 2900 4265 e
2942 4220 3280 4290 converso;
3329 4217 3393 4277 et
3418 4214 3562 4281 ideo

2017 4300 2323 4380 cogitatio
2335 4300 2405 4365 in
2421 4301 2617 4384 longo
2636 4306 2758 4368 erit
2774 4307 2911 4372 sine
2924 4309 3131 4377 forma
3143 4323 3463 4399 quantum
3480 4323 3562 4388 ad

2017 4408 2375 4487 cerebrum,
2395 4408 2500 4474 vel
2526 4410 2663 4475 sine
2690 4416 2959 4480 materia
2985 4427 3302 4502 quantum
3325 4427 3404 4492 ad
3428 4447 3557 4495 cor.

2102 4517 2161 4577 5.
2193 4514 2343 4580 Hoec
2388 4517 2759 4587 recordatus
2804 4538 2969 4605 sum,
3019 4535 3080 4596 et
3104 4529 3311 4614 effudi
3352 4536 3427 4601 in.
3468 4552 3564 4605 me

2019 4623 2310 4688 animam
2335 4639 2563 4690 meam.
2587 4626 2698 4691 Est
2719 4628 3101 4699 dilatationis
3117 4638 3367 4721 effusio,
3394 4645 3564 4710 unde

2018 4729 2144 4794 hoc
2171 4730 2254 4795 ¹⁰:
2282 4754 2314 4791 «
2340 4731 2566 4797 Oleum
2594 4735 2870 4801 effusum
2899 4758 3135 4807 nomen
3161 4748 3372 4813 tuum.
3394 4773 3425 4810 υ
3455 4750 3567 4819 Est

2020 4836 2247 4903 effusio
2288 4841 2694 4907 exultationis
2710 4892 2728 4924 ,
2778 4850 2946 4912 unde
2985 4850 3173 4917 hoc¹¹
3207 4883 3224 4918 ε
3275 4880 3307 4917 «
3336 4858 3568 4926 Anima

2022 4964 2169 5011 mea
2194 4947 2530 5031 liquefacta
2564 4954 2681 5016 est.
2716 4975 2746 5013 ι)
2783 4954 2893 5019 Est
2921 4958 3145 5031 effusio
3173 4949 3570 5036 maledictio-

2023 5054 2145 5133 nis,
2192 5055 2365 5120 unde
2391 5056 2462 5121 in
2501 5058 2726 5127 Genesi
2752 5060 2830 5126 de
2876 5062 3099 5132 Ruben
3128 5070 3171 5107 ¹¹
3201 5090 3219 5135 ε
3253 5094 3284 5133 α
3311 5074 3569 5144 Effusus

2024 5164 2144 5238 est,
2173 5161 2335 5226 sicut
2353 5180 2543 5245 aqua.

2107 5274 2169 5333 5.
2220 5270 2300 5334 In
2348 5286 2495 5338 voce
2543 5273 2967 5344 exultationis
3019 5286 3078 5348 et
3124 5287 3566 5367 consessionis.

2035 5433 2185 5482 Π.--
2210 5431 2234 5468 '¹
2252 5431 2391 5483 Psal.
2415 5445 2522 5498 xm,
2545 5436 2676 5485 4.-
2699 5433 2722 5469 ⁸
2745 5435 2880 5499 Luc„
2904 5451 2982 5500 11,
3012 5443 3138 5492 3.—
3160 5449 3181 5477 ⁹
3205 5447 3370 5516 Joan„
3399 5465 3467 5515 ιν,
3491 5410 3569 5506 304.

2031 5527 2093 5539 ..
2124 5504 2164 5537 ¹⁶
2194 5504 2361 5568 Cant„
2384 5516 2422 5568 1,
2455 5512 2499 5556 l.
2530 5532 2590 5543 —
2616 5508 2648 5536 ¹¹
2681 5507 2849 5573 Cant„
2879 5522 2929 5574 v,
2955 5515 3003 5562 6.
3025 5540 3086 5553 -
3117 5518 3158 5553 ¹²
3184 5518 3326 5584 Gen„
3355 5535 3496 5587 xmx,
3524 5529 3570 5576 4.

3262 5617 3339 5675 14
