4196 6294
1758 388 2014 456 CAPUT
2059 390 2106 453 1.

343 525 502 591 Item
522 526 591 590 in
614 525 883 592 Psalmis
901 526 1132 591 dicitur
1157 527 1173 562 ¹
1208 543 1272 588 :n
1297 523 1609 590 Patientia
1632 543 1876 608 paupe·

342 651 491 698 rum
529 652 661 698 non
702 633 933 716 peribit
976 633 1045 696 in
1087 634 1284 697 finem
1315 651 1335 696 ε
1363 654 1394 693 1>
1431 650 1593 714 ergo
1639 632 1878 715 aliquid

338 743 549 808 babet.
613 743 769 808 Item
826 743 1130 808 Salomon
1181 750 1205 784 ¹
1255 765 1271 807 ε
1326 766 1358 805 α
1403 742 1523 819 Qui
1580 745 1880 826 operatur

340 857 577 917 terram
605 870 815 930 suam,
847 852 1181 916 satiabitur
1221 852 1494 935 panibus
1536 875 1552 914 ι
1587 869 1748 933 ergo
1774 852 1882 914 bo-

338 978 500 1024 num
524 963 620 1024 est
647 959 891 1042 operari
936 964 999 1023 et
1037 959 1348 1022 laborare.
1397 957 1764 1040 Respondeo
1790 957 1880 1022 di-

339 1067 612 1132 cendum
628 1114 648 1146 ‚
711 1066 874 1131 sicut
917 1066 1068 1131 dicit
1114 1064 1310 1147 Hugo
1341 1088 1356 1130 ε
1395 1089 1427 1126 α
1453 1065 1761 1130 Facienda
1786 1068 1882 1129 est

101 971 284 1017 Salutio.

338 1175 438 1240 vis
463 1175 533 1238 in
557 1175 699 1253 hoc,
731 1174 902 1257 quod
926 1174 1120 1238 dicit:
1158 1173 1291 1253 Qui
1316 1172 1560 1241 laborat
1574 1173 1690 1239 sub
1717 1173 1876 1248 sole3

337 1282 510 1347 idem
536 1283 709 1346 enim
739 1286 854 1358 est,
883 1300 958 1346 ac
982 1283 1035 1344 si
1067 1282 1322 1362 diceret,
1355 1283 1474 1347 sub
1503 1286 1810 1365 tempore.
1841 1302 1873 1340 n

343 1389 609 1474 Propter
626 1392 796 1474 quod
815 1391 1187 1469 notandum,
1208 1391 1378 1473 quod
1401 1390 1698 1473 quaedam
1711 1391 1882 1455 fiunt

341 1517 493 1563 cum
519 1504 826 1582 tempore,
856 1503 931 1563 ut
974 1498 1114 1578 illa,
1163 1516 1442 1582 quorum
1484 1502 1698 1564 ortum
1748 1516 1881 1562 non

340 1609 663 1690 praecessit
707 1611 983 1690 tempuS‚
1035 1607 1201 1671 sicut
1245 1607 1537 1687 angelica
1563 1610 1793 1671 natura
1817 1609 1884 1696 'et

342 1716 607 1778 materia
631 1714 841 1796 prima
869 1735 886 1777 ε
914 1712 1212 1797 quaedam
1239 1713 1403 1778 fiunt
1449 1714 1517 1776 in
1563 1718 1877 1797 tempore,

340 1840 489 1904 quae
517 1821 913 1902 incoeperunt
957 1824 1097 1902 post
1141 1821 1445 1902 temporis
1491 1824 1706 1885 ortum
1723 1869 1742 1899 ,
1773 1823 1880 1887 sed

338 1929 411 1991 in
443 1932 746 2011 tempore
769 1946 900 1991 non
942 1927 1182 1992 habent
1223 1945 1538 2008 occasum,
1570 1933 1640 1991 ut
1667 1928 1882 1993 anima

333 2035 548 2114 Petri3
612 2036 910 2117 quaedam
962 2036 1131 2099 fiunt
1187 2035 1255 2098 in
1307 2039 1591 2117 tempore
1649 2040 1713 2100 et
1759 2037 1882 2100 sub

326 2147 654 2226 tempore,
717 2161 864 2226 quae
919 2146 1064 2226 post
1115 2148 1330 2206 ortum
1407 2143 1712 2226 temporis
1777 2144 1877 2206 in-

195 2289 203 2300 ·
334 2250 602 2330 choant,
634 2250 793 2316 etin
833 2255 1120 2332 tempore
1166 2251 1622 2330 terminantur,
1673 2252 1882 2332 cujus-

340 2358 515 2422 modi
542 2361 693 2422 sunt
719 2358 1073 2422 mutabilia.
1107 2358 1186 2423 Et
1210 2358 1361 2422 talia
1386 2362 1537 2422 sunt
1556 2357 1829 2440 duplicia
1860 2381 1875 2424 z

336 2465 638 2549 quaedam
667 2465 841 2529 enim
862 2466 1027 2529 flunt
1052 2484 1168 2548 pro
1193 2470 1482 2549 tempore
1508 2470 1571 2530 et
1595 2466 1715 2530 sub
1729 2470 1882 2530 tem-

334 2591 486 2657 puS,
521 2577 582 2636 et
606 2572 759 2636 talia
788 2576 1119 2637 transeunt
1160 2574 1369 2638 fructu
1396 2577 1460 2637 et
1487 2576 1663 2651 actu;
1712 2582 1896 2656 quae-¹

333 2680 494 2744 dam
519 2697 635 2761 pro
658 2679 1031 2759 aeternitate,
1063 2683 1126 2743 et
1169 2680 1319 2743 talia
1357 2684 1687 2744 transeunt
1711 2685 1878 2761 actu,

332 2787 454 2852 sed
472 2790 732 2851 manent
748 2787 956 2851 radice
974 2790 1037 2850 et
1053 2787 1285 2866 fructu,
1313 2787 1464 2868 quia
1484 2790 1699 2851 manet
1715 2789 1883 2852 bona

330 2894 640 2961 voluutas
687 2894 757 2957 in
809 2899 1121 2957 aeternum
1169 2895 1660 2959 remuneranda.
1721 2893 1881 2959 Cum

329 3002 548 3085 igitur
574 3002 744 3078 dicit,
769 3002 939 3085 quod
967 3018 1097 3067 non
1119 3002 1301 3070 habet
1331 3003 1514 3070 homo
1538 3006 1678 3070 nisi
1702 3005 1885 3070 vam·-

324 3113 553 3188 tatem,
589 3109 667 3176 de
695 3111 995 3178 universo
1049 3109 1257 3178 labore
1306 3128 1429 3195 quo
1476 3111 1720 3180 laborat
1766 3112 1882 3179 sub

326 3219 489 3298 sole,
520 3218 901 3300 intelligitur
947 3220 1298 3283 secundum
1343 3219 1516 3302 quod
1559 3220 1739 3285 labor
1786 3224 1883 3284 est

328 3328 461 3393 sub
487 3330 771 3408 tempore
816 3332 1129 3409 quantum
1176 3327 1257 3391 ad
1301 3331 1515 3391 actum
1558 3332 1623 3392 et
1670 3329 1880 3393 inteu-

329 3436 605 3513 tionem,
635 3437 697 3498 et
723 3438 878 3498 tunc
905 3452 1035 3497 non
1065 3435 1257 3498 habet
1298 3435 1506 3500 locum
1556 3436 1621 3499 in
1670 3437 1877 3500 bonis,

399 3543 582 3607 Item
608 3540 924 3623 quaeritur
949 3542 1027 3606 de
1057 3542 1214 3619 boc,
1257 3543 1428 3625 quod
1454 3544 1654 3608 dicit:
1693 3544 1885 3611 Terra

87 3692 161 3733 D„
163 3688 279 3731 hm.
327 3655 413 3719 in
441 3654 754 3715 oeternum
781 3654 930 3715 stat.
965 3649 1273 3714 Contra':
1309 3674 1340 3712 (ι
1370 3650 1614 3716 Coelum
1632 3656 1694 3716 et
1715 3657 1884 3716 terra

135 3752 216 3795 ¹³⁰·
325 3756 752 3824 transibunt:
788 3777 818 3815 ι)
855 3773 1017 3836 ergo
1044 3775 1174 3820 non
1213 3761 1336 3821 stat
1368 3763 1558 3823 terra.
1593 3758 1750 3824 Item
1796 3760 1819 3794 ⁴
1862 3782 1876 3797 ·

335 3859 542 3926 «Vidi
579 3859 810 3924 coelum
851 3877 1097 3925 novum
1139 3864 1202 3924 et
1243 3864 1480 3926 terram
1524 3882 1813 3929 novam.
1843 3885 1874 3924 n

70 4004 274 4049 somno.
321 3986 502 4051 ergo
540 3970 711 4031 terra
745 3966 1181 4033 inveteraturz
1214 3986 1344 4033 non
1385 3987 1542 4051 ergo
1568 3975 1712 4035 stat.
1757 3970 1881 4036 Re-

319 4073 622 4160 spondeo
667 4074 1002 4139 dicendum
1022 4123 1040 4153 ,
1079 4076 1253 4158 quod
1295 4080 1530 4141 terram
1576 4083 1741 4143 stare
1788 4084 1884 4144 est

316 4181 697 4265 dupliciter,
745 4181 850 4247 vel
893 4186 1207 4266 quantum
1250 4182 1329 4247 ad
1373 4185 1656 4264 figuram
1677 4233 1695 4261 ‚
1745 4186 1882 4250 sive

313 4289 838 4373 dispositionem,
859 4290 962 4356 vel
982 4295 1299 4373 quantum
1323 4290 1403 4355 ad
1425 4292 1872 4356 substantiam:

313 4399 477 4465 dico
496 4444 516 4476 ,
552 4397 724 4479 quod
753 4402 923 4463 terra
955 4403 1078 4463 stat
1104 4398 1175 4461 in
1214 4388 1530 4462 {eternum
1566 4404 1879 4480 quantum

304 4510 400 4577 ad
452 4505 918 4587 substantiam3
962 4508 1071 4571 sed
1107 4507 1389 4589 praeterit
1445 4510 1759 4589 quantum
1800 4509 1882 4573 ad

304 4622 625 4701 figuram
648 4614 670 4650 ⁸
696 4636 711 4678 z
750 4638 781 4676 α
799 4614 1088 4680 Praeterit
1109 4616 1328 4697 figura
1348 4615 1547 4697 hujus
1565 4615 1814 4679 mundi.
1839 4638 1871 4677 n

304 4727 452 4795 Sed
504 4723 803 4788 homines
847 4729 1238 4805 generantur
1275 4726 1339 4789 et
1382 4726 1882 4806 corrumpuntur

302 4835 654 4923 quantum
681 4831 763 4896 ad
794 4830 1254 4912 substantiam,
1286 4836 1359 4897 ut
1386 4850 1520 4896 non
1543 4831 1875 4912 homineS,

68 4984 233 5025 ΕΜ..
300 4946 429 5013 sed
459 4939 716 5009 mortui
737 4940 966 5004 merito
989 4939 1406 5024 appellentur.
1424 4934 1539 5005 Vel
1562 4942 1879 5005 aeternum

91 5055 215 5087 '³⁰¹¹’
300 5051 569 5120 dicitur
599 5046 1070 5131 multipliciter3
1113 5065 1248 5114 uno
1275 5048 1497 5127 modo,
1546 5048 1718 5131 quod
1745 5066 1880 5113 non

21 5103 270 5215 πᾶἒ·
298 5160 523 5227 habet
550 5155 795 5222 finem·
779 5174 849 5219 ιιι
892 5154 1221 5239 Scriptura
1263 5154 1743 5238 praescriptum,
1786 5154 1878 5219 sic

52 5231 230 5281 ”um
295 5266 467 5333 data
505 5260 638 5325 fuit
679 5260 828 5325 filiis
867 5258 1059 5325 Israel
1102 5262 1276 5325 terra
1317 5258 1752 5342 promissionis
1806 5259 1875 5324 in

372 5396 394 5429 ¹
443 5386 602 5441 Psal.
647 5399 730 5451 rx,
770 5390 849 5438 19.
890 5412 953 5427 --
983 5387 1007 5423 ¹
1037 5386 1204 5451 Prov„
1244 5397 1352 5450 ιιι,
1391 5388 1466 5438 11.
1511 5410 1567 5425 -—
1611 5386 1630 5416 ⁸
1674 5384 1878 5444 Halm..

3413 397 3524 459 591

1985 525 2450 609 possessionem
2499 531 2839 606 aeternam3
2905 526 3030 592 alio
3074 527 3263 592 modo
3278 576 3295 609 ,
3359 525 3535 610 quod

1989 632 2184 695 habet
2209 632 2438 710 finem,
2469 632 2578 696 sed
2604 633 2832 698 nonin
2865 636 3152 717 tempore
3174 683 3192 711 ‚
3240 634 3330 699 sic
3366 639 3530 699 tem·-

1988 756 2113 821 pus
2139 739 2372 803 dicitur
2403 756 2542 804 esse
2567 745 2921 822 aeternum3
2949 744 3137 808 tertio
3166 743 3391 822 modo,
3421 760 3534 806 cu-

1984 848 2095 928 jus
2123 847 2562 927 significatum
2591 867 2928 931 nunquam
2955 850 3202 928 finitur,
3232 850 3397 915 sicut
3426 867 3537 914 sa-

1991 955 2348 1020 cerdotium
2375 955 2501 1038 legi
2508 975 2561 1036 S,
2581 957 2754 1040 quod
2772 959 3097 1039 figurabat
3116 958 3536 1023 sacerdotium

1992 1059 2264 1140 Christi,
2294 1063 2372 1127 de
2399 1082 2530 1146 quo
2555 1064 2578 1098 ⁸
2611 1086 2626 1127 :
2666 1087 2699 1125 α
2726 1063 2826 1129 Τιι
2851 1083 2920 1128 es
2944 1065 3231 1130 sacerdos
3256 1064 3325 1129 in
3359 1068 3538 1130 aeter-

1990 1187 2152 1232 num
2212 1169 2568 1236 secundum
2619 1171 2912 1236 ordinem
2964 1171 3416 1238 Melchisedech
3445 1194 3463 1250 ;
3491 1193 3522 1231 n

1991 1282 2222 1362 quarto
2250 1279 2441 1343 modo
2460 1329 2477 1356 ,
2506 1283 2694 1363 cujus
2719 1281 3072 1345 substantia
3099 1299 3428 1364 nunquam
3454 1281 3534 1344 fl-

1990 1386 2189 1465 nitur‚
2222 1386 2338 1449 etsi
2367 1387 2752 1470 quandoque
2782 1388 3162 1470 incoeperat,
3194 1387 3286 1452 sic
3319 1386 3533 1469 angeli

1987 1492 2289 1557 dicuntur
2314 1494 2562 1572 aeterni,
2594 1497 2657 1557 et
2694 1495 2928 1560 animae
2968 1494 3304 1560 rationales
3320 1542 3337 1575 ,
3383 1512 3535 1558 nec-

1989 1617 2123 1664 non
2150 1603 2214 1663 et
2238 1603 2444 1679 terra3
2476 1601 2700 1684 quinto
2726 1601 2936 1681 mod0‚
2968 1603 3153 1684 cujus
3178 1601 3533 1665 substantia

1988 1725 2108 1772 nec
2134 1707 2380 1787 finitur,
2422 1726 2540 1772 nec
2578 1708 2836 1791 incoepit
2869 1731 2882 1773 :
2915 1709 3039 1773 hoc
3082 1707 3310 1772 ultimo
3344 1708 3534 1773 modo
3592 1749 3599 1754 ,

1989 1815 2163 1879 solus
2190 1814 2424 1879 Deus':
2469 1813 2610 1879 «Tu
2640 1819 2880 1895 autem,
2912 1815 3177 1880 Domine
3198 1864 3215 1895 ,
3246 1816 3316 1880 in
3343 1820 3527 1880 aeter-

1989 1939 2152 1985 num
2204 1940 2561 2004 permanes,
2602 1944 2633 1981 n
2695 1921 2932 1998 Quarto
2998 1922 3187 1987 modo
3242 1923 3537 1987 convenit

1987 2032 2178 2093 terrae
2204 2032 2520 2111 quantum
2539 2029 2618 2092 ad
2633 2028 3085 2108 substantiam;
3109 2030 3291 2094 tertio
3319 2031 3529 2111 modo,

1989 2141 2307 2218 quantum
2355 2135 2436 2201 ad
2485 2136 2956 2218 significatum3
3013 2137 3243 2219 primis
3283 2138 3535 2203 duobus
3659 2211 3662 2224 ‚

1990 2245 2216 2320 modiS,
2243 2248 2559 2326 quantum
2585 2244 2666 2308 ad
2696 2245 2977 2326 figuram
3003 2262 3020 2307 ε
3046 2248 3110 2310 et
3131 2246 3223 2309 sic
3248 2248 3420 2329 patet
3446 2266 3538 2312 re-

1990 2351 2251 2434 sponsio
2277 2351 2358 2415 ad
2388 2351 2557 2415 istud
2585 2350 2878 2416 dubium.

2070 2458 2231 2523 ltem
2257 2458 2572 2541 quaeritur
2598 2459 2678 2523 de
2702 2460 2857 2538 boc,
2887 2461 3059 2544 quod
3081 2461 3232 2527 dicit
3261 2485 3278 2526 :
3311 2464 3535 2532 Oritur
3562 2493 3773 2539 nubium.

1989 2567 2117 2647 sol,
2144 2571 2204 2634 et
2233 2566 2495 2634 occidit.
2527 2567 2684 2632 Cum
2721 2568 2896 2632 enim
2937 2568 3061 2633 alia
3098 2571 3392 2638 similiter
3431 2573 3535 2638 lu-

1990 2672 2267 2737 minaria
2319 2671 2610 2737 oriantur
2633 2721 2652 2751 ,
2710 2676 3025 2757 quaeritur
3069 2681 3330 2762 propter
3380 2681 3534 2764 quid

1991 2779 2205 2862 magis
2233 2780 2313 2845 de
2342 2780 2473 2845 sole
2489 2829 2510 2861 ‚
2543 2800 2738 2864 quam
2766 2781 2846 2848 'de
2882 2783 3023 2849 aliis
3052 2787 3299 2852 dicatur
3314 2790 3346 2851 ‘2
3376 2788 3534 2854 Item

1990 2889 2244 2956 videtur
2266 2889 2621 2955 inordinate
2648 2892 2987 2973 procedere
3002 2942 3020 2973 ,
3051 2895 3209 2977 quia
3235 2896 3416 2979 prius
3443 2898 3537 2962 di-

1993 2998 2080 3061 cit
2106 2997 2277 3081 quod
2301 2998 2562 3078 occidit,
2592 3017 2791 3082 quam
2819 3000 2986 3066 dicat
3008 3003 3177 3084 quod
3205 3009 3396 3088 gyrat
3422 3024 3536 3089 per

1994 3104 2364 3170 meridiem:
2392 3106 2574 3188 prius
2601 3106 2774 3170 enim
2804 3113 3017 3192 gyrat,
3049 3129 3247 3194 quam
3271 3113 3529 3178 occidat.

1990 3212 2360 3296 Respondeo
2390 3215 2471 3279 ad
2500 3215 2623 3280 hoc
2641 3264 2657 3295 ,
2693 3217 2866 3298 quod
2893 3217 3312 3284 determinata
3330 3226 3535 3285 muta-
3562 3244 3745 3289 solutio.
3848 3267 3861 3280 ·

1989 3322 2233 3386 bilitate
2280 3324 2349 3386 in
2392 3322 2557 3401 sole,
2605 3325 2718 3406 qui
2761 3329 2856 3389 est
2894 3327 3329 3394 nobilissimus
3368 3331 3535 3395 inter

1989 3445 2260 3511 corpora
2287 3430 2564 3496 coelestia
2578 3477 2600 3509 ,
2629 3432 3017 3499 sufficienter
3044 3436 3233 3500 datur
3260 3437 3530 3519 intelligi

1989 3535 2057 3599 in
2079 3535 2241 3599 aliis.
2269 3535 2368 3600 Ad
2398 3536 2558 3601 illud
2580 3539 2933 3604 secundum
2961 3541 3325 3622 dicendum,
3356 3545 3529 3626 quod

1987 3659 2120 3706 non
2166 3642 2417 3707 ordinat
2461 3645 2815 3710 secundum
2856 3649 3370 3729 progressiones,
3422 3650 3531 3716 sed

1988 3751 2337 3816 secundum
2377 3752 2803 3818 dimensiones
2825 3802 2842 3831 ‚
2894 3755 3032 3822 sive
3077 3758 3384 3823 terminos
3434 3758 3528 3822 di·

1990 3860 2396 3925 mensionum
2431 3882 2445 3924 :
2477 3862 2618 3926 ideo
2653 3864 2805 3945 quia
2843 3864 3117 3947 oppositi
3145 3870 3297 3930 sunt
3321 3866 3532 3932 oriens

1988 3971 2051 4031 et
2075 3967 2398 4048 occidens,
2432 3967 2574 4032 ideo
2601 3969 2679 4033 de
2702 3970 2792 4034 eis
2819 3970 2969 4034 facit
2995 3973 3385 4038 mentionem
3411 3974 3527 4038 im-

1986 4075 2281 4139 mediate.
2337 4074 2494 4139 Item
2543 4076 2695 4158 quia
2738 4077 3035 4143 meridies
3082 4083 3146 4143 et
3191 4083 3533 4163 septentrio

1987 4187 2139 4246 sunt
2164 4182 2435 4265 oppositi
2459 4182 2757 4263 termini,
2793 4184 2936 4250 ideo
2983 4185 3273 4255 similiter
3302 4190 3529 4254 imme·

1987 4289 2157 4354 diate
2181 4291 2556 4373 ponuntur
2538 4309 2608 4354 ιιι
2636 4293 2904 4357 modum
2928 4294 3153 4359 crucis.

2066 4398 2191 4463 Sed
2220 4398 2300 4463 de
2343 4400 2468 4464 boc
2494 4404 2588 4463 est
2611 4400 2952 4482 dubitatio,
3004 4404 3177 4486 quod
3204 4403 3397 4469 dicit:
3430 4405 3533 4472 Ad
3571 4433 3684 4477 num
3687 4436 3753 4478 ta-

1987 4502 2193 4571 locum
2217 4521 2408 4571 suum
2450 4509 2830 4586 revestitum
2878 4509 3034 4592 quia
3081 4510 3301 4575 nullus
3334 4517 3429 4577 est
3462 4513 3532 4577 in

1987 4611 2393 4677 firmamento
2426 4614 2638 4694 magis
2682 4634 2853 4680 unus
2904 4616 3084 4682 locus
3109 4618 3296 4699 solis,
3334 4639 3532 4704 quam

1987 4718 2180 4785 alius.
2212 4719 2281 4785 Si
2307 4724 2382 4785 tu
2408 4721 2613 4803 dicas,
2644 4724 2818 4806 quod
2846 4725 2927 4789 ad
2950 4725 3163 4791 locum
3174 4774 3197 4807 ‚
3223 4747 3263 4791 a
3286 4746 3418 4811 quo
3440 4729 3533 4793 in·

1989 4828 2180 4910 coepit
2205 4831 2421 4893 ortum
2442 4877 2462 4910 ,
2495 4831 2859 4896 terminavit
2885 4850 3144 4899 cursum
3157 4881 3180 4914 ‚
3209 4836 3379 4901 istud
3401 4854 3533 4901 ma·
3624 4844 3628 4849 ’

1986 4935 2211 5000 niteste
2236 4934 2469 5002 falsum
2494 4941 2623 5018 est;
2658 4938 2812 5022 quia
2837 4958 3090 5024 semper
3113 4942 3210 5007 sol
3235 4947 3531 5011 movetur

1987 5046 2172 5109 motu
2197 5044 2489 5127 proprio,
2535 5044 2640 5111 vel
2668 5048 3062 5117 ascendendo
3081 5097 3098 5128 ,
3143 5049 3247 5116 vel
3274 5050 3531 5118 descen-

1986 5150 2194 5218 dendo
2224 5172 2240 5215 :
2273 5169 2436 5233 ergo
2481 5170 2815 5236 nunquam
2844 5156 3009 5221 redit
3044 5157 3114 5221 in
3147 5157 3340 5225 idem.
3370 5159 3529 5226 Item

1987 5325 2133 5377 mv,
2162 5316 2239 5365 35.
2268 5341 2331 5357 --
2370 5315 2392 5351 ὑ
2424 5314 2596 5379 Αροσ.,
2624 5326 2750 5380 111,
2786 5320 2826 5367 1.
2861 5344 2925 5356 -
2959 5319 2981 5355 ⁸
3009 5320 3026 5370 1
3059 5320 3192 5383 Cor„
3231 5333 3332 5385 vu,
3360 5327 3438 5376 31.
3468 5351 3528 5364 —

1987 5385 2010 5421 ⁸
2037 5386 2177 5437 psat.
2205 5398 2314 5451 eux,
2342 5389 2391 5437 4.
2419 5412 2484 5426 -
2511 5386 2531 5417 ⁷
2564 5388 2705 5438 Psal.
2737 5400 2806 5455 οι,
2842 5393 2917 5443 13.
