4196 6294
142 1791 277 1832 daos
285 1790 370 1833 col·

141 1853 259 1896 lata.

187 2992 363 3039 enutio

1567 461 1860 530 PSALMI
1901 451 2445 529 LXXIII-LXXIV.

639 737 1039 809 PSALMUS
1086 735 1355 806 DAVID
1404 735 1701 806 LXXIII.

486 935 544 994 1.
585 931 668 995 Ut
695 926 878 1011 quid,
909 928 1104 1006 Deus,
1133 927 1434 1008 repulisti
1461 929 1537 993 in
1564 926 1780 1007 finem.
1815 926 1903 992 Po
1921 956 1943 975 -

400 1036 594 1120 pulus
616 1035 724 1099 Dei
761 1034 1033 1119 populus
1057 1032 1430 1099 Judaeorum
1458 1034 1724 1112 dicitur3
1762 1034 1939 1098 simi-

399 1143 546 1210 liter
569 1147 631 1208 et
660 1143 915 1224 gentilis
942 1142 1218 1226 populus
1245 1143 1355 1207 Dei
1383 1148 1519 1207 erat
1543 1147 1691 1208 ante
1715 1143 1943 1209 adven-

399 1257 539 1319 tum
578 1253 875 1318 Domini:
921 1253 1030 1317 sed
1064 1253 1341 1336 populus
1378 1252 1748 1318 Judaeorum
1795 1269 1938 1335 spe-

399 1360 640 1426 cialiter
667 1365 730 1425 et
752 1360 1058 1424 beneficio
1092 1361 1352 1438 amoris3
1384 1359 1660 1443 populus
1687 1359 1944 1440 gentilis

398 1471 646 1531 tantum
675 1467 1365 1532 beneflciocreationiS.
1416 1467 1613 1531 Nota:
1651 1465 1941 1530 Primum

270 1615 323 1645 ne
359 1625 373 1634 .
398 1574 779 1639 beneficium
817 1575 1188 1641 Judaeorum
1216 1575 1453 1658 populo
1497 1575 1615 1638 fuit
1657 1593 1772 1657 per
1813 1574 1936 1638 cir-

318 1677 370 1759 ῗο
397 1684 872 1761 cumcisionem,
921 1683 1091 1748 unde
1116 1682 1240 1747 hoc
1270 1688 1356 1763 (v.
1387 1683 1444 1765 2)
1487 1705 1502 1748 ι
1542 1683 1780 1749 Memor
1809 1691 1940 1750 esto

395 1792 900 1874 eonqreqationis
929 1797 1076 1870 tuae,
1106 1807 1298 1873 quam
1326 1790 1678 1873 possedisti
1698 1792 1776 1858 ab
1803 1795 1941 1858 ini-

398 1902 523 1979 ti0,
548 1920 661 1984 per
677 1901 870 1965 fidem
894 1904 958 1964 et
976 1899 1549 1965 circumcisionem.
1574 1901 1939 1967 Secundum

396 2026 510 2090 per
533 2008 996 2088 liberationem,
1027 2008 1201 2072 unde
1227 2008 1350 2072 hoc
1380 2029 1395 2069 ε
1429 2007 1781 2077 Redemistz'
1808 2012 1940 2076 vir-

394 2132 544 2200 qam
569 2115 972 2182 hoereditatis
1008 2120 1156 2194 tuoe,
1186 2115 1502 2199 populum
1538 2116 1933 2182 Judaeorum.

475 2230 536 2289 4.
567 2227 926 2292 Posuerunt
944 2226 1144 2307 siqua,
1171 2241 1315 2305 sua,
1342 2225 1564 2307 siqna;
1595 2224 1830 2289 scilicet
1868 2226 1937 2290 in

393 2333 659 2414 siguum
668 2335 1058 2412 futurorum;
1076 2333 1247 2397 unde
1265 2333 1506 2399 dictum
1520 2337 1615 2397 est
1623 2334 1834 2398 Achaz
1852 2335 1931 2418 (a)

393 2446 465 2505 ut
491 2443 731 2522 peteret
744 2439 1007 2521 signum
1026 2440 1259 2504 futurae
1282 2439 1563 2505 victoriae
1583 2459 1623 2504 a
1642 2441 1932 2506 Domino.

393 2546 503 2612 Est
545 2548 812 2629 signum
856 2549 1292 2630 praesentium,
1338 2548 1510 2613 unde
1555 2549 1798 2612 dictum
1843 2554 1936 2614 est

392 2657 752 2738 pastoribus
792 2663 810 2697 ¹
846 2679 860 2719 ε
912 2679 943 2714 «ι
977 2654 1318 2720 Invenietis
1358 2654 1665 2720 infantem
1708 2649 1937 2739 pannis

391 2761 754 2828 involutum
770 2787 787 2843 3
809 2785 839 2823 n
879 2768 1028 2827 tunc
1062 2763 1328 2843 signum
1358 2763 1588 2826 eratin
1615 2764 1933 2845 praesenti.

392 2867 499 2932 Est
525 2870 790 2950 signum
821 2870 1319 2952 praeteritorum,
1364 2870 1527 2934 sicut
1556 2869 1699 2934 hoc.
1731 2870 1930 2935 Nota:

393 2978 502 3041 Est
527 2980 792 3044 tentatio
825 2979 1124 3059 violenta,
1162 2979 1399 3043 scilicet
1425 2980 1802 3061 adversitas;
1840 2984 1938 3044 est

394 3086 651 3151 tentatio
682 3086 1061 3171 deceptoria,
1109 3087 1348 3153 scilicet
1391 3088 1800 3171 prosperitas,
1846 3088 1934 3155 De

389 3195 623 3278 quibus
668 3194 899 3259 dicitur
939 3195 1061 3259 boc
1102 3203 1126 3236 ¹
1163 3216 1179 3259 :
1223 3218 1255 3257 α
1288 3195 1429 3261 Non
1464 3213 1569 3261 me
1605 3198 1937 3280 demergat

389 3306 729 3385 tempestas
749 3321 956 3386 aquae,
989 3324 1019 3362 υ
1055 3303 1122 3367 id
1148 3308 1262 3384 est,
1295 3305 1659 3387 periculum
1704 3308 1930 3373 adver-

388 3410 618 3488 sitatis3
660 3435 691 3472 α
716 3429 928 3494 neque
955 3412 1290 3476 absorbeat
1321 3431 1425 3477 me
1454 3414 1864 3497 profundum,
1894 3438 1925 3476 n

388 3519 455 3583 id
482 3524 597 3599 est,
649 3519 977 3584 delectatio
1008 3520 1440 3604 prosperitatis
1449 3540 1469 3601 ;
1523 3544 1554 3583 <x
1581 3540 1789 3606 neque
1817 3543 1929 3588 ur-

392 3631 541 3709 geat
567 3646 758 3710 super
782 3644 886 3692 me
913 3633 1145 3711 puteus
1167 3646 1240 3692 os
1259 3646 1475 3708 suum,
1495 3651 1527 3689 ι)
1563 3631 1629 3694 id
1657 3633 1773 3711 est,
1796 3632 1935 3696 des-

390 3735 752 3817 perationis.

471 3849 571 3908 12.
589 3845 754 3910 Deus
783 3849 996 3912 autem
1014 3861 1134 3912 rex
1155 3850 1365 3912 noster
1382 3851 1532 3913 ame
1549 3847 1784 3912 soecula
1803 3860 1936 3927 ope-

390 3960 575 4018 ratus
607 3958 698 4019 est
735 3953 1006 4019 salutem
1042 3956 1118 4019 in
1152 3954 1362 4020 medio
1396 3958 1596 4020 terroe.
1637 3954 1710 4017 In
1753 3974 1934 4019 com-

394 4061 613 4140 muni,
654 4060 808 4142 quia
861 4061 1071 4144 passio
1129 4060 1360 4126 Christi
1408 4062 1707 4127 omnibus
1754 4083 1938 4148 aeque

390 4168 647 4250 profuit,
698 4171 1018 4249 quantum
1061 4168 1131 4232 in
1172 4187 1241 4233 se
1281 4173 1414 4234 est:
1466 4170 1570 4235 vel
1611 4173 1683 4237 in
1726 4173 1934 4240 medio

392 4284 596 4355 terrae,
630 4276 692 4339 id
721 4280 837 4355 est,
865 4277 932 4340 in
959 4275 1378 4356 Hierusalem,
1409 4296 1558 4360 quae
1587 4280 1768 4343 estin
1798 4299 1931 4346 me·

299 4443 313 4453 .
390 4383 495 4449 dio
515 4386 728 4460 terrae,
767 4383 829 4446 id
860 4387 974 4464 est,
1020 4383 1090 4447 in
1117 4385 1448 4467 superficie
1486 4388 1695 4450 terrae.
1730 4386 1890 4452 Nam
1912 4391 1935 4425 ³

392 4490 458 4554 in
487 4490 799 4574 sphaerico
828 4509 1112 4573 corpore,
1145 4492 1458 4575 quidquid
1492 4497 1587 4557 est
1614 4494 1682 4557 in
1709 4513 1931 4579 super-

388 4600 529 4666 ficie
555 4604 769 4681 terrae,
804 4605 898 4665 est
926 4602 993 4664 in
1013 4601 1243 4666 medio.
1280 4601 1392 4667 Est
1417 4602 1587 4667 salus
1613 4607 1936 4689 tempora-

389 4710 487 4790 lis,
515 4711 687 4775 unde
718 4710 839 4774 hoc
866 4713 887 4744 ⁴
929 4733 943 4774 ε
977 4733 1009 4772 α
1041 4709 1346 4774 Homines
1386 4715 1450 4775 et
1481 4714 1780 4795 jumenta
1806 4717 1930 4779 sal-

391 4817 590 4896 vabiS,
622 4815 910 4881 Domine.
943 4839 974 4876 n
1006 4816 1114 4881 Est
1143 4819 1316 4882 salus
1345 4819 1690 4901 spiritualis
1715 4871 1731 4902 ,
1766 4823 1936 4888 unde

388 4924 543 4990 illud
570 4926 634 4988 ⁸:
677 4947 708 4986 <x
734 4923 919 4990 Salus
944 4929 1160 4990 autem
1180 4928 1507 5007 justorum
1534 4947 1573 4991 a
1597 4929 1926 4995 Domino.»

389 5032 498 5097 Est
527 5034 698 5098 salus
732 5033 965 5112 finalis,
1011 5033 1185 5099 unde
1220 5032 1378 5098 illud
1406 5035 1428 5070 ⁸
1457 5054 1473 5099 :
1515 5057 1545 5096 α
1575 5035 1695 5114 Qui
1734 5038 1801 5102 in
1832 5057 1936 5104 me

389 5142 604 5224 credit,
642 5143 915 5210 flumina
959 5143 1037 5208 de
1064 5145 1289 5208 ventre
1325 5146 1466 5227 ejus
1506 5146 1712 5212 fluent
1747 5167 1935 5232 aquae

388 5250 584 5317 vivae.
611 5273 643 5312 v
679 5249 788 5317 Est
815 5251 1006 5315 etiam
1034 5249 1204 5315 salus
1232 5250 1573 5316 malorum.

475 5363 574 5424 17.
605 5358 912 5426 AEstatem
928 5364 990 5427 et
1007 5373 1142 5438 ver,
1169 5363 1240 5424 tu
1254 5358 1598 5441 plasmasti
1622 5377 1718 5428 ea.
1739 5362 1935 5429 Juxta

465 5482 643 5543 ¹Luc0,
688 5493 757 5547 11,
796 5484 873 5534 12.
902 5509 964 5521 -
1003 5483 1021 5515 ²
1058 5482 1196 5534 Psal.
1234 5494 1393 5548 Lvm,
1436 5486 1512 5535 16.
1554 5511 1616 5523 -·-
1659 5488 1678 5518 ⁸
1719 5489 1934 5555 Euclid„

3484 472 3603 533 247

2051 601 2332 681 quatuor
2368 600 2662 681 tempora
2685 599 2866 676 anni,
2902 603 3185 682 quatuor
3214 616 3457 682 genera
3481 603 3601 668 bo—

2052 707 2303 771 minum
2332 707 2653 788 assignari
2679 710 2967 790 possunt.
2999 705 3161 772 Nam
3180 724 3317 788 ver,
3338 711 3491 793 quia
3508 716 3606 778 est

2049 814 2307 878 initium
2335 863 2356 894 ‚
2414 814 2715 880 convenit
2763 814 3213 896 incipientibus
3238 863 3259 894 ‚
3314 815 3486 883 unde‘
3531 820 3603 885 in

2054 922 2344 988 canticis
2369 927 2392 963 ⁷
2415 943 2431 984 :
2472 946 2503 983 α
2520 921 2738 987 Flores
2763 927 3222 1005 apparuerunt.
3238 944 3271 984 n
3301 924 3509 991 AEstas
3530 927 3602 993 in

2049 1029 2356 1094 charitate
2386 1030 2800 1095 ferventibus
2824 1030 3196 1095 Autumnus
3212 1031 3279 1094 in
3295 1032 3603 1099 charitate

2049 1140 2607 1223 refrigescentibus
2656 1162 2672 1204 t
2719 1158 2873 1204 nam
2909 1144 3264 1206 autumnus
3307 1144 3405 1206 est
3452 1143 3600 1209 finis

2048 1249 2380 1330 temporis,
2410 1249 2581 1332 quod
2609 1247 2729 1312 erit
2767 1247 2836 1311 in
2881 1252 3168 1331 tempore
3195 1248 3594 1334 Antichristi,

2047 1356 2307 1438 quando
2356 1356 2724 1438 refrigescet
2775 1355 3049 1420 charitas
3100 1356 3487 1438 multorum;
3535 1362 3600 1426 et

2048 1467 2201 1526 tunc
2228 1464 2348 1527 erit
2372 1465 2520 1527 finis
2562 1463 2808 1527 mundi.
2839 1463 3071 1547 Hyemi
3118 1472 3593 1548 comparantur,

2046 1570 2161 1654 qui
2201 1570 2498 1651 gelicidio
2535 1570 2774 1654 peccati
2821 1572 3112 1652 torpent3
3143 1571 3315 1636 unde
3333 1571 3591 1653 dicitur,

2046 1680 2219 1761 quod
2236 1679 2637 1744 calefaciebat
2654 1697 2722 1744 se
2737 1679 2965 1745 Petrus
2974 1680 3054 1745 ad
3074 1680 3297 1762 ignem
3314 1680 3588 1764 Caiphae,

2045 1790 2201 1872 quia
2229 1789 2458 1872 hyems
2486 1793 2644 1870 erat,
2684 1808 2814 1854 non
2840 1793 3089 1855 tantum
3119 1791 3442 1875 temporiS,
3485 1793 3595 1856 sed

2045 1898 2239 1962 etiam
2269 1899 2636 1981 peccatoris,

2125 2011 2226 2071 20.
2279 2009 2542 2090 Respice
2588 2010 2662 2075 in
2703 2014 3148 2076 testamentum
3193 2014 3397 2076 tuum.
3447 2009 3595 2075 Tria

2044 2114 2251 2180 solent
2299 2115 2557 2180 oculum
2607 2116 2870 2181 turbare
2908 2135 2925 2180 :
2980 2116 3263 2180 tenebrae
3286 2165 3307 2196 ,
3356 2118 3595 2184 humor

2045 2226 2398 2302 concretus,
2430 2221 2641 2306 pulvis
2670 2223 2963 2305 injectus,
2994 2224 3128 2289 Hoc
3152 2222 3259 2288 hic
3283 2224 3362 2290 de
3406 2229 3592 2292 oculo

2045 2331 2308 2409 mentis,
2362 2348 2558 2414 quem
2612 2332 2891 2396 tenebrae
2935 2333 3323 2397 infidelitatis
3379 2334 3594 2418 impe-

2042 2439 2250 2503 diunt.
2283 2438 2530 2502 Humor
2557 2443 2887 2504 concretus
2911 2443 3006 2504 est
3028 2443 3384 2522 peccatum,
3414 2445 3588 2526 quod

2042 2567 2177 2613 non
2213 2553 2309 2613 est
2348 2548 2624 2628 aliunde,
2656 2549 2767 2613 sed
2803 2566 2885 2612 ex
2920 2564 3132 2611 carne.
3180 2547 3278 2612 Ex
3325 2549 3591 2631 pulvere

2043 2662 2139 2720 est
2171 2661 2498 2740 peccatum
2534 2656 2815 2721 aliunde.
2848 2655 2971 2720 Sed
3016 2655 3109 2719 sic
3135 2654 3338 2721 solent
3365 2658 3591 2724 distin-

2046 2784 2249 2846 guere
2269 2784 2286 2829 ε
2307 2783 2460 2829 nam
2484 2764 2746 2847 quidam
2765 2759 3003 2827 habent
3021 2763 3090 2827 in
3111 2764 3293 2829 oculo
3317 2768 3561 2832 trabem
3569 2791 3586 2848 ;

2042 2874 2303 2958 quidam
2347 2874 2687 2950 festucam3
2735 2872 3000 2954 quidam
3035 2870 3405 2954 pulverem;
3441 2876 3585 2957 qui-

2042 2981 2191 3046 dam
2218 2980 2400 3061 nihil,
2431 2981 2542 3045 sed
2592 2980 2759 3044 clare
2797 2978 3035 3046 vident.
3061 2978 3147 3045 -Id
3178 2983 3295 3059 est,
3326 2982 3589 3063 quidam

2041 3090 2280 3155 habent
2338 3090 2696 3156 maximum
2751 3092 2814 3155 et
2873 3087 3139 3154 mortale
3206 3094 3537 3172 peccatum
3567 3113 3585 3169 ;

2041 3200 2304 3283 quidam
2345 3200 2688 3263 minimum
2731 3196 2996 3262 mortale
3037 3200 3397 3281 peccatum;
3443 3199 3588 3281 qui-

2041 3308 2190 3372 dam
2219 3307 2466 3374 veniale
2490 3310 2777 3386 tantum3
2810 3305 3072 3389 quidam
3096 3304 3372 3369 nullum.

2120 3422 2222 3480 21.
2280 3416 2533 3499 Pauper
2585 3420 2646 3482 et
2698 3418 2887 3497 inops
2940 3413 3300 3482 laudabunt
3359 3428 3592 3481 nomen

2042 3530 2244 3591 tuum.
2274 3524 2525 3606 Pauper
2551 3523 2781 3588 dicitur
2808 3522 3068 3602 divitiis,
3085 3521 3197 3605 qui
3214 3541 3446 3606 parum
3473 3523 3592 3587 ba-

2042 3633 2148 3696 bet
2175 3633 2253 3697 de
2274 3632 2535 3698 divitiis.
2560 3632 2811 3716 Pauper
2828 3630 3060 3695 dicitur
3086 3635 3302 3695 autem
3340 3630 3588 3715 spiritu,

2041 3739 2155 3821 qui
2195 3758 2425 3822 parum
2465 3740 2659 3804 habet
2690 3740 2767 3803 de
2808 3738 3135 3822 spiritibus
3168 3738 3268 3821 (b).
3320 3737 3592 3821 Spiritus

2042 3848 2272 3922 carnis,
2323 3846 2548 3911 mundi
2569 3894 2585 3924 ,
2627 3846 3114 3926 daemoniorum,
3168 3844 3299 3910 Dei.
3333 3846 3453 3925 Qui
3491 3851 3590 3913 ta-

2044 3972 2193 4017 men
2220 3955 2413 4018 habet
2442 3954 2740 4036 spiritum
2768 3953 2903 4031 Dei,
2934 3952 3043 4017 ille
3067 3971 3200 4017 non
3225 3957 3591 4039 est-pauper

2043 4064 2293 4146 spiritu,
2320 4065 2484 4129 sicut
2509 4065 2688 4130 dives
2714 4064 2967 4143 dicitur,
2995 4064 3107 4148 qui
3136 4064 3373 4130 multas
3400 4066 3589 4131 habet

2043 4172 2318 4237 divitias.

2282 4405 2685 4476 PSALMUS
2732 4405 3006 4478 DAVID
3052 4405 3353 4479 LXXIV.

2127 4616 2187 4675 Ξ.
2224 4610 2676 4692 confitebimur
2714 4610 2860 4690 tibi,
2904 4610 3094 4691 Deus,
3123 4609 3588 4692 confitebimur.

2048 4719 2264 4785 Primo
2283 4719 2470 4783 datur
2494 4719 2804 4809 medicina
2820 4720 2898 4785 ad
2919 4721 3339 4786 removendos
3358 4740 3591 4804 pravos

2046 4825 2383 4904 humores;
2429 4827 2739 4908 secunde,
2797 4827 2875 4891 ad
2912 4826 3302 4893 adhibendos
3344 4827 3587 4894 bonos:

2045 4933 2252 5012 tertio,
2300 4933 2473 5016 quod
2518 4934 2693 5015 dicit,
2744 4935 2925 5000 docet
2965 4935 3123 5000 alios
3167 4936 3396 5001 facere.
3427 4936 3592 5005 Nam

2044 5041 2255 5124 primo
2283 5045 2379 5106 est
2417 5042 2745 5124 confessio,
2775 5061 2923 5126 quae
2969 5042 3140 5108 mala
3164 5042 3453 5127 expellit;
3492 5064 3594 5111 se-

2047 5149 2258 5215 cundo
2284 5149 2358 5213 fit
2381 5150 2716 5230 invocatio,
2749 5170 2896 5235 quae
2932 5151 3136 5216 bonos
3163 5150 3472 5219 humores
3500 5156 3600 5221 at·

2046 5321 2305 5373 Phoenom.
2333 5348 2396 5361 —
2423 5322 2445 5357 δ
2469 5321 2609 5371 Psal.
2644 5332 2804 5387 xxxv,
2830 5324 2879 5374 Ἰ.
2907 5348 2970 5362 -
2995 5324 3015 5355 ⁸
3041 5322 3183 5376 Psal.
3211 5335 3397 5391 xxxvr,
3429 5327 3508 5378 39.
3537 5352 3600 5367 -

2047 5393 2070 5429 ⁶
2095 5395 2262 5456 Joan„
2283 5406 2381 5458 vu,
2410 5395 2488 5446 38.
2512 5418 2573 5433 -
2596 5393 2614 5425 '¹
2651 5393 2822 5457 Cant„
2850 5406 2913 5460 11,
2939 5397 3020 5447 12.

2116 5495 2181 5557 (a)
2210 5493 2349 5544 Edit.
2389 5493 2502 5543 Ven.
2532 5492 2770 5546 Abrabae.
2790 5518 2853 5535 -·
2874 5492 2940 5559 (ὁ)
2966 5494 3080 5561 Lep.
3103 5494 3459 5562 spiritualibus.
