4196 6294
646 468 763 517 nv

647 586 783 669 ipse
813 601 853 649 a
896 583 1346 649 Bonaventura
1382 580 1678 647 laudatus
1725 579 2044 664 scripserit
2080 578 2159 643 de
2187 579 2584 663 proprietate
2625 578 2760 644 sive
2796 585 3036 643 natura
3081 597 3300 643 rerum
3341 581 3422 646 ad
3461 581 3832 649 sisebutum

646 720 873 785 regem
908 701 1145 767 librum
1172 716 1381 765 unum
1397 749 1417 780 ,
1456 700 1525 763 in
1559 716 1688 782 quo
1714 702 1848 764 tam
1875 698 1954 762 de
1982 695 2547 762 ecclesiasticorum
2573 696 2936 777 Doctorum,
2968 717 3164 781 quam
3192 697 3271 763 de
3299 682 3833 783 Philosophorum

645 792 982 902 indagine,
1013 819 1284 884 obscura
1322 817 1617 902 quaedam
1655 815 1735 882 de
1762 813 2088 880 elementis
2125 814 2430 896 absolvit,
2467 814 2631 879 nihil
2674 816 2895 881 obesse
2937 820 3179 898 potest,
3228 834 3357 899 quo
3384 816 3601 881 minus
3629 817 3834 883 simile

645 936 801 1021 quid
826 936 937 1003 vel
958 937 1029 1001 in
1053 936 1176 1002 hoc
1202 934 1667 1003 Commentario
1694 933 2142 999 Bonaventura
2170 935 2387 998 noster
2411 932 2605 998 fuerit
2629 937 2953 998 executus.
2986 933 3050 996 Si
3093 937 3248 998 teste
3279 931 3634 998 Trithemio
3661 935 3830 1001 idem

645 1052 1093 1120 Bonaventura
1117 1053 1238 1118 fuit
1266 1075 1298 1114 α
1326 1051 1594 1117 seculari
1626 1048 2030 1134 philosophia
2067 1048 2363 1114 nobiliter
2390 1049 2631 1128 doctus,
2665 1072 2696 1108 »
2731 1049 2877 1132 quis
2907 1047 3205 1114 eumdem
3234 1048 3448 1113 credat
3474 1068 3518 1112 a
3543 1049 3834 1116 Philoso-

633 1171 921 1255 phorum
949 1171 1392 1255 systematibus
1433 1166 1840 1253 indaqandis,
1872 1166 2395 1253 explicandisque
2436 1168 2721 1234 alienum
2736 1167 2773 1230 t>
2800 1166 3113 1233 Caeterum
3141 1168 3442 1234 maluisse
3486 1171 3735 1234 versari
3763 1171 3831 1235 in

643 1285 1004 1369 Scripturis
1026 1333 1047 1366 ,
1080 1285 1274 1369 inque
1313 1283 1616 1351 Patribus
1657 1281 2058 1366 volutandis,
2090 1304 2292 1369 quam
2322 1286 2391 1348 in
2421 1283 2956 1368 Philosophorum
2985 1284 3243 1365 scholis,
3273 1284 3378 1351 vel
3418 1304 3501 1350 ex
3537 1286 3659 1351 hac
3691 1287 3830 1371 ipsa

636 1398 1048 1489 Expositione
1078 1401 1399 1480 clarescit,
1430 1419 1626 1484 quam
1655 1405 1962 1484 praeterea
1989 1421 2125 1468 non
2155 1402 2363 1467 solum
2393 1401 2752 1483 singulares
2791 1400 3308 1485 universalesque
3351 1401 3684 1484 editiones,
3719 1403 3828 1469 sed

642 1515 789 1582 Mss.
820 1519 1084 1600 codices,
1114 1519 1288 1603 iique
1312 1519 1697 1603 pervetusti,
1729 1538 1803 1585 ac
1826 1520 2086 1603 optimae
2114 1528 2283 1586 notae
2319 1521 2728 1598 attestantur,
2758 1522 3026 1601 utputa:
3058 1518 3350 1600 ParisiiS,
3381 1517 3822 1585 Biblithothec.

643 1632 836 1718 Regis
868 1636 1238 1717 Galliarum,
1269 1636 1418 1702 Cod.
1463 1642 1583 1702 472
1625 1640 1898 1704 membr.
1939 1638 2092 1703 olim
2120 1638 2602 1705 Carmelitarum
2644 1636 3100 1701 Parisiensium
3123 1684 3141 1718 ‚
3174 1637 3288 1720 qui
3320 1636 3442 1701 sub
3468 1637 3663 1702 finem
3691 1634 3826 1702 XIV

642 1770 792 1817 saec.
823 1758 1123 1819 exaratus
1137 1754 1391 1821 videtur
1414 1775 1431 1835 3
1454 1754 1722 1836 Patavii,
1747 1756 2047 1822 Biblioth.
2066 1757 2276 1821 *sancti
2295 1755 2577 1834 Antonii,
2601 1753 2919 1820 Minorum
2939 1752 3494 1834 Conventualium,
3518 1753 3664 1819 Cod.
3682 1758 3823 1834 271,

640 1868 844 1934 folior.
878 1875 977 1950 77,
1011 1871 1283 1952 membr,
1318 1871 1389 1935 in
1415 1871 1521 1936 fol.
1551 1894 1567 1950 ;
1599 1871 1853 1953 Romae,
1893 1873 2190 1939 Bibliolh.
2235 1871 2461 1952 Vatic„
2500 1871 2649 1937 Cod.
2685 1875 2828 1949 918,
2859 1872 3131 1937 membr.
3161 1872 3231 1936 in
3259 1871 3407 1948 fol.;
3443 1858 3726 1952 Tuderti,
3758 1872 3826 1935 in

640 1986 915 2051 sacrario
931 1986 1129 2052 sancti
1153 1986 1487 2053 Fortunati
1514 1988 1665 2054 Min.
1698 1990 2029 2071 Convent.,
2053 1991 2202 2055 Cod.
2238 1995 2379 2070 183,
2415 1982 2687 2054 membr.
2720 1989 2790 2053 in
2815 1992 2889 2069 4,
2920 1992 2983 2054 et
3008 1988 3154 2054 Cod.
3186 1993 3286 2069 68,
3318 1989 3589 2055 membr.
3620 1989 3690 2053 in
3715 1990 3822 2054 fol.

719 2102 1040 2169 Hactenus
1064 2104 1228 2170 dicta
1251 2106 1635 2171 roborantur
1660 2106 1762 2185 iis,
1783 2125 1929 2190 quae
1948 2107 2029 2172 ad
2049 2106 2364 2172 vindicias
2383 2105 2818 2171 Romanorum
2840 2105 3174 2171 Editorum
3199 2110 3418 2170 contra
3442 2105 3827 2172 novissimos
3890 2148 3899 2157 ·

640 2219 715 2285 P.
761 2208 1059 2287 Sbaralea
1098 2224 1384 2306 reponit,
1425 2224 1719 2307 inquiens
1755 2248 1770 2288 :
1822 2249 1852 2286 α
1891 2224 2217 2289 Immerito
2264 2223 2532 2289 Romani
2578 2223 2864 2289 Editores
2912 2223 3338 2288 traducuntur
3373 2224 3493 2287 hoc
3540 2222 3715 2304 loco,
3765 2226 3827 2287 et

628 2339 1055 2423 'negligentiae
1094 2342 1534 2425 postulantur,
1591 2362 1741 2408 cum
1772 2342 2224 2410 Bonaventura
2265 2340 2798 2424 Philosophorum
2840 2344 3186 2425 systemata
3228 2359 3640 2425 nequaquam
3684 2341 3827 2424 plus

629 2457 808 2538 justo
847 2457 1097 2524 curiose
1135 2457 1412 2541 indaget,
1442 2477 1649 2543 neque
1697 2477 1774 2523 ea
1818 2463 2014 2537 taxet,
2061 2463 2136 2524 ut
2179 2477 2371 2526 suum
2422 2457 2736 2536 intrudat;
2772 2457 2883 2522 sed
2918 2460 3168 2523 tantum
3198 2458 3319 2522 sub
3347 2456 3607 2522 initium
3634 2456 3827 2520 dubia

634 2571 914 2639 breviter
956 2579 1173 2642 movet
1223 2577 1303 2642 ad
1343 2560 1498 2641 illa‘:
1552 2577 1746 2642 Terra
1771 2585 2081 2645 (eternum
2121 2584 2279 2657 stat,
2326 2577 2534 2641 oritur
2569 2575 2684 2655 sol,
2738 2583 2801 2639 et
2850 2574 3112 2653 oceidit,
3156 2582 3219 2638 et
3261 2573 3354 2638 aa'
3383 2574 3593 2638 locum
3634 2592 3825 2637 suum

634 2693 995 2773 revertitur,
1020 2694 1301 2777 flumina
1319 2702 1555 2762 exeunt
1577 2715 1620 2759 a
1647 2698 1844 2774 mari,
1871 2700 2017 2775 etc.‚
2041 2699 2106 2759 et
2134 2694 2391 2759 resolvit
2419 2712 2502 2760 ex
2529 2693 2631 2757 his
2653 2711 2800 2778 quae
2829 2692 3198 2757 communia
3225 2694 3397 2756 sunt.
3423 2690 3622 2757 Multo
3640 2691 3825 2774 plura

635 2805 713 2870 de
734 2806 837 2872 his
863 2808 1055 2875 habet
1088 2811 1157 2875 in
1188 2811 1540 2876 Comment.
1573 2811 1627 2876 II
1658 2814 1843 2879 Sent.
1873 2832 1955 2878 ex
1982 2811 2411 2896 Philosophia.
2436 2810 2693 2876 Etcum
2723 2828 2805 2875 ex
2843 2809 3192 2875 Ptolomaeo
3215 2808 3481 2874 Lucensi
3504 2808 3825 2891 scripserit

634 2921 704 2985 in
730 2922 925 2990 libros
950 2924 1327 3010 Salomonis,
1356 2929 1411 2993 si
1437 2929 1612 2994 hunc
1639 2930 1988 3013 rejicimuS,
2016 2950 2210 3014 quem
2234 2930 2436 2996 alium
2462 2927 2843 2993 habebimus
2862 2930 3092 3010 praeter
3105 2927 3348 2992 librum
3370 2927 3768 3010 Sapientioe?
3784 2952 3813 2986 u

632 3039 810 3105 Adde
839 3040 1351 3109 Bonaventuram
1390 3050 1683 3111 nostrum
1726 3048 1795 3112 in
1823 3047 2229 3131 Expositione
2266 3047 2390 3111 hac
2426 3045 2735 3111 disserere
2767 3044 2844 3108 de
2887 3044 3092 3109 tribus
3132 3048 3381 3109 tantum
3423 3042 3602 3107 fibris
3639 3043 3822 3107 Salo-

633 3159 863 3240 moni3‚
909 3161 1171 3243 perinde
1195 3183 1271 3228 ac
1298 3164 1368 3229 in
1398 3164 1651 3247 postilla
1686 3184 1878 3249 super
1918 3165 2260 3232 Canticum
2295 3166 2712 3233 Cantieorum
2742 3165 2761 3199 ¹
2796 3185 2812 3226 :
2845 3181 2959 3245 per
2985 3162 3322 3227 mulierem
3361 3162 3668 3229 amictam
3693 3164 3822 3227 sole

631 3273 989 3358 intelligere
1028 3279 1392 3363 Ecclesiam,
1422 3283 1688 3365 perinde
1724 3301 1798 3346 ac
1843 3281 1907 3345 in
1938 3281 2408 3347 Commentario
2435 3280 2844 3365 Apocalypsis
2882 3283 2905 3316 ²
2942 3302 2956 3343 ε
2988 3280 3249 3363 perinde
3275 3279 3590 3363 explicare
3614 3280 3770 3346 illud
3801 3303 3816 3345 :

630 3367 813 3455 Nihil
847 3389 963 3453 sub
990 3393 1121 3457 sole
1145 3411 1403 3474 novum,
1432 3414 1506 3460 ac
1530 3396 1693 3461 libro
1719 3394 1995 3460 secundo
2022 3395 2509 3460 Sententiarum
2533 3394 2556 3430 ⁸
2589 3419 2603 3460 :
2642 3397 2800 3464 illud
2831 3421 2846 3463 :
2888 3398 3064 3462 Unus
3091 3397 3385 3462 interitus
3412 3396 3736 3461 hominem
3762 3405 3824 3461 et

626 3498 1085 3586 jumentorum,
1117 3508 1377 3589 perinde
1396 3527 1469 3574 ac
1495 3509 1717 3574 eodem
1743 3511 1910 3578 libro
1938 3513 2216 3578 secundo
2239 3512 2261 3546 ⁴
2289 3535 2304 3576 ε
2335 3511 2488 3577 illud
2508 3531 2525 3576 z
2556 3514 2980 3579 Solummodo
2999 3514 3116 3579 hoc
3142 3516 3377 3596 inveni,
3401 3514 3580 3598 quod
3595 3514 3822 3597 feeerit

627 3616 950 3687 honu'nem
991 3632 1267 3704 rectum,
1297 3634 1360 3691 et
1382 3629 1527 3712 :ipse
1568 3646 1631 3696 se
1674 3631 1941 3710 infinitis
1980 3631 2308 3696 misouerit
2340 3631 2813 3714 quaestionibus,
2843 3634 3105 3715 perinde
3133 3653 3208 3700 ac
3249 3635 3317 3697 in
3344 3632 3620 3715 Prologo
3647 3634 3820 3714 ejus-

626 3735 772 3801 dem
796 3739 945 3804 libri
974 3743 1236 3808 secundi
1268 3745 1336 3808 ⁸.:
1370 3743 1530 3810 illud
1560 3765 1578 3808 z
1611 3748 1829 3816 Nescit
1851 3748 2040 3813 homo
2084 3749 2242 3829 (sive
2270 3767 2455 3812 nemo
2491 3748 2628 3831 scit)
2647 3799 2668 3828 ,
2699 3769 2788 3814 an
2830 3752 2975 3816 odio
2994 3801 3015 3831 ,
3061 3772 3149 3816 an
3178 3768 3395 3818 amore
3441 3748 3677 3833 diqnus
3712 3752 3816 3829 sit,

624 3855 885 3934 perinde
926 3877 999 3922 ac
1040 3859 1204 3925 libro
1239 3862 1449 3945 primo
1483 3863 1505 3896 ⁶
1557 3886 1572 3927 z
1618 3865 1750 3945 Qui
1783 3867 1853 3929 in
1892 3885 2021 3930 uno
2064 3866 2449 3949 peccaverit,
2496 3865 2706 3929 multa
2746 3867 2910 3933 bona
2941 3870 3200 3955 perdet,
3241 3868 3502 3953 perinde
3547 3867 3626 3931 ac
3653 3867 3819 3930 libro

624 3971 811 4036 tertio
838 3979 859 4013 ⁷
892 3994 908 4036 ι
956 3974 1113 4041 illud
1147 3999 1161 4039 :
1194 3977 1318 4043 Est
1348 3978 1598 4043 malum
1624 3980 1804 4063 quod
1822 3981 1959 4046 vidi
1981 3983 2096 4047 sub
2125 3982 2291 4062 sole,
2322 3982 2514 4066 quasi
2545 3999 2663 4065 per
2691 4003 2975 4053 errorem
3014 3986 3340 4071 eqrediens
3368 4004 3410 4048 a
3434 3959 3608 4067 facie
3632 3984 3814 4067 prin-

622 4089 781 4182 cipis
792 4138 813 4171 ,
836 4092 1127 4175 positum
1151 4095 1419 4160 stultum
1448 4097 1518 4161 in
1549 4097 1859 4181 diqnitate
1886 4099 2176 4179 sublimi,
2209 4098 2470 4181 perinde
2497 4117 2571 4164 ac
2616 4099 2781 4167 libro
2807 4104 3081 4169 secundo
3114 4109 3159 4168 ⁸.
3190 4101 3394 4180 Quid?
3430 4093 3603 4184 quod
3629 4099 3818 4184 plura

623 4203 747 4269 alia
792 4207 862 4271 in
904 4208 1026 4275 hac
1068 4214 1464 4296 expositione
1516 4217 1761 4283 adserta
1815 4235 1964 4283 cum
2008 4216 2197 4282 certis
2244 4216 2711 4283 Bonaventurae
2754 4219 3053 4303 operibus
3106 4216 3523 4295 concordant,
3580 4218 3736 4298 puta
3796 4238 3811 4280 z

629 4349 663 4387 ι
690 4325 878 4394 Solus
908 4330 1192 4400 Christus
1217 4336 1459 4421 absque
1484 4342 1737 4422 peccato
1767 4342 2132 4422 conceptus,
2164 4338 2479 4420 originale
2502 4356 2634 4404 non
2661 4336 3015 4403 contraxit:
3051 4356 3083 4396 ι
3121 4337 3194 4400 ut
3220 4333 3383 4398 nihil
3409 4332 3621 4397 dicam
3649 4334 3713 4397 et
3735 4332 3814 4397 de

621 4441 1018 4515 distinctione
1062 4452 1287 4535 judicii
1330 4455 1539 4538 quoad
1580 4455 2014 4521 antecedentia
2028 4503 2049 4534 ,
2108 4455 2625 4535 concomitentia‚
2688 4451 3134 4536 consequentia
3149 4499 3171 4530 ,
3215 4450 3296 4514 de
3347 4447 3681 4533 multiplici
3724 4447 3811 4511 si-

622 4561 1030 4641 gnificatione
1076 4570 1483 4651 aeternitatis,
1521 4577 1587 4637 et
1635 4572 1712 4638 de
1742 4572 1933 4638 modo
1973 4574 2539 4658 proponendarum
2580 4561 3154 4652 solvendarumque
3205 4565 3648 4632 difficultatum
3696 4581 3813 4646 per

624 4676 950 4759 Quat-itur
967 4730 991 4762 ,
1024 4685 1266 4753 Contra
1279 4736 1302 4763 ,
1333 4688 1704 4772 Respondeo
1734 4689 2076 4756 dicendum
2097 4739 2114 4772 ,
2147 4699 2212 4756 et
2240 4691 2319 4756 de
2347 4694 2648 4757 consueto
2693 4708 2820 4755 usu
2847 4690 3153 4771 perpetuo
3184 4684 3422 4751 divinae
3462 4681 3813 4765 Scripturae

617 4796 943 4881 textuum,
992 4805 1056 4866 et
1084 4802 1163 4868 de
1198 4823 1325 4871 usu
1359 4823 1585 4872 sensus
1609 4807 1860 4891 mystici
1897 4825 2260 4891 vocumque
2302 4808 2594 4874 similiter
2629 4804 3079 4872 desinentium.
3114 4802 3397 4906 Denique
3435 4797 3808 4880 hujusmodi

618 4907 1123 4985 Commentarius
1149 4918 1324 4987 haud
1349 4921 1658 4987 absimilis
1683 4923 1941 4990 videtur
1960 4924 2123 4989 mihi
2150 4924 2617 4991 Commentario
2639 4925 2710 4989 in
2734 4924 2768 4988 J
2771 4939 3048 4988 oannem
3076 4920 3122 4983 ⁹.

680 5113 692 5144 ‘
721 5112 980 5169 Hactenus
1012 5117 1222 5174 inedita.
1258 5147 1320 5160 —
1352 5122 1377 5157 ¹
1402 5121 1549 5174 Edita
1584 5122 1788 5176 Parisiis
1816 5138 1899 5177 an.
1943 5125 2063 5176 1647
2107 5125 2201 5175 sub
2234 5124 2443 5178 nomine
2472 5127 2534 5177 A.
2571 5124 2634 5176 de
2676 5123 2846 5175 Hales.
2875 5147 2936 5161 —
2965 5122 2984 5150 ³
3015 5119 3144 5171 Dist·
3172 5129 3260 5181 xv,
3289 5115 3410 5167 dul³·
3446 5119 3495 5177 42
3523 5114 3631 5180 hui·
3659 5116 3803 5182 edit„

612 5186 739 5237 tom.
771 5189 844 5253 11,
869 5202 989 5254 pag.
1015 5193 1123 5244 608.
1154 5218 1217 5231 —
1243 5193 1266 5231 δ
1290 5193 1417 5245 Dist.
1446 5207 1570 5261 xlx,
1597 5199 1694 5246 art.
1728 5200 1775 5261 1,
1803 5210 1856 5261 q.
1887 5198 1935 5262 2,
1964 5196 2029 5247 ad
2058 5199 2108 5262 1,
2134 5199 2260 5247 tom.
2301 5198 2398 5260 111,
2421 5211 2542 5262 pag.
2566 5199 2646 5249 60.
2673 5222 2735 5235 —
2764 5196 2786 5230 ⁸
2805 5196 2952 5246 Tom.
2984 5192 3060 5256 ΙΙ,
3086 5204 3205 5256 pag.
3228 5191 3340 5241 231.
3368 5213 3430 5226 -
3458 5189 3479 5220 ⁸
3507 5190 3564 5239 ln
3589 5189 3802 5254 Prolog.

606 5256 766 5324 Mag„
792 5258 914 5310 dub.
940 5264 989 5328 1,
1017 5265 1145 5314 tom.
1176 5266 1215 5326 i,
1238 5277 1354 5330 pag.
1385 5267 1467 5317 23.
1495 5291 1559 5305 —
1583 5264 1603 5301 ⁷
1634 5266 1763 5317 Diet.
1792 5278 1978 5330 xxxvt,
2006 5280 2060 5332 q.
2090 5270 2138 5332 4,
2163 5267 2230 5318 ad
2255 5271 2276 5318 1
2311 5272 2364 5319 et
2387 5271 2438 5331 2,
2464 5271 2593 5321 tom.
2621 5267 2688 5329 V,
2712 5279 2833 5332 pag.
2864 5267 2973 5317 ¹40.
3004 5290 3060 5301 —
3090 5265 3109 5293 ⁸
3140 5261 3269 5313 Dist.
3300 5270 3444 5321 nur,
3472 5264 3570 5311 art-
3601 5264 3648 5325 2,
3671 5275 3725 5325 ⁴1·
3752 5267 3802 5324 ¹2

603 5328 670 5377 ad
698 5332 746 5396 3,
774 5334 900 5383 tom.
932 5331 1019 5394 ΙΙΙ,
1040 5347 1158 5400 pag.
1186 5337 1296 5388 618.
1321 5361 1383 5374 -
1405 5338 1426 5368 ⁰
1449 5336 1597 5389 Edito
1624 5338 1851 5391 Coloniae
1880 5352 1945 5390 an
1974 5340 2094 5391 1537
2121 5339 2218 5390 sub
2243 5338 2452 5392 nomine
2479 5340 2590 5394 Nic.
2625 5337 2862 5402 Gorrani,
2898 5336 3018 5389 ord.
3060 5333 3347 5399 Praedicat,
3376 5331 3467 5384 sed
3495 5332 3559 5383 ab
3591 5337 3803 5387 auctore

600 5399 868 5455 Prodi-omi
894 5404 1268 5460 Beneventum
1294 5410 1472 5461 nostro
1502 5412 1717 5462 asserto.
