4196 6294
110 814 332 862 Dilectio.

106 2535 331 2579 Voluntas

123 2597 313 2651 triplici-

166 4694 332 4738 Volun-

110 4764 202 4804 tas.
227 4761 332 4802 Sen-

110 4819 318 4865 molitu.

1629 484 1994 553 PSALMUS
2033 482 2294 552 cxvul.

363 618 668 678 versiculis
729 617 1104 693 praenotatis;
1169 618 1267 675 hic
1320 618 1648 678 ostenditur
1715 620 1916 679 fervor

366 710 693 771 affectionis
730 715 999 786 respectu
1035 712 1333 785 gratuitae,
1370 728 1477 770 seu
1517 713 1797 785 gratificae
1825 715 1914 773 di-

366 809 655 868 lectionis.
696 809 933 868 Dilectio
972 808 1105 867 talis
1135 809 1348 868 dicitur
1385 827 1510 868 esse
1539 816 1702 869 actus
1730 812 1915 887 incly-

369 907 484 974 tus,
511 904 813 963 voluntate
840 904 1089 976 genituS,
1114 904 1394 963 charitate
1410 906 1673 977 vestituS,
1692 905 1914 979 justitia

368 998 619 1055 nutritus
641 1040 660 1069 ,
716 996 1154 1072 perseverantia
1212 998 1556 1058 custoditus.
1611 1000 1872 1074 Ideoque
1892 1043 1912 1073 ,

369 1096 658 1166 quantum
687 1092 833 1148 mihi
854 1107 1029 1149 nosse
1047 1091 1419 1165 permittitur,
1446 1092 1914 1167 quadrupliciter

366 1185 431 1242 in
456 1185 572 1243 hoc
597 1200 773 1243 versu
800 1184 1150 1242 describitur
1179 1203 1194 1240 ε
1224 1185 1502 1244 videlicet
1533 1186 1596 1244 in
1624 1191 1914 1261 quantum

367 1278 664 1352 gignitur,
716 1280 778 1337 in
831 1286 1121 1354 quantum
1175 1281 1452 1354 vestitur,
1508 1282 1572 1340 in
1625 1285 1914 1357 quantum

364 1372 653 1444 nutritur,
706 1376 763 1431 et
804 1373 867 1430 in
908 1376 1199 1446 quantum
1243 1375 1592 1434 custoditur.
1635 1376 1915 1435 Voluntas

365 1469 452 1524 est
476 1466 746 1541 pariens3
777 1467 1027 1525 charitas
1052 1469 1335 1539 vestiens;
1363 1468 1587 1542 justitia
1612 1470 1911 1544 nutriens;

364 1560 800 1634 perseverantia
827 1561 1188 1620 custodiens.

860 1719 1148 1776 Artimalus
1180 1723 1411 1792 primus.

433 1843 530 1899 Vis
583 1841 790 1901 audire
847 1843 1218 1903 voluntatem
1275 1845 1489 1904 animae
1541 1847 1912 1921 parientem?

361 1935 513 1994 Audi
554 1936 906 2010 Prophetam
949 1937 1244 1996 dicentem
1295 1958 1310 1996 z
1361 1940 1684 2014 concupivit
1725 1946 1913 1999 anima

359 2048 491 2088 mea.
523 2030 677 2100 Quid
703 2036 823 2102 est,
861 2035 1047 2089 anima
1086 2036 1391 2107 concupivit
1409 2076 1429 2106 ,
1461 2034 1608 2106 nisi,
1636 2036 1912 2095 voluntas

361 2124 573 2181 animae
612 2125 925 2198 parturiit:
976 2130 1035 2184 et
1089 2127 1221 2201 quis
1269 2128 1644 2201 parturientis
1694 2130 1907 2202 ioetuS,

359 2217 472 2275 nisi
509 2218 842 2276 dilectionis
876 2220 1081 2278 actus?
1109 2220 1223 2278 Sed
1250 2225 1392 2280 nota
1418 2221 1709 2295 breviter,
1740 2223 1910 2297 quod

357 2312 635 2370 voluntas
678 2314 1073 2388 concupiscit,
1115 2314 1238 2373 sive
1280 2317 1533 2390 parturit
1558 2317 1859 2391 tripliciter
1890 2336 1905 2377 ε

358 2406 634 2465 videlicet
669 2407 1147 2466 irrationabiliter
1165 2450 1185 2479 ‚
1213 2410 1670 2485 rationabiliter,
1698 2427 1907 2486 super-

356 2501 807 2560 rationabiliter.
841 2502 1037 2562 Primo
1078 2503 1264 2561 modo
1295 2504 1583 2578 parturit,
1622 2505 1795 2580 quasi
1836 2523 1909 2566 ex

358 2598 635 2669 contagio
661 2598 955 2672 passionis
970 2619 987 2671 ;
1035 2600 1299 2659 secundo
1320 2644 1339 2673 ,
1369 2602 1541 2675 quasi
1569 2620 1643 2661 ex
1683 2604 1907 2662 semine

314 2689 329 2705 ”
356 2690 638 2762 rationis3
669 2691 863 2764 tertio,
892 2692 1063 2768 quasi
1092 2709 1166 2751 ex
1194 2694 1418 2753 semine
1446 2696 1757 2756 unctionis
1790 2699 1908 2757 Pri·

355 2802 458 2844 ma
492 2785 970 2860 concupiscentia
1006 2787 1375 2861 prohibetur,
1419 2805 1557 2848 cum
1593 2790 1809 2851 dicitur
1838 2795 1855 2831 ¹
1889 2811 1905 2851 z

364 2899 392 2933 α
423 2882 553 2937 Non
590 2879 972 2954 concupisces
1015 2896 1268 2940 uxorem
1305 2883 1565 2956 proximi
1616 2885 1733 2958 tui,
1784 2903 1907 2945 non

359 2972 640 3044 domum,
691 2988 815 3032 non
863 2989 1098 3047 agrum,
1150 2996 1181 3030 n
1240 2979 1348 3034 etc.
1405 2977 1506 3035 Hic
1558 2979 1908 3053 prohibetur

358 3066 833 3140 concupiscentia
852 3067 1211 3126 irrationalis
1235 3069 1579 3143 voluntatiS,
1609 3089 1742 3147 quae
1768 3090 1906 3149 par·

357 3161 496 3220 turit
531 3178 605 3219 ex
643 3163 917 3235 contagio
964 3162 1258 3221 sensibilis
1291 3165 1605 3239 passionis,
1634 3169 1907 3227 Secunda

355 3256 833 3330 concupiscentia
860 3257 1143 3314 suadetur
1161 3257 1186 3291 ¹
1217 3275 1232 3314 :
1270 3277 1298 3311 α
1326 3259 1484 3317 Sicut
1509 3261 1695 3319 modo
1725 3263 1906 3336 geniti

355 3349 605 3408 infantes
645 3349 1030 3409 rationabiles
1080 3348 1152 3424 (a)
1190 3352 1315 3409 sine
1357 3352 1501 3411 dolo
1546 3354 1641 3412 lac
1687 3372 1906 3415 concu-

353 3444 580 3518 piscite,
630 3448 697 3502 ut
743 3446 805 3501 in
858 3461 931 3503 eo
985 3446 1255 3503 crescatis
1306 3445 1370 3504 in
1419 3448 1690 3507 salutem.
1740 3469 1770 3505 »
1804 3452 1906 3509 Hic

354 3539 567 3597 suadet
607 3539 920 3614 Apostolus
968 3540 1400 3599 rationabiliter
1448 3544 1906 3603 rationabilibus

355 3633 896 3709 concupiscentiam
917 3634 1269 3692 rationalem
1293 3651 1369 3693 ex
1389 3637 1633 3695 rationis
1656 3640 1903 3701 consilio

352 3728 705 3802 parientem,
758 3733 825 3785 ut
881 3744 1141 3787 crescere
1192 3729 1431 3787 valeant
1485 3731 1549 3788 in
1596 3735 1906 3809 concupis-

355 3821 609 3880 centiam
657 3821 994 3880 salutarem.
1049 3822 1236 3882 Tertia
1287 3825 1764 3900 concupiscentia
1810 3847 1906 3888 re-

354 3919 623 3975 censetur
678 3932 786 3992 per
838 3917 1191 3991 prophetam
1212 3960 1233 3990 ,
1289 3935 1426 3977 cum
1484 3921 1754 3995 psallitur
1806 3928 1830 3963 ³
1886 3945 1900 3984 ε

360 4031 388 4066 α
417 4011 790 4086 concupiscit
842 4016 899 4071 et
951 4011 1151 4071 deficit
1201 4012 1404 4072 anima
1451 4030 1590 4075 mea
1642 4018 1705 4075 in
1756 4021 1907 4081 atria

354 4106 626 4179 Domini,
672 4127 701 4161 n
745 4111 855 4164 etc.
897 4110 1041 4166 Ecce
1089 4110 1552 4182 supernaturalis
1596 4115 1906 4189 concupis-

355 4200 547 4259 centia
570 4200 891 4260 voluntatis
909 4201 1192 4277 parientis
1219 4203 1597 4278 exdonariO,
1616 4207 1715 4265 vel
1736 4209 1905 4267 semi-

353 4293 524 4351 nario
552 4294 864 4368 unctioniS‚
895 4313 1027 4370 quae
1054 4297 1417 4372 concupiscit
1447 4316 1556 4374 per
1581 4301 1906 4362 coelestium

356 4387 771 4460 dilectionem,
822 4390 929 4447 sed
984 4389 1184 4448 deficit
1235 4395 1479 4466 propter
1535 4394 1901 4456 dilationem.

355 4483 501 4540 Ecce
527 4485 709 4557 patet,
731 4483 899 4557 quod
918 4489 1081 4542 actus
1110 4484 1439 4545 dilectionis
1468 4492 1553 4546 est
1577 4489 1902 4565 rationaIiS,

358 4591 496 4633 cum
550 4575 624 4634 sit
677 4581 840 4635 actus
894 4576 1216 4636 voluntatis
1242 4622 1261 4652 ,
1312 4597 1438 4639 non
1493 4583 1903 4644 sensualitatis,

356 4669 637 4728 Voluntas
668 4669 827 4729 enim
857 4674 943 4729 est
982 4673 1273 4746 appetitus
1300 4674 1728 4749 intellectivuS,
1756 4678 1907 4737 sicut

357 4764 701 4822 sensualitas
738 4764 1075 4834 sensitivus3
1105 4782 1216 4825 nec
1246 4768 1444 4827 solum
1478 4775 1564 4827 est
1602 4771 1905 4831 rationalis

357 4861 550 4928 actus,
577 4857 685 4915 sed
718 4861 776 4915 et
813 4857 1173 4918 rationaliter
1211 4866 1413 4933 natuS,
1442 4879 1580 4921 cum
1609 4863 1683 4922 sit
1710 4882 1784 4923 ex
1812 4882 1904 4924 ra·

357 4953 532 5012 tionis
558 4952 807 5011 consilio
823 4994 843 5024 ,
873 4968 997 5011 non
1025 4970 1099 5011 ex
1132 4957 1425 5030 passionis
1458 4961 1734 5032 contagio
1763 4978 1902 5034 pro-

359 5050 606 5106 creatus.
662 5050 1076 5105 Verumtamen
1129 5049 1328 5108 adhuc
1383 5051 1652 5111 informis
1709 5061 1793 5112 est
1847 5059 1904 5114 et

357 5141 599 5199 inermis
617 5182 633 5208 ,
659 5140 772 5199 nisi
799 5142 1177 5216 superveniat
1199 5146 1675 5219 concupiscentia
1700 5164 1902 5223 super-

426 5269 437 5296 ·
468 5268 639 5328 Dent„
666 5278 716 5327 v,
745 5269 823 5318 21.
853 5291 916 5304 —
944 5268 1003 5317 ²1
1035 5268 1190 5330 Petra,
1222 5280 1281 5334 ιι,
1309 5273 1356 5320 2.
1380 5295 1441 5308 -
1472 5273 1491 5303 ⁸
1512 5273 1649 5323 Psal.
1678 5285 1901 5337 mnu,

359 5340 407 5389 3.
430 5362 489 5376 -
520 5338 536 5367 ⁴
562 5340 678 5401 Ιεα..
704 5349 811 5401 κνι,
837 5341 963 5389 9.-
986 5339 1009 5377 ⁸
1027 5341 1170 5406 Sap„
1201 5351 1274 5406 iv,
1300 5345 1343 5405 1,
1368 5346 1414 5394 2.
1436 5368 1497 5381 -
1519 5345 1539 5374 ⁸
1563 5345 1729 5411 Cant„
1759 5358 1820 5410 11,
1849 5350 1897 5398 3.

3446 479 3563 540 345

2023 619 2361 690 rationalis,
2397 635 2532 692 quae
2571 617 2742 675 illum
2770 614 3015 685 formet,
3051 616 3336 687 tanquam
3380 608 3565 667 virtus

2020 714 2310 786 formali3‚
2339 718 2396 772 et
2423 714 2639 783 armet,
2667 710 2766 769 vel
2789 712 2988 781 ornet,
3018 710 3307 781 tanquam
3327 702 3565 762 habitus

2021 808 2359 883 spiritualis

2506 948 2781 1006 Articulus
2808 944 3089 1002 secundus.

2093 1092 2189 1150 Vis
2236 1092 2441 1151 videre
2497 1088 3037 1166 concupiscentiam
3081 1082 3567 1160 concupiscentiae

2021 1186 2534 1261 supervenientem
2560 1190 2616 1244 et
2643 1182 3209 1259 supervestientem?
3237 1178 3381 1236 Vide
3408 1176 3566 1235 Psal-

2021 1282 2423 1355 mographum
2472 1278 2939 1338 subscribentem
2978 1295 2993 1332 z
3045 1274 3392 1339 besides-are,
3455 1276 3563 1329 etc.

2021 1374 2177 1445 Quid
2223 1378 2310 1433 est
2348 1373 2718 1444 desiderare,
2761 1370 2871 1429 nisi
2920 1367 3337 1442 concupiscere
3363 1369 3393 1424 *Ξ
3423 1368 3568 1423 Ecce

2022 1468 2498 1544 concupiscentia
2578 1465 2962 1541 superaddita
3033 1460 3518 1534 concupiscentiae
3546 1501 3565 1531 ,

2019 1566 2309 1638 tanquam
2345 1562 2539 1621 forma
2571 1561 2861 1630 materiae,
2901 1558 3121 1616 scilicet
3146 1554 3569 1629 concupiscen-

2019 1659 2103 1717 tia
2136 1657 2459 1729 charitatiS,
2503 1653 2990 1729 concupiscentiae
3023 1649 3343 1709 voluntatis
3373 1666 3387 1706 :
3443 1663 3565 1706 non

2021 1752 2159 1811 dico
2214 1751 2582 1811 successione
2643 1747 2923 1823 temporis
2951 1789 2969 1819 ,
3025 1744 3133 1804 sed
3193 1741 3566 1802 distinctione

2022 1846 2265 1919 originis
2288 1865 2307 1919 3
2335 1848 2402 1903 ut
2434 1845 2509 1903 sit
2542 1848 2704 1902 actus
2742 1841 3008 1915 gratuitae
3043 1837 3404 1908 dilectioniS,
3445 1839 3570 1894 tam

2020 1941 2340 2010 voluntati,
2369 1956 2555 2015 quam
2582 1936 2850 1997 charitati
2898 1933 3266 2005 communis,
3311 1931 3569 2007 produc·

2019 2044 2114 2096 tus
2154 2034 2531 2095 materialiter
2588 2050 2662 2092 ex
2699 2030 2947 2090 consilio
2989 2027 3263 2097 rationis,
3307 2026 3413 2084 sed
3453 2025 3570 2083 sor-

2019 2131 2252 2190 maliter
2303 2146 2378 2189 ex
2430 2127 2722 2187 beneficio
2775 2124 3117 2197 unctionis,
3165 2138 3239 2180 ex
3292 2120 3568 2180 rationali

2019 2226 2320 2283 voluntate
2348 2221 2688 2292 laudabilis,
2718 2235 2791 2278 ex
2811 2215 3262 2293 superrationali
3289 2214 3568 2273 charitate

2018 2317 2490 2378 remunerabilis
2548 2316 2663 2375 Sed
2719 2317 2862 2373 nota
2889 2355 2908 2386 ,
2961 2311 3131 2386 quod
3176 2326 3250 2368 ex
3288 2308 3566 2367 charitate

2017 2414 2131 2471 tria
2175 2412 2462 2471 dehemus
2504 2409 2842 2468 desiderare
2884 2425 2898 2464 ε
2968 2404 3248 2462 videlicet
3299 2403 3566 2461 divinam

2013 2506 2344 2580 Justitiam3
2402 2504 2670 2563 divinam
2720 2499 3214 2576 complacentiam
3231 2517 3248 2571 3
3299 2496 3565 2555 dlvinam

2018 2600 2456 2660 cohoerentiam.
2514 2598 2776 2657 Primum
2832 2594 3196 2653 desiderium
3244 2596 3329 2651 est
3375 2590 3564 2649 refor-

2017 2696 2342 2767 mativum3
2392 2693 2724 2752 secundum
2762 2688 3289 2758 conformativum3
3328 2685 3563 2744 tertium

2017 2789 2579 2849 transformativum.
2629 2788 2708 2844 De
2760 2784 2957 2860 primo
3010 2781 3353 2854 intelligitur
3396 2778 3565 2853 quod

2015 2885 2232 2959 legitur
2253 2882 2274 2917 ⁸
2298 2903 2312 2941 :
2343 2903 2371 2937 α
2390 2882 2599 2941 Anima
2615 2895 2754 2938 mea
2774 2876 3135 2937 desideravit
3155 2880 3210 2934 te
3237 2875 3301 2933 in
3318 2877 3513 2932 nocte.
3532 2894 3560 2928 ι)

2015 2978 2325 3038 Justificari
2373 2992 2636 3051 namque
2676 2974 3000 3043 desiderat,
3033 2987 3172 3029 cum
3198 2969 3262 3027 in
3287 2967 3566 3043 lacrymis

2017 3071 2491 3147 compunctionis
2515 3071 2841 3145 pernoctat.
2884 3071 2962 3125 De
2999 3062 3262 3124 secundo
3289 3078 3415 3121 non
3452 3062 3563 3121 ab·

2017 3167 2196 3226 surde
2233 3166 2555 3240 accipitur,
2602 3163 2772 3238 quod
2807 3161 3082 3220 scribitur
3107 3161 3129 3195 ⁸
3170 3178 3185 3216 ε
3241 3179 3268 3212 α
3295 3160 3340 3216 Ο
3383 3172 3565 3231 quam

2016 3262 2266 3336 pulchra
2296 3265 2382 3319 est
2419 3263 2579 3317 casta
2615 3255 2917 3331 generatio
2958 3270 3096 3313 cum
3123 3251 3418 3312 claritate!
3452 3256 3565 3310 lm-

2016 3354 2284 3414 mortalis
2320 3357 2406 3412 est
2443 3352 2603 3410 enim
2644 3349 2935 3409 memoria
2961 3348 3120 3406 illius
3148 3366 3162 3404 z
3196 3346 3483 3420 quoniam
3510 3349 3567 3402 et

2017 3448 2183 3522 apud
2226 3450 2408 3505 Deum
2452 3451 2595 3505 nota
2640 3450 2757 3516 est,
2795 3450 2853 3502 et
2894 3442 3058 3518 apud
3092 3440 3382 3501 homineS.
3421 3444 3567 3498 Cum

2014 3558 2272 3617 praesens
2292 3545 2396 3612 est,
2424 3539 2590 3598 illam
2610 3539 2912 3597 imitantur
2930 3555 2948 3608 ;
2979 3540 3038 3595 et
3056 3535 3392 3594 desiderant
3411 3548 3563 3602 eam,

2018 3652 2157 3694 cum
2201 3653 2263 3694 se
2323 3634 2614 3707 eduxerit,
2666 3638 2724 3692 et
2765 3633 2829 3690 in
2877 3633 3232 3708 perpetuum
3283 3633 3567 3687 coronata

2016 3731 2361 3813 triumphat.
2377 3750 2407 3785 ι
2430 3732 2570 3800 Quoe
2595 3733 2679 3788 est
2695 3729 2806 3787 ista
2818 3733 2938 3786 tam
2951 3726 3220 3802 pulchra,
3243 3728 3369 3783 tam
3384 3729 3565 3796 casta,

2015 3829 2141 3884 tam
2182 3825 2344 3885 clara
2374 3822 2673 3898 generatio
2689 3866 2709 3896 ,
2737 3821 2851 3880 nisi
2884 3819 3264 3896 pulchritudo
3287 3818 3525 3893 justitiae
3544 3863 3563 3890 ‚

2017 3935 2203 3994 quam
2248 3918 2477 3978 castitas
2522 3917 2795 3991 concepit
2843 3931 2918 3973 ex
2972 3914 3279 3986 charitate,
3327 3912 3390 3971 id
3445 3916 3564 3985 est,

2017 4013 2359 4072 beatissima
2412 4011 2589 4084 virgo
2652 4009 2729 4068 de
2795 4008 3013 4083 Spiritu
3077 4011 3282 4066 sancto
3302 4009 3332 4064 ἵ
3385 4007 3566 4080 Hujus

2016 4123 2228 4167 revera
2271 4105 2623 4166 immortalis
2668 4107 2756 4163 est
2799 4103 3132 4162 memoria:
3179 4103 3357 4176 huJus
3402 4100 3566 4176 apud

2017 4205 2203 4261 Deum
2248 4206 2306 4260 et
2357 4201 2632 4260 homines
2678 4198 2928 4258 celebris
2977 4201 3064 4256 est
3110 4195 3358 4267 notitia3
3413 4195 3567 4252 hanc

2016 4296 2318 4354 imitamur
2357 4311 2596 4370 passam
2630 4295 2694 4351 in
2730 4293 2899 4352 terris
2919 4333 2938 4362 ‚
2965 4291 3078 4350 sibi
3103 4290 3563 4366 compatientes;

2015 4389 2170 4448 hanc
2223 4390 2633 4449 desideramus
2683 4389 3029 4446 coronatam
3082 4385 3144 4442 in
3197 4383 3360 4442 coelis
3379 4423 3399 4453 ‚
3451 4381 3566 4440 sibi

2018 4486 2390 4561 complacere
2423 4486 2744 4543 studentes.
2784 4486 2864 4541 De
2897 4482 3065 4540 tertio
3091 4482 3360 4555 patenter
3388 4492 3568 4550 expo-

2016 4582 2175 4641 nitur
2202 4580 2369 4656 quod
2408 4578 2761 4655 proponitur
2785 4579 2808 4613 ⁶
2839 4595 2854 4635 :
2890 4596 2920 4632 α
2964 4575 3084 4633 Sub
3127 4574 3342 4632 umbra
3367 4571 3565 4641 illius,

2018 4691 2199 4750 quem
2239 4674 2735 4742 desideraveram,
2767 4670 2916 4737 sedi,
2947 4673 3006 4728 et
3030 4668 3254 4727 fructus
3281 4666 3407 4739 ejus
3435 4664 3568 4723 dul-

2017 4770 2100 4826 cis
2133 4768 2352 4842 gutturi
2378 4782 2536 4824 mec.
2575 4787 2603 4820 »
2640 4764 2834 4822 Verba
2872 4777 3135 4835 namque
3171 4765 3309 4818 sunt
3335 4774 3566 4834 sponsa}

2015 4862 2272 4920 sedentis
2316 4876 2426 4935 per
2469 4859 2843 4917 vacationem
2886 4857 3001 4914 sub
3053 4855 3270 4913 umbra
3324 4853 3562 4927 sponsi,

2014 4974 2126 5032 per
2162 4956 2541 5014 umbratilem
2575 4953 3042 5029 speculationem
3080 4949 3468 5009 desiderantis
3494 4949 3563 5006 il-

2013 5052 2130 5109 lius
2158 5050 2483 5108 dilucidam
2523 5047 3119 5122 contemplationem,
3147 5049 3203 5105 et
3233 5043 3564 5119 recipientis

2015 5145 2283 5219 aliquam
2303 5143 2660 5200 fruitionem.

2078 5342 2142 5407 (α)
2182 5341 2325 5406 Vulq.
2355 5340 2673 5392 rationabile.

3620 2610 3725 2653 Tria
3734 2610 3807 2655 de·

3593 2674 3792 2719 sideran-

3619 2739 3677 2780 da
3724 2751 3777 2781 ex

3592 2801 3806 2845 charitate
