4196 6294
660 578 711 625 Χ

661 695 924 780 plationi
949 695 1159 762 dedito
1183 695 1516 781 adaptatur
1547 716 1565 761 1
1595 720 1628 758 α
1646 696 1775 763 Νο5
1800 713 1932 763 808
1954 694 2272 760 habemus
2297 692 2673 778 sapientiam
2694 694 2878 776 asini,
2906 696 3020 781 qui
3041 698 3249 783 portat
3273 699 3590 767 sarcinam
3620 717 3829 788 snam,

662 816 726 877 et
751 816 992 897 quanto
1018 814 1162 898 plus
1188 806 1560 898 percutitur,
1589 818 1654 880 et
1678 815 1864 900 plura
1891 813 2012 877 sibi
2038 811 2359 895 vituperia
2387 810 2707 892 dicuntur,
2738 810 2911 878 tanto
2937 814 3166 879 melius
3192 818 3420 899 portat,
3440 840 3471 878 n
3503 820 3584 901 (et
3608 824 3837 888 caetera

661 947 808 1013 quae
833 930 962 1013 legi
976 935 1242 1014 possunt
1253 931 1450 1014 hujus
1467 931 1646 1011 tomi,
1669 950 1822 1016 pag.
1853 934 1993 1007 151,
2015 928 2134 994 001.
2158 931 2241 1009 2).
2274 927 2374 994 En
2386 945 2516 1011 quo
2533 944 2724 993 sensu
2749 927 2814 993 id
2830 928 2908 994 de
2933 930 3118 996 beato
3133 930 3466 999 Franciseo
3490 936 3831 1019 prolatum.

740 1049 1068 1116 Postremo
1114 1051 1197 1116 ad
1247 1050 1669 1117 Oudinianam
1725 1048 1999 1113 ironiam
2019 1096 2035 1128 ,
2086 1063 2221 1130 qua
2279 1045 2559 1110 referens
2610 1062 2694 1109 ex
2744 1063 3037 1112 sermone
3106 1050 3382 1115 secundo
3430 1051 3542 1117 illa
3589 1056 3786 1121 verba
3815 1080 3831 1123 :

669 1188 701 1227 α
727 1164 1067 1230 Peccatum
1100 1167 1196 1229 est
1235 1163 1426 1228 arbor
1458 1164 1680 1228 mortis
1698 1211 1715 1242 ‚
1758 1165 1971 1247 gratia
2004 1167 2101 1229 est
2143 1163 2335 1228 arbor
2373 1163 2526 1229 vitae
2540 1212 2558 1244 ,
2587 1186 2618 1224 1»
2657 1153 2748 1227 ait
2783 1185 2798 1226 :
2859 1187 2889 1224 α
2905 1164 3129 1253 'Digna
3161 1169 3551 1251 comparatio
3575 1170 3836 1239 Doctore

661 1280 1002 1364 Seraphico
1029 1283 1046 1343 1
1088 1280 1242 1359 Quis
1271 1299 1562 1365 unquam
1599 1281 1995 1366 comparavit
2035 1283 2369 1364 peccatum
2403 1280 2619 1345 arbori
2642 1282 2660 1317 ¹
2687 1287 2765 1345 1»
2805 1300 2954 1348 0818
2983 1283 3230 1350 Oudino
3261 1287 3399 1370 ipso
3432 1290 3782 1372 respondeo
3812 1312 3828 1353 :

668 1422 700 1459 α
726 1398 1076 1489 Speculum
1113 1399 1353 1463 animoe
1378 1405 1403 1440 ¹
1439 1400 1675 1465 rectius
1710 1399 2164 1464 inscriberetur
2199 1398 2409 1465 Arbor
2442 1398 2808 1482 cupiditatis
2852 1419 2967 1466 seu
3017 1403 3405 1487 iniquitatis,
3447 1424 3595 1471 cum
3633 1410 3835 1474 ramis

655 1522 1062 1597 peccatorum
1091 1516 1467 1580 mortalium
1485 1516 1532 1581 ³.
1551 1537 1582 1575 υ
1618 1516 1777 1581 Ecce
1803 1516 2091 1582 Oudinus
2121 1515 2256 1599 ipse
2281 1533 2658 1600 comparans
2683 1521 3014 1601 peccatum
3046 1520 3282 1587 arbori.

737 1637 799 1696 9.
850 1631 1050 1697 Porro
1092 1631 1463 1712 Sermones,
1512 1633 1747 1716 quibus
1791 1637 2037 1701 constat
2085 1651 2251 1718 opus
2295 1634 2605 1700 hactenus
2648 1634 3016 1718 laudatum,
3066 1639 3295 1705 melius
3339 1640 3836 1710 inscriberentur

663 1749 1069 1817 Collationes.
1107 1748 1207 1813 Ab
1242 1748 1422 1814 initio
1456 1749 1629 1814 enim
1670 1751 1933 1817 secundi
1963 1750 2291 1817 Sermonis
2322 1750 2553 1816 dicitur
2586 1774 2603 1817 1
2660 1776 2692 1813 a
2718 1752 2837 1817 Hic
2883 1754 3103 1839 incipit
3138 1760 3415 1825 secunda
3455 1761 3771 1846 Collatio;
3795 1787 3825 1824 n

659 1867 740 1930 ab
779 1865 962 1931 initio
996 1865 1322 1931 Sermonis
1350 1867 1551 1931 sexti:
1593 1890 1623 1928 α
1650 1867 1737 1932 De
1765 1868 1886 1933 hoc
1912 1886 2108 1952 supra
2132 1867 2202 1932 in
2223 1868 2476 1934 duabus
2506 1869 2967 1937 Collationibus
2981 1892 3008 1954 ,·
3038 1896 3068 1933 ι)
3105 1893 3237 1940 808
3273 1877 3495 1942 multis
3530 1883 3672 1962 post
3714 1881 3833 1944 ini-

662 1984 825 2048 tium
853 1983 1178 2081 Sermonis
1199 1983 1370 2047 sexti
1398 1983 1626 2048 decimi
1657 2004 1674 2048 1
1717 2008 1749 2047 α
1778 1984 1858 2051 Ut
1882 1986 2066 2070 posui
2091 2004 2286 2069 supra
2311 1978 2380 2049 in
2405 1985 2787 2069 praecedenti
2818 1988 3185 2056 collatione.
3218 2015 3248 2052 ι
3296 1995 3419 2078 Huj
3429 1997 3679 2061 usmodi
3706 1997 3837 2064 Col·

659 2099 923 2164 lationes
947 2099 1018 2163 in
1043 2099 1326 2183 primum
1350 2102 1539 2183 caput
1565 2100 1852 2181 Genesis,
1882 2120 2279 2186 quamquam
2322 2101 2466 2167 heic
2492 2104 2845 2170 secundum
2880 2106 3093 2172 locum
3120 2113 3374 2175 teneant
3411 2112 3578 2177 inter
3604 2113 3832 2197 hagio-

661 2217 913 2301 grapha
926 2265 944 2295 ‚
977 2218 1242 2282 fuerunt
1277 2220 1494 2281 tamen
1519 2218 1687 2282 inter
1727 2219 2076 2284 novissima
2102 2270 2118 2299 ‚
2165 2237 2313 2303 quae
2340 2219 2897 2289 Bonaventmiano
2934 2244 3016 2289 08
3056 2244 3166 2291 ore
3209 2228 3614 2311 prodierunt,
3668 2250 3837 2297 8880
3964 2258 3978 2268 ·

659 2334 950 2400 videlicet
977 2338 1125 2399 ante
1156 2338 1297 2418 ejus
1333 2339 1627 2401 mortem.
1666 2335 1759 2402 Ob
1789 2354 1977 2402 suam
2018 2337 2487 2422 promotionem
2531 2337 2611 2403 ad
2662 2338 3130 2408 Cardinalatum
3164 2362 3295 2409 non
3337 2348 3544 2429 potuit
3584 2349 3836 2415 easdem

659 2450 738 2515 ad
770 2453 966 2517 finem
1000 2470 1202 2536 usque
1237 2452 1602 2536 perducere.
1641 2451 2038 2538 Quapropter
2072 2454 2145 2518 in
2182 2453 2393 2519 codice
2427 2454 2706 2538 quodam
2736 2455 3034 2520 Biblioth.
3065 2455 3346 2522 vatican.
3379 2457 3680 2525 dicuntur
3717 2462 3833 2529 Ve-

658 2569 959 2634 nerabilis
988 2570 1324 2655 inceptoris
1358 2574 1848 2638 Bonaventurae.
1895 2571 1968 2636 In
1997 2571 2225 2638 iisdem
2268 2570 2438 2655 typis
2471 2571 2657 2635 editis
2673 2571 2928 2659 'aliquid
2970 2571 3237 2638 deiicere
3277 2576 3470 2657 argui
3506 2580 3716 2660 potest
3753 2597 3837 2645 ex

658 2685 833 2751 MSS.
860 2686 1277 2753 concionibus
1313 2689 1379 2754 S.
1421 2689 1793 2755 Bernardin.
1823 2687 2119 2754 Senensis
2151 2707 2325 2754 8880
2362 2691 2519 2754 1433
2558 2678 2898 2754 Florentiae
2923 2688 3188 2771 habitis,
3229 2709 3389 2774 quas
3429 2691 3499 2757 P.
3541 2694 3840 2762 Sbaralea

658 2803 927 2885 reperiri
954 2802 1263 2869 Ferrariae
1288 2804 1359 2867 in
1385 2803 1775 2869 Bibliotheca
1800 2805 1866 2870 S.
1899 2805 2218 2871 Francisci
2246 2809 2535 2872 testatur.
2568 2805 2727 2872 Cum
2755 2808 2925 2873 enim
2964 2808 3077 2888 ibi,
3110 2809 3221 2874 fol.
3257 2810 3402 2890 120,
3434 2809 3502 2873 in
3529 2809 3840 2878 Concione

658 2919 1000 2985 Dominicae
1037 2920 1556 3003 Quadragesimae
1595 2920 1673 2985 de
1717 2920 2000 2988 Caritate
2025 2925 2258 2989 scribat
2292 2924 2360 2989 S.
2407 2925 2839 2990 Bernardinus
2853 2972 2870 3004 ,
2917 2926 2990 2991 D.
3042 2926 3555 2993 Bonaventuram
3596 2929 3667 2993 in
3705 2930 3839 2995 suis
3963 2988 3970 2995 .

658 3038 1248 3104 Illunu‘nationibus
1277 3039 1406 3105 duo
1439 3057 1718 3105 asserere
1748 3058 1766 3104 1
1805 3038 2079 3106 alterum
2096 3088 2119 3121 ‚
2151 3042 2488 3107 haereticos
2521 3059 2712 3126 aequo
2742 3042 2960 3107 animo
2997 3060 3113 3125 pro
3145 3043 3269 3107 flde
3302 3045 3624 3110 tormenta
3655 3047 3841 3111 susti-

657 3174 841 3236 nere,
887 3156 1124 3240 illaque
1156 3175 1309 3224 cum
1345 3158 1587 3239 gaudio
1622 3157 1922 3240 tolerare,
1962 3159 2279 3242 gaudium
2323 3164 2540 3226 tamen
2577 3160 2740 3227 illud
2780 3161 3046 3226 minime
3090 3161 3411 3242 naturale,
3457 3164 3567 3228 sed
3605 3182 3645 3228 a
3688 3164 3837 3231 1)ae-

659 3293 848 3339 111080
876 3292 1040 3354 0550,
1071 3274 1346 3339 alterum
1376 3293 1532 3341 vero
1576 3276 1909 3341 haereticos
1943 3278 2026 3343 ob
2070 3278 2401 3360 perfidiam
2440 3297 2625 3344 snam
2670 3277 3058 3368 martyrium
3096 3297 3312 3362 passos
3358 3299 3694 3364 nunquam
3722 3302 3835 3367 pa-

657 3397 855 3458 trasse
881 3392 1187 3458 miracula
1204 3392 1448 3458 ostendi
1473 3411 1687 3477 posse3
1718 3411 1992 3476 cumque
2012 3392 2081 3457 in
2103 3392 2692 3457 Illuminationibus
2714 3391 2898 3457 editis
2923 3391 3234 3457 habeatur
3259 3395 3511 3458 tantum
3534 3393 3840 3462 Sermone

657 3529 831 3576 nono
854 3510 1187 3575 haereticos
1211 3529 1544 3595 nunquam
1572 3511 1790 3576 fecisse
1815 3510 2147 3591 miracula,
2179 3514 2242 3575 et
2276 3510 2441 3575 nihil
2469 3509 2675 3589 aliud3
2705 3526 3099 3593 consequens
3126 3527 3263 3576 esse
3287 3511 3543 3577 videtur
3559 3562 3576 3592 ‚
3601 3513 3672 3578 in
3699 3533 3834 3581 ma-

656 3611 985 3712 nuscripto
1016 3646 1238 3692 earum
1275 3626 1568 3710 exemplo
1608 3646 1648 3693 a
1685 3627 1758 3692 D.
1804 3627 2198 3693 Bernardino
2240 3626 2525 3691 adhibito
2541 3674 2559 3706 ‚
2601 3626 2840 3710 aliquid
2886 3627 3164 3710 amplius
3209 3629 3515 3694 extitisse.
3545 3629 3837 3697 Codicem

659 3746 919 3830 optimae
955 3747 1124 3810 notae
1164 3744 1360 3810 fuisse
1401 3762 1537 3828 prae
1578 3746 1876 3811 manibus
1909 3745 2115 3811 eidem
2151 3744 2217 3810 S.
2262 3742 2652 3809 Bernardino
2695 3744 2798 3811 vel
2832 3763 2914 3810 ex
2958 3763 3033 3810 eo
3070 3745 3345 3811 derivari
3385 3751 3616 3832 potest,
3667 3748 3839 3832 quod

658 3863 814 3928 dum
850 3862 1144 3947 praefatas
1191 3862 1694 3928 illuminationes
1725 3864 1969 3944 laudat,
2009 3881 2144 3928 non
2175 3863 2549 3943 Sermones,
2593 3861 2702 3926 sed
2741 3863 3126 3930 collationes
3162 3864 3420 3947 allegat.

741 3985 837 4044 10.
871 3979 1043 4044 Inter
1071 3979 1304 4044 menda
1330 3973 1702 4045 earumdem
1732 3981 2296 4046 Illuminationum
2321 3979 2784 4045 recensendum
2803 4029 2821 4061 ,
2852 3999 3046 4046 serm.
3075 4000 3216 4046 8811
3232 4029 3247 4059 ,
3277 4000 3515 4047 nomen
3541 3981 3840 4048 Constan-

657 4098 806 4178 tini,
836 4098 1008 4182 quod
1032 4098 1104 4162 in
1134 4098 1412 4182 antiquis
1439 4099 1630 4164 etiam
1658 4099 1979 4165 codicibus
2002 4100 2280 4184 legitur:
2311 4117 2524 4183 neque
2549 4098 2724 4164 enim
2762 4098 2836 4164 D.
2881 4098 3256 4164 Ambrosius
3304 4118 3343 4164 a
3383 4099 3663 4165 consiliis
3703 4118 3841 4166 esse

657 4216 869 4300 posuit
900 4215 1138 4297 Magno
1167 4215 1595 4282 Constantino,
1626 4217 1788 4282 Hinc
1822 4220 2050 4284 merito
2090 4218 2377 4285 Editores
2403 4217 2692 4285 Vaticani
2722 4218 3134 4285 Constantini
3158 4218 3298 4284 loco
3323 4222 3676 4301 posuenmt
3725 4221 3840 4287 Va-

659 4334 1109 4400 lentinianum.
1138 4334 1402 4419 Insuper
1426 4337 1919 4418 emendandum,
1955 4338 2130 4423 quod
2149 4388 2166 4420 ,
2201 4356 2393 4402 serm.
2425 4339 2552 4416 11⁸,
2582 4337 2751 4402 inter
2771 4336 3022 4401 Graecos
3045 4335 3262 4400 Patres
3287 4336 3598 4402 referatur
3620 4337 3840 4403 Ansel-

658 4469 840 4530 muS,
867 4452 1005 4517 loco
1031 4453 1191 4518 forte
1214 4453 1566 4536 Athanasii,
1597 4456 1750 4521 alibi
1789 4456 1859 4520 in
1897 4455 2124 4521 iisdem
2156 4455 2573 4521 Sermonibus
2612 4454 2875 4520 laudati.
2915 4453 3151 4519 Mirum
3176 4456 3345 4518 certe
3374 4471 3507 4519 non
3531 4458 3648 4535 est,
3674 4474 3744 4520 se
3767 4456 3838 4521 in

659 4572 1004 4653 reportata,
1044 4587 1162 4635 508
1198 4589 1282 4635 08
1310 4588 1421 4636 ore
1457 4571 1721 4637 dicentis
1753 4576 2048 4655 excepta,
2090 4570 2464 4655 hujusmodi
2498 4572 2731 4637 menda
2767 4570 3158 4654 irrepserint.
3200 4570 3590 4657 Corrigenda
3616 4572 3837 4639 itidem

659 4685 867 4751 Serm.
912 4704 981 4750 111
1008 4692 1052 4768 ⁸,
1093 4686 1247 4752 illud
1285 4708 1302 4752 1
1340 4688 1437 4753 De
1465 4706 1593 4772 quo
1629 4688 1873 4754 dicetur
1914 4690 1982 4753 in
2022 4689 2484 4757 Collationibus
2510 4689 2852 4767 donorum,
2896 4690 2960 4751 et
2988 4687 3504 4754 substituendum
3544 4712 3559 4753 1
3590 4690 3685 4755 De
3708 4708 3837 4773 quo

657 4803 894 4868 dicitur
910 4804 980 4869 in
1001 4804 1462 4871 Collationibus
1478 4805 1819 4886 donorum,
1838 4806 1936 4870 uti
1957 4805 2152 4872 habet
2169 4806 2375 4872 Serm.
2395 4826 2439 4871 11
2452 4807 2498 4870 ⁶.
2522 4805 2755 4872 Notatu
2777 4810 2993 4870 autem
3013 4805 3311 4888 dignum,
3337 4805 3509 4889 quod
3526 4822 3717 4870 serm.
3740 4823 3834 4885 vt,

657 4919 728 4984 in
752 4920 1023 4987 editione
1049 4922 1504 5005 Argentinensi
1534 4929 1713 5004 1495,
1743 4923 2030 4991 dicatur:
2058 4926 2156 4991 De
2184 4925 2414 5010 quibus
2438 4922 2626 4991 Philo
2657 4923 3108 4988 disertissimus
3147 4922 3524 4990 Judoeorum
3549 4923 3836 5007 loquens,

660 5036 1185 5118 utPhilosophus‚
1207 5042 1396 5125 sapit.
1428 5041 1507 5106 Et
1522 5043 1686 5126 Sap.
1704 5061 1797 5107 vu
1831 5063 1847 5106 1
1898 5043 2111 5126 Vapor
2138 5050 2265 5123 est,
2298 5046 2445 5121 etc„
2471 5044 2537 5105 et
2570 5041 2640 5106 in
2655 5041 3002 5106 novissima
3021 5040 3263 5107 Veneta
3278 5043 3421 5125 post
3435 5040 3835 5108 vaticanam:

658 5155 755 5220 De
789 5156 1020 5239 quibus
1061 5156 1250 5224 Philo
1293 5157 1740 5225 disertissimus
1788 5160 2164 5227 Judoeorum
2217 5160 2514 5245 loquens,
2562 5166 2638 5223 ut
2670 5157 3123 5244 Philosophus,
3168 5159 3356 5243 sapit.
3416 5159 3512 5225 Et
3558 5159 3627 5223 in
3679 5158 3840 5223 libro

660 5273 1051 5357 Sapientioe:
1077 5276 1289 5361 Vapor
1325 5283 1454 5358 est,
1488 5279 1605 5342 etc.
1647 5277 1723 5342 In
1755 5276 1995 5345 Veneta
2032 5281 2249 5344 autem
2284 5278 2362 5342 A.
2394 5276 2678 5342 Zamorae
2710 5295 2728 5342 1
2766 5277 2863 5342 De
2901 5276 3134 5362 quibus
3173 5275 3362 5344 Philo
3392 5274 3841 5341 disertissimus

680 5483 685 5487 -
722 5456 741 5490 ¹
767 5456 913 5508 Tom.
938 5457 1028 5522 111,
1056 5459 1157 5510 col.
1182 5462 1357 5512 395.—
1382 5462 1407 5497 ¹
1428 5461 1545 5513 vid.
1573 5464 1699 5514 tom.
1728 5462 1840 5525 vn,
1867 5457 2018 5527 hujus
2045 5461 2169 5529 edit.
2196 5476 2314 5529 pag.
2343 5463 2571 5518 523-558.
2599 5489 2661 5502 —
2683 5463 2707 5501 ⁸
2731 5463 2878 5516 Tom.
2907 5460 2995 5528 111,
3023 5460 3120 5512 col.
3154 5462 3265 5512 418.
3288 5485 3351 5500 —-
3378 5460 3400 5498 δ
3428 5458 3547 5514 vid.
3575 5457 3685 5525 huj.
3713 5461 3838 5512 tom.

661 5540 780 5592 pag.
810 5528 889 5591 77,
918 5529 1016 5582 001.
1049 5533 1095 5582 1.
1127 5557 1189 5570 -
1221 5532 1239 5563 ⁸
1270 5531 1395 5585 item
1424 5546 1543 5599 pag.
1575 5535 1654 5599 40,
1687 5533 1787 5587 001.
1819 5536 1868 5586 2.
1900 5560 1961 5574 -
1994 5535 2014 5566 ⁸
2041 5535 2169 5587 ltem
2195 5548 2315 5600 pag.
2348 5536 2429 5601 26,
2459 5534 2561 5587 col.
2589 5537 2637 5586 2.
