<?xml version="1.0" encoding="UTF-8"?>
<!DOCTYPE html PUBLIC "-//W3C//DTD XHTML 1.0 Transitional//EN"
    "http://www.w3.org/TR/xhtml1/DTD/xhtml1-transitional.dtd">
<html xmlns="http://www.w3.org/1999/xhtml" xml:lang="en" lang="en">
 <head>
  <title>
</title>
<meta http-equiv="Content-Type" content="text/html;charset=utf-8" />
  <meta name='ocr-system' content='tesseract 3.04.00' />
  <meta name='ocr-capabilities' content='ocr_page ocr_carea ocr_par ocr_line ocrx_word'/>
</head>
<body>
  <div class='ocr_page' id='page_1' title='image "./srecardinalissb00cargoog_0538.png"; bbox 0 0 4196 6294; ppageno 0'>
   <div class='ocr_carea' id='block_1_1' title="bbox 720 429 841 491">
    <p class='ocr_par' dir='ltr' id='par_1_1' title="bbox 720 429 841 491">
     <span class='ocr_line' id='line_1_1' title="bbox 720 429 841 491; baseline 0.008 -1"><span class='ocrx_word' id='word_1_1' title='bbox 720 429 841 491; x_wconf 69' lang='lat'>478</span> 
     </span>
    </p>
   </div>
   <div class='ocr_carea' id='block_1_2' title="bbox 716 561 2271 3828">
    <p class='ocr_par' dir='ltr' id='par_1_2' title="bbox 716 561 2266 2114">
     <span class='ocr_line' id='line_1_2' title="bbox 720 561 2260 637; baseline 0.001 -18"><span class='ocrx_word' id='word_1_2' title='bbox 720 562 815 619; x_wconf 86' lang='lat' dir='ltr'>tur</span> <span class='ocrx_word' id='word_1_3' title='bbox 840 580 860 618; x_wconf 73' lang='grc' dir='ltr'><strong><em>ε</em></strong></span> <span class='ocrx_word' id='word_1_4' title='bbox 889 562 1027 619; x_wconf 82' lang='lat' dir='ltr'>Doce</span> <span class='ocrx_word' id='word_1_5' title='bbox 1049 575 1167 634; x_wconf 85' lang='lat' dir='ltr'>me,</span> <span class='ocrx_word' id='word_1_6' title='bbox 1208 561 1376 636; x_wconf 88' lang='lat' dir='ltr'>quod</span> <span class='ocrx_word' id='word_1_7' title='bbox 1400 561 1617 637; x_wconf 90' lang='lat' dir='ltr'>petitur</span> <span class='ocrx_word' id='word_1_8' title='bbox 1640 563 1770 622; x_wconf 89' lang='lat' dir='ltr'>vice</span> <span class='ocrx_word' id='word_1_9' title='bbox 1804 563 2048 623; x_wconf 88' lang='lat' dir='ltr'>rationis</span> <span class='ocrx_word' id='word_1_10' title='bbox 2081 577 2260 637; x_wconf 88' lang='lat' dir='ltr'>prac-</span> 
     </span>
     <span class='ocr_line' id='line_1_3' title="bbox 720 653 2263 731; baseline 0.001 -20"><span class='ocrx_word' id='word_1_11' title='bbox 720 653 846 712; x_wconf 81' lang='lat' dir='ltr'>ticae</span> <span class='ocrx_word' id='word_1_12' title='bbox 859 696 881 726; x_wconf 94' lang='lat'>,</span> <span class='ocrx_word' id='word_1_13' title='bbox 907 668 1041 728; x_wconf 80' lang='lat' dir='ltr'>quoe</span> <span class='ocrx_word' id='word_1_14' title='bbox 1067 653 1243 728; x_wconf 81' lang='lat' dir='ltr'>dirigi</span> <span class='ocrx_word' id='word_1_15' title='bbox 1287 655 1582 715; x_wconf 77' lang='lat' dir='ltr'>desiderat</span> <span class='ocrx_word' id='word_1_16' title='bbox 1607 655 1679 728; x_wconf 45' lang='lat' dir='ltr'>,in</span> <span class='ocrx_word' id='word_1_17' title='bbox 1712 657 1813 716; x_wconf 91' lang='lat' dir='ltr'>via</span> <span class='ocrx_word' id='word_1_18' title='bbox 1844 657 2108 731; x_wconf 65' lang='lat' dir='ltr'>justitias,</span> <span class='ocrx_word' id='word_1_19' title='bbox 2152 655 2263 713; x_wconf 92' lang='lat' dir='ltr'>do-</span> 
     </span>
     <span class='ocr_line' id='line_1_4' title="bbox 720 748 2261 826; baseline 0.002 -20"><span class='ocrx_word' id='word_1_20' title='bbox 720 750 884 807; x_wconf 89' lang='lat' dir='ltr'>cente</span> <span class='ocrx_word' id='word_1_21' title='bbox 912 748 1162 808; x_wconf 90' lang='lat' dir='ltr'>Domino</span> <span class='ocrx_word' id='word_1_22' title='bbox 1183 792 1202 822; x_wconf 90' lang='lat'>,</span> <span class='ocrx_word' id='word_1_23' title='bbox 1230 752 1288 808; x_wconf 93' lang='lat' dir='ltr'>et</span> <span class='ocrx_word' id='word_1_24' title='bbox 1315 749 1588 809; x_wconf 73' lang='lat' dir='ltr'>ducente.</span> <span class='ocrx_word' id='word_1_25' title='bbox 1635 753 1702 808; x_wconf 89' lang='lat' dir='ltr'>Et</span> <span class='ocrx_word' id='word_1_26' title='bbox 1729 754 1901 824; x_wconf 91' lang='lat' dir='ltr'>nota,</span> <span class='ocrx_word' id='word_1_27' title='bbox 1931 751 2100 826; x_wconf 88' lang='lat' dir='ltr'>quod</span> <span class='ocrx_word' id='word_1_28' title='bbox 2148 751 2261 809; x_wconf 85' lang='lat' dir='ltr'>do·</span> 
     </span>
     <span class='ocr_line' id='line_1_5' title="bbox 719 841 2262 919; baseline 0.001 -20"><span class='ocrx_word' id='word_1_29' title='bbox 719 856 852 899; x_wconf 88' lang='lat' dir='ltr'>cere</span> <span class='ocrx_word' id='word_1_30' title='bbox 879 841 1093 902; x_wconf 90' lang='lat' dir='ltr'>dicitur</span> <span class='ocrx_word' id='word_1_31' title='bbox 1120 842 1403 901; x_wconf 87' lang='lat' dir='ltr'>Dominus</span> <span class='ocrx_word' id='word_1_32' title='bbox 1430 843 1824 902; x_wconf 89' lang='lat' dir='ltr'>diversimode</span> <span class='ocrx_word' id='word_1_33' title='bbox 1841 887 1860 917; x_wconf 91' lang='lat'>,</span> <span class='ocrx_word' id='word_1_34' title='bbox 1889 860 2001 919; x_wconf 89' lang='lat' dir='ltr'>pro</span> <span class='ocrx_word' id='word_1_35' title='bbox 2025 843 2262 902; x_wconf 89' lang='lat' dir='ltr'>diversa</span> 
     </span>
     <span class='ocr_line' id='line_1_6' title="bbox 717 935 2259 1013; baseline 0.001 -20"><span class='ocrx_word' id='word_1_36' title='bbox 717 935 1128 1010; x_wconf 77' lang='lat' dir='ltr'>recipientium</span> <span class='ocrx_word' id='word_1_37' title='bbox 1178 937 1460 1011; x_wconf 77' lang='lat' dir='ltr'>qualitate</span> <span class='ocrx_word' id='word_1_38' title='bbox 1490 955 1506 994; x_wconf 75' lang='grc' dir='ltr'><strong><em>ε</em></strong></span> <span class='ocrx_word' id='word_1_39' title='bbox 1538 937 1711 996; x_wconf 89' lang='lat' dir='ltr'>docet</span> <span class='ocrx_word' id='word_1_40' title='bbox 1745 953 2005 1013; x_wconf 87' lang='lat' dir='ltr'>namque</span> <span class='ocrx_word' id='word_1_41' title='bbox 2041 937 2107 996; x_wconf 90' lang='lat' dir='ltr'>in</span> <span class='ocrx_word' id='word_1_42' title='bbox 2144 953 2259 1012; x_wconf 85' lang='lat' dir='ltr'>po·</span> 
     </span>
     <span class='ocr_line' id='line_1_7' title="bbox 719 1030 2264 1106; baseline 0 -17"><span class='ocrx_word' id='word_1_43' title='bbox 719 1033 954 1103; x_wconf 88' lang='lat' dir='ltr'>testate,</span> <span class='ocrx_word' id='word_1_44' title='bbox 982 1031 1045 1088; x_wconf 90' lang='lat' dir='ltr'>in</span> <span class='ocrx_word' id='word_1_45' title='bbox 1070 1031 1338 1102; x_wconf 87' lang='lat' dir='ltr'>veritate,</span> <span class='ocrx_word' id='word_1_46' title='bbox 1370 1031 1432 1089; x_wconf 91' lang='lat' dir='ltr'>in</span> <span class='ocrx_word' id='word_1_47' title='bbox 1458 1030 1740 1091; x_wconf 89' lang='lat' dir='ltr'>bonitate.</span> <span class='ocrx_word' id='word_1_48' title='bbox 1769 1032 2010 1104; x_wconf 62' lang='lat' dir='ltr'>Quaeris,</span> <span class='ocrx_word' id='word_1_49' title='bbox 2038 1032 2264 1106; x_wconf 74' lang='lat' dir='ltr'>quare?</span> 
     </span>
     <span class='ocr_line' id='line_1_8' title="bbox 721 1124 2257 1202; baseline -0.002 -20"><span class='ocrx_word' id='word_1_50' title='bbox 721 1124 872 1194; x_wconf 86' lang='lat' dir='ltr'>Quia</span> <span class='ocrx_word' id='word_1_51' title='bbox 898 1124 1073 1183; x_wconf 87' lang='lat' dir='ltr'>docet</span> <span class='ocrx_word' id='word_1_52' title='bbox 1095 1125 1440 1199; x_wconf 88' lang='lat' dir='ltr'>purgative,</span> <span class='ocrx_word' id='word_1_53' title='bbox 1469 1125 1895 1198; x_wconf 87' lang='lat' dir='ltr'>illuminative,</span> <span class='ocrx_word' id='word_1_54' title='bbox 1922 1125 2257 1202; x_wconf 81' lang='lat' dir='ltr'>perfective.</span> 
     </span>
     <span class='ocr_line' id='line_1_9' title="bbox 719 1218 2265 1293; baseline 0.001 -17"><span class='ocrx_word' id='word_1_55' title='bbox 719 1221 798 1276; x_wconf 90' lang='lat' dir='ltr'>De</span> <span class='ocrx_word' id='word_1_56' title='bbox 824 1218 1020 1293; x_wconf 88' lang='lat' dir='ltr'>primo</span> <span class='ocrx_word' id='word_1_57' title='bbox 1048 1219 1065 1253; x_wconf 85' lang='lat'>¹</span> <span class='ocrx_word' id='word_1_58' title='bbox 1095 1236 1110 1275; x_wconf 73' lang='grc' dir='ltr'><em>ε</em></span> <span class='ocrx_word' id='word_1_59' title='bbox 1145 1238 1175 1273; x_wconf 72' lang='grc' dir='ltr'>κ</span> <span class='ocrx_word' id='word_1_60' title='bbox 1202 1218 1461 1277; x_wconf 82' lang='lat' dir='ltr'>Docebat</span> <span class='ocrx_word' id='word_1_61' title='bbox 1486 1235 1591 1278; x_wconf 90' lang='lat' dir='ltr'>eos</span> <span class='ocrx_word' id='word_1_62' title='bbox 1632 1219 1930 1293; x_wconf 83' lang='lat' dir='ltr'>sabbatis,</span> <span class='ocrx_word' id='word_1_63' title='bbox 1975 1224 2034 1279; x_wconf 90' lang='lat' dir='ltr'>et</span> <span class='ocrx_word' id='word_1_64' title='bbox 2062 1224 2265 1293; x_wconf 88' lang='lat' dir='ltr'>stupe-</span> 
     </span>
     <span class='ocr_line' id='line_1_10' title="bbox 716 1310 2266 1387; baseline 0.001 -18"><span class='ocrx_word' id='word_1_65' title='bbox 716 1310 865 1371; x_wconf 82' lang='lat' dir='ltr'>bant</span> <span class='ocrx_word' id='word_1_66' title='bbox 889 1311 954 1369; x_wconf 91' lang='lat' dir='ltr'>in</span> <span class='ocrx_word' id='word_1_67' title='bbox 999 1310 1267 1370; x_wconf 88' lang='lat' dir='ltr'>doctrina</span> <span class='ocrx_word' id='word_1_68' title='bbox 1313 1312 1470 1385; x_wconf 87' lang='lat' dir='ltr'>ejus,</span> <span class='ocrx_word' id='word_1_69' title='bbox 1516 1313 1659 1387; x_wconf 78' lang='lat' dir='ltr'>quia</span> <span class='ocrx_word' id='word_1_70' title='bbox 1699 1312 1765 1370; x_wconf 91' lang='lat' dir='ltr'>in</span> <span class='ocrx_word' id='word_1_71' title='bbox 1808 1316 2093 1387; x_wconf 82' lang='lat' dir='ltr'>potestate</span> <span class='ocrx_word' id='word_1_72' title='bbox 2141 1315 2266 1372; x_wconf 88' lang='lat' dir='ltr'>erat</span> 
     </span>
     <span class='ocr_line' id='line_1_11' title="bbox 718 1404 2264 1481; baseline 0.001 -16"><span class='ocrx_word' id='word_1_73' title='bbox 718 1421 914 1465; x_wconf 87' lang='lat' dir='ltr'>sermo</span> <span class='ocrx_word' id='word_1_74' title='bbox 944 1405 1129 1479; x_wconf 87' lang='lat' dir='ltr'>ipsius</span> <span class='ocrx_word' id='word_1_75' title='bbox 1157 1423 1173 1463; x_wconf 74' lang='grc' dir='ltr'><strong><em>ε</em></strong></span> <span class='ocrx_word' id='word_1_76' title='bbox 1202 1425 1232 1458; x_wconf 84' lang='lat'>»</span> <span class='ocrx_word' id='word_1_77' title='bbox 1263 1404 1360 1463; x_wconf 88' lang='lat' dir='ltr'>bic</span> <span class='ocrx_word' id='word_1_78' title='bbox 1386 1404 1599 1478; x_wconf 89' lang='lat' dir='ltr'>legitur</span> <span class='ocrx_word' id='word_1_79' title='bbox 1626 1406 1840 1465; x_wconf 90' lang='lat' dir='ltr'>docere</span> <span class='ocrx_word' id='word_1_80' title='bbox 1877 1407 1941 1464; x_wconf 91' lang='lat' dir='ltr'>in</span> <span class='ocrx_word' id='word_1_81' title='bbox 1978 1410 2264 1481; x_wconf 79' lang='lat' dir='ltr'>potestate</span> 
     </span>
     <span class='ocr_line' id='line_1_12' title="bbox 717 1499 2266 1575; baseline 0 -17"><span class='ocrx_word' id='word_1_82' title='bbox 717 1501 1029 1575; x_wconf 81' lang='lat' dir='ltr'>purgante.</span> <span class='ocrx_word' id='word_1_83' title='bbox 1054 1502 1133 1557; x_wconf 85' lang='lat' dir='ltr'>De</span> <span class='ocrx_word' id='word_1_84' title='bbox 1160 1499 1423 1558; x_wconf 90' lang='lat' dir='ltr'>secundo</span> <span class='ocrx_word' id='word_1_85' title='bbox 1437 1500 1460 1534; x_wconf 84' lang='lat'>²</span> <span class='ocrx_word' id='word_1_86' title='bbox 1483 1518 1498 1557; x_wconf 72' lang='grc' dir='ltr'><strong><em>ε</em></strong></span> <span class='ocrx_word' id='word_1_87' title='bbox 1528 1520 1557 1555; x_wconf 73' lang='grc' dir='ltr'>ι</span> <span class='ocrx_word' id='word_1_88' title='bbox 1574 1500 1861 1574; x_wconf 77' lang='lat' dir='ltr'>Magister,</span> <span class='ocrx_word' id='word_1_89' title='bbox 1881 1500 2100 1560; x_wconf 83' lang='lat' dir='ltr'>scimus</span> <span class='ocrx_word' id='word_1_90' title='bbox 2120 1500 2266 1575; x_wconf 87' lang='lat' dir='ltr'>quia</span> 
     </span>
     <span class='ocr_line' id='line_1_13' title="bbox 718 1593 2263 1665; baseline -0.001 -13"><span class='ocrx_word' id='word_1_91' title='bbox 718 1609 902 1653; x_wconf 82' lang='lat' dir='ltr'>verax</span> <span class='ocrx_word' id='word_1_92' title='bbox 929 1610 991 1652; x_wconf 91' lang='lat' dir='ltr'>es</span> <span class='ocrx_word' id='word_1_93' title='bbox 1011 1636 1031 1665; x_wconf 92' lang='lat'>,</span> <span class='ocrx_word' id='word_1_94' title='bbox 1061 1597 1118 1651; x_wconf 87' lang='lat' dir='ltr'>et</span> <span class='ocrx_word' id='word_1_95' title='bbox 1160 1593 1323 1652; x_wconf 88' lang='lat' dir='ltr'>viam</span> <span class='ocrx_word' id='word_1_96' title='bbox 1351 1593 1451 1652; x_wconf 88' lang='lat' dir='ltr'>Dei</span> <span class='ocrx_word' id='word_1_97' title='bbox 1477 1593 1542 1651; x_wconf 92' lang='lat' dir='ltr'>in</span> <span class='ocrx_word' id='word_1_98' title='bbox 1567 1594 1810 1653; x_wconf 85' lang='lat' dir='ltr'>veritate</span> <span class='ocrx_word' id='word_1_99' title='bbox 1849 1593 2029 1652; x_wconf 90' lang='lat' dir='ltr'>doces</span> <span class='ocrx_word' id='word_1_100' title='bbox 2059 1612 2075 1653; x_wconf 75' lang='lat' dir='ltr'><strong><em>z</em></strong></span> <span class='ocrx_word' id='word_1_101' title='bbox 2106 1615 2134 1650; x_wconf 71' lang='lat' dir='ltr'>n</span> <span class='ocrx_word' id='word_1_102' title='bbox 2167 1594 2263 1652; x_wconf 87' lang='lat' dir='ltr'>hic</span> 
     </span>
     <span class='ocr_line' id='line_1_14' title="bbox 721 1686 2262 1747; baseline 0.001 -1"><span class='ocrx_word' id='word_1_103' title='bbox 721 1687 933 1747; x_wconf 89' lang='lat' dir='ltr'>dicitur</span> <span class='ocrx_word' id='word_1_104' title='bbox 960 1688 1176 1746; x_wconf 88' lang='lat' dir='ltr'>docere</span> <span class='ocrx_word' id='word_1_105' title='bbox 1204 1687 1268 1745; x_wconf 93' lang='lat' dir='ltr'>in</span> <span class='ocrx_word' id='word_1_106' title='bbox 1297 1686 1539 1746; x_wconf 87' lang='lat' dir='ltr'>veritate</span> <span class='ocrx_word' id='word_1_107' title='bbox 1564 1687 1955 1746; x_wconf 86' lang='lat' dir='ltr'>illuminante.</span> <span class='ocrx_word' id='word_1_108' title='bbox 1986 1690 2064 1746; x_wconf 86' lang='lat' dir='ltr'>De</span> <span class='ocrx_word' id='word_1_109' title='bbox 2092 1686 2262 1747; x_wconf 89' lang='lat' dir='ltr'>tertio</span> 
     </span>
     <span class='ocr_line' id='line_1_15' title="bbox 719 1780 2264 1855; baseline 0 -16"><span class='ocrx_word' id='word_1_110' title='bbox 719 1781 936 1855; x_wconf 89' lang='lat' dir='ltr'>legitur</span> <span class='ocrx_word' id='word_1_111' title='bbox 962 1783 984 1818; x_wconf 81' lang='lat'>⁸</span> <span class='ocrx_word' id='word_1_112' title='bbox 1016 1800 1031 1839; x_wconf 74' lang='grc' dir='ltr'><strong><em>ε</em></strong></span> <span class='ocrx_word' id='word_1_113' title='bbox 1062 1781 1301 1838; x_wconf 73' lang='lat' dir='ltr'>«ssonus</span> <span class='ocrx_word' id='word_1_114' title='bbox 1328 1783 1480 1838; x_wconf 89' lang='lat' dir='ltr'>estu</span> <span class='ocrx_word' id='word_1_115' title='bbox 1498 1822 1518 1853; x_wconf 93' lang='lat'>,</span> <span class='ocrx_word' id='word_1_116' title='bbox 1549 1781 1685 1838; x_wconf 88' lang='lat' dir='ltr'>etin</span> <span class='ocrx_word' id='word_1_117' title='bbox 1706 1780 1966 1841; x_wconf 87' lang='lat' dir='ltr'>bonitate</span> <span class='ocrx_word' id='word_1_118' title='bbox 1988 1783 2093 1839; x_wconf 86' lang='lat' dir='ltr'>tua</span> <span class='ocrx_word' id='word_1_119' title='bbox 2115 1781 2264 1839; x_wconf 88' lang='lat' dir='ltr'>doce</span> 
     </span>
     <span class='ocr_line' id='line_1_16' title="bbox 719 1873 2262 1950; baseline -0.001 -17"><span class='ocrx_word' id='word_1_120' title='bbox 719 1891 817 1933; x_wconf 90' lang='lat' dir='ltr'>me</span> <span class='ocrx_word' id='word_1_121' title='bbox 835 1916 858 1947; x_wconf 93' lang='lat'>,</span> <span class='ocrx_word' id='word_1_122' title='bbox 903 1896 933 1928; x_wconf 68' lang='grc' dir='ltr'>»ι</span> <span class='ocrx_word' id='word_1_123' title='bbox 972 1874 1071 1933; x_wconf 89' lang='lat' dir='ltr'>bic</span> <span class='ocrx_word' id='word_1_124' title='bbox 1111 1877 1356 1948; x_wconf 85' lang='lat' dir='ltr'>rogatur</span> <span class='ocrx_word' id='word_1_125' title='bbox 1399 1874 1614 1935; x_wconf 89' lang='lat' dir='ltr'>docere</span> <span class='ocrx_word' id='word_1_126' title='bbox 1655 1875 1720 1933; x_wconf 93' lang='lat' dir='ltr'>in</span> <span class='ocrx_word' id='word_1_127' title='bbox 1768 1875 2029 1934; x_wconf 87' lang='lat' dir='ltr'>bonitate</span> <span class='ocrx_word' id='word_1_128' title='bbox 2079 1873 2262 1950; x_wconf 85' lang='lat' dir='ltr'>perfi-</span> 
     </span>
     <span class='ocr_line' id='line_1_17' title="bbox 722 1984 935 2027; baseline 0.005 -1"><span class='ocrx_word' id='word_1_129' title='bbox 722 1984 853 2027; x_wconf 75' lang='lat' dir='ltr'>cien</span> <span class='ocrx_word' id='word_1_130' title='bbox 916 2009 935 2027; x_wconf 87' lang='lat'>.</span> 
     </span>
     <span class='ocr_line' id='line_1_18' title="bbox 856 1972 1769 2114; baseline 0 -16"><span class='ocrx_word' id='word_1_131' title='bbox 856 1972 911 2028; x_wconf 61' lang='lat' dir='ltr'>te</span> <span class='ocrx_word' id='word_1_132' title='bbox 1208 2040 1489 2099; x_wconf 79' lang='lat' dir='ltr'>Articulus</span> <span class='ocrx_word' id='word_1_133' title='bbox 1525 2043 1769 2114; x_wconf 77' lang='lat' dir='ltr'>quartus.</span> 
     </span>
    </p>

    <p class='ocr_par' dir='ltr' id='par_1_3' title="bbox 719 2154 2271 3828">
     <span class='ocr_line' id='line_1_19' title="bbox 791 2154 2268 2229; baseline 0.001 -13"><span class='ocrx_word' id='word_1_134' title='bbox 791 2154 1128 2216; x_wconf 89' lang='lat' dir='ltr'>Secundum</span> <span class='ocrx_word' id='word_1_135' title='bbox 1150 2155 1548 2215; x_wconf 84' lang='lat' dir='ltr'>desiderabile</span> <span class='ocrx_word' id='word_1_136' title='bbox 1599 2156 1931 2229; x_wconf 88' lang='lat' dir='ltr'>denotatur,</span> <span class='ocrx_word' id='word_1_137' title='bbox 1990 2172 2129 2216; x_wconf 89' lang='lat' dir='ltr'>cnm</span> <span class='ocrx_word' id='word_1_138' title='bbox 2181 2157 2268 2217; x_wconf 86' lang='lat' dir='ltr'>di-</span> 
     </span>
     <span class='ocr_line' id='line_1_20' title="bbox 722 2249 2265 2325; baseline 0.001 -16"><span class='ocrx_word' id='word_1_139' title='bbox 722 2249 871 2309; x_wconf 87' lang='lat' dir='ltr'>citur</span> <span class='ocrx_word' id='word_1_140' title='bbox 901 2268 915 2307; x_wconf 91' lang='lat'><strong>:</strong></span> <span class='ocrx_word' id='word_1_141' title='bbox 945 2252 1375 2322; x_wconf 69' lang='lat' dir='ltr'>‚testificationes</span> <span class='ocrx_word' id='word_1_142' title='bbox 1396 2255 1539 2309; x_wconf 79' lang='lat' dir='ltr'>tuas.</span> <span class='ocrx_word' id='word_1_143' title='bbox 1560 2252 1701 2321; x_wconf 74' lang='lat' dir='ltr'>Qum</span> <span class='ocrx_word' id='word_1_144' title='bbox 1727 2255 1864 2309; x_wconf 85' lang='lat' dir='ltr'>sunt</span> <span class='ocrx_word' id='word_1_145' title='bbox 1889 2251 2011 2310; x_wconf 67' lang='lat' dir='ltr'>istae</span> <span class='ocrx_word' id='word_1_146' title='bbox 2058 2251 2265 2325; x_wconf 72' lang='lat' dir='ltr'>‚iustifi-</span> 
     </span>
     <span class='ocr_line' id='line_1_21' title="bbox 722 2343 2265 2419; baseline 0.001 -15"><span class='ocrx_word' id='word_1_147' title='bbox 722 2343 1004 2415; x_wconf 78' lang='lat' dir='ltr'>cationes,</span> <span class='ocrx_word' id='word_1_148' title='bbox 1055 2344 1183 2403; x_wconf 89' lang='lat' dir='ltr'>nihi</span> <span class='ocrx_word' id='word_1_149' title='bbox 1251 2345 1487 2417; x_wconf 75' lang='lat' dir='ltr'>justitiae</span> <span class='ocrx_word' id='word_1_150' title='bbox 1538 2344 2058 2419; x_wconf 83' lang='lat' dir='ltr'>multiplicationes</span> <span class='ocrx_word' id='word_1_151' title='bbox 2111 2349 2265 2418; x_wconf 89' lang='lat' dir='ltr'>tuas,</span> 
     </span>
     <span class='ocr_line' id='line_1_22' title="bbox 720 2438 2268 2515; baseline 0 -18"><span class='ocrx_word' id='word_1_152' title='bbox 720 2455 828 2499; x_wconf 89' lang='lat' dir='ltr'>seu</span> <span class='ocrx_word' id='word_1_153' title='bbox 852 2438 1209 2514; x_wconf 89' lang='lat' dir='ltr'>multiplices</span> <span class='ocrx_word' id='word_1_154' title='bbox 1233 2438 1734 2513; x_wconf 83' lang='lat' dir='ltr'>fructificationes,</span> <span class='ocrx_word' id='word_1_155' title='bbox 1773 2456 1925 2515; x_wconf 85' lang='lat' dir='ltr'>quas</span> <span class='ocrx_word' id='word_1_156' title='bbox 1971 2440 2268 2501; x_wconf 87' lang='lat' dir='ltr'>desiderat</span> 
     </span>
     <span class='ocr_line' id='line_1_23' title="bbox 719 2532 2266 2609; baseline 0 -17"><span class='ocrx_word' id='word_1_157' title='bbox 719 2532 979 2608; x_wconf 85' lang='lat' dir='ltr'>practica</span> <span class='ocrx_word' id='word_1_158' title='bbox 995 2532 1168 2603; x_wconf 83' lang='lat' dir='ltr'>ratic,</span> <span class='ocrx_word' id='word_1_159' title='bbox 1198 2535 1263 2591; x_wconf 91' lang='lat' dir='ltr'>ut</span> <span class='ocrx_word' id='word_1_160' title='bbox 1292 2532 1633 2608; x_wconf 87' lang='lat' dir='ltr'>perficiatur</span> <span class='ocrx_word' id='word_1_161' title='bbox 1656 2532 1842 2608; x_wconf 88' lang='lat' dir='ltr'>ipsius</span> <span class='ocrx_word' id='word_1_162' title='bbox 1862 2534 2266 2609; x_wconf 73' lang='lat' dir='ltr'>imperfectio?</span> 
     </span>
     <span class='ocr_line' id='line_1_24' title="bbox 721 2624 2268 2700; baseline 0.001 -15"><span class='ocrx_word' id='word_1_163' title='bbox 721 2627 789 2685; x_wconf 85' lang='lat' dir='ltr'>Et</span> <span class='ocrx_word' id='word_1_164' title='bbox 812 2629 975 2697; x_wconf 89' lang='lat' dir='ltr'>nota,</span> <span class='ocrx_word' id='word_1_165' title='bbox 1026 2624 1182 2684; x_wconf 89' lang='lat' dir='ltr'>circa</span> <span class='ocrx_word' id='word_1_166' title='bbox 1231 2625 1574 2700; x_wconf 67' lang='lat' dir='ltr'>praedictam</span> <span class='ocrx_word' id='word_1_167' title='bbox 1621 2626 2120 2700; x_wconf 72' lang='lat' dir='ltr'>Justificationem,</span> <span class='ocrx_word' id='word_1_168' title='bbox 2168 2629 2268 2687; x_wconf 87' lang='lat' dir='ltr'>tri-</span> 
     </span>
     <span class='ocr_line' id='line_1_25' title="bbox 722 2718 2268 2794; baseline 0.002 -17"><span class='ocrx_word' id='word_1_169' title='bbox 722 2718 938 2794; x_wconf 90' lang='lat' dir='ltr'>plicem</span> <span class='ocrx_word' id='word_1_170' title='bbox 991 2719 1235 2778; x_wconf 88' lang='lat' dir='ltr'>rationis</span> <span class='ocrx_word' id='word_1_171' title='bbox 1286 2718 1806 2794; x_wconf 89' lang='lat' dir='ltr'>amplificationem</span> <span class='ocrx_word' id='word_1_172' title='bbox 1818 2740 1836 2793; x_wconf 83' lang='lat'><em>3</em></span> <span class='ocrx_word' id='word_1_173' title='bbox 1892 2720 2110 2780; x_wconf 86' lang='lat' dir='ltr'>scilicet</span> <span class='ocrx_word' id='word_1_174' title='bbox 2147 2738 2268 2780; x_wconf 88' lang='lat' dir='ltr'>res-</span> 
     </span>
     <span class='ocr_line' id='line_1_26' title="bbox 721 2812 2264 2889; baseline 0.002 -18"><span class='ocrx_word' id='word_1_175' title='bbox 721 2817 897 2888; x_wconf 89' lang='lat' dir='ltr'>pectu</span> <span class='ocrx_word' id='word_1_176' title='bbox 948 2813 1072 2885; x_wconf 91' lang='lat' dir='ltr'>Dei,</span> <span class='ocrx_word' id='word_1_177' title='bbox 1124 2816 1389 2888; x_wconf 89' lang='lat' dir='ltr'>respectu</span> <span class='ocrx_word' id='word_1_178' title='bbox 1467 2812 1580 2885; x_wconf 92' lang='lat' dir='ltr'>sui,</span> <span class='ocrx_word' id='word_1_179' title='bbox 1634 2818 1902 2888; x_wconf 88' lang='lat' dir='ltr'>respectu</span> <span class='ocrx_word' id='word_1_180' title='bbox 1955 2815 2216 2889; x_wconf 83' lang='lat' dir='ltr'>proximi</span> <span class='ocrx_word' id='word_1_181' title='bbox 2248 2834 2264 2874; x_wconf 75' lang='lat' dir='ltr'>x</span> 
     </span>
     <span class='ocr_line' id='line_1_27' title="bbox 724 2906 2268 2981; baseline 0 -14"><span class='ocrx_word' id='word_1_182' title='bbox 724 2923 983 2981; x_wconf 88' lang='lat' dir='ltr'>quorum</span> <span class='ocrx_word' id='word_1_183' title='bbox 1007 2906 1203 2980; x_wconf 87' lang='lat' dir='ltr'>prima</span> <span class='ocrx_word' id='word_1_184' title='bbox 1227 2908 1450 2981; x_wconf 89' lang='lat' dir='ltr'>spectat</span> <span class='ocrx_word' id='word_1_185' title='bbox 1475 2906 1556 2965; x_wconf 88' lang='lat' dir='ltr'>ad</span> <span class='ocrx_word' id='word_1_186' title='bbox 1582 2906 1685 2965; x_wconf 90' lang='lat' dir='ltr'>Dei</span> <span class='ocrx_word' id='word_1_187' title='bbox 1725 2906 2115 2966; x_wconf 87' lang='lat' dir='ltr'>imitationem</span> <span class='ocrx_word' id='word_1_188' title='bbox 2129 2928 2148 2981; x_wconf 83' lang='lat'><em>3</em></span> <span class='ocrx_word' id='word_1_189' title='bbox 2179 2925 2268 2967; x_wconf 90' lang='lat' dir='ltr'>se-</span> 
     </span>
     <span class='ocr_line' id='line_1_28' title="bbox 723 2999 2268 3075; baseline 0.001 -17"><span class='ocrx_word' id='word_1_190' title='bbox 723 3000 943 3073; x_wconf 91' lang='lat' dir='ltr'>cunda,</span> <span class='ocrx_word' id='word_1_191' title='bbox 972 3000 1052 3059; x_wconf 87' lang='lat' dir='ltr'>ad</span> <span class='ocrx_word' id='word_1_192' title='bbox 1080 2999 1588 3073; x_wconf 85' lang='lat' dir='ltr'>exercitationem3</span> <span class='ocrx_word' id='word_1_193' title='bbox 1646 2999 1836 3072; x_wconf 89' lang='lat' dir='ltr'>tertia,</span> <span class='ocrx_word' id='word_1_194' title='bbox 1885 3000 1965 3059; x_wconf 90' lang='lat' dir='ltr'>ad</span> <span class='ocrx_word' id='word_1_195' title='bbox 2007 3001 2268 3075; x_wconf 87' lang='lat' dir='ltr'>proximi</span> 
     </span>
     <span class='ocr_line' id='line_1_29' title="bbox 724 3093 2270 3172; baseline 0.001 -19"><span class='ocrx_word' id='word_1_196' title='bbox 724 3093 1152 3154; x_wconf 84' lang='lat' dir='ltr'>excitationem.</span> <span class='ocrx_word' id='word_1_197' title='bbox 1211 3096 1288 3153; x_wconf 87' lang='lat' dir='ltr'>De</span> <span class='ocrx_word' id='word_1_198' title='bbox 1324 3095 1519 3170; x_wconf 91' lang='lat' dir='ltr'>primo</span> <span class='ocrx_word' id='word_1_199' title='bbox 1545 3094 1567 3129; x_wconf 76' lang='lat'>⁸</span> <span class='ocrx_word' id='word_1_200' title='bbox 1605 3113 1620 3152; x_wconf 74' lang='grc' dir='ltr'><strong><em>ε</em></strong></span> <span class='ocrx_word' id='word_1_201' title='bbox 1658 3112 1687 3149; x_wconf 77' lang='grc' dir='ltr'><strong>α</strong></span> <span class='ocrx_word' id='word_1_202' title='bbox 1714 3094 2044 3163; x_wconf 85' lang='lat' dir='ltr'>Resurrexit</span> <span class='ocrx_word' id='word_1_203' title='bbox 2086 3111 2270 3172; x_wconf 88' lang='lat' dir='ltr'>prop-</span> 
     </span>
     <span class='ocr_line' id='line_1_30' title="bbox 724 3188 2265 3264; baseline 0.001 -17"><span class='ocrx_word' id='word_1_204' title='bbox 724 3190 814 3248; x_wconf 88' lang='lat' dir='ltr'>ter</span> <span class='ocrx_word' id='word_1_205' title='bbox 833 3188 1311 3262; x_wconf 71' lang='lat' dir='ltr'>‚iustificationem</span> <span class='ocrx_word' id='word_1_206' title='bbox 1346 3191 1612 3247; x_wconf 86' lang='lat' dir='ltr'>nostram</span> <span class='ocrx_word' id='word_1_207' title='bbox 1642 3205 1657 3245; x_wconf 71' lang='grc' dir='ltr'><em>ε</em></span> <span class='ocrx_word' id='word_1_208' title='bbox 1688 3206 1718 3243; x_wconf 79' lang='lat'>1·</span> <span class='ocrx_word' id='word_1_209' title='bbox 1750 3204 1884 3264; x_wconf 80' lang='lat' dir='ltr'>quae</span> <span class='ocrx_word' id='word_1_210' title='bbox 1923 3189 2265 3261; x_wconf 85' lang='lat' dir='ltr'>justificatio</span> 
     </span>
     <span class='ocr_line' id='line_1_31' title="bbox 724 3281 2263 3357; baseline 0 -15"><span class='ocrx_word' id='word_1_211' title='bbox 724 3285 813 3341; x_wconf 90' lang='lat' dir='ltr'>est</span> <span class='ocrx_word' id='word_1_212' title='bbox 834 3283 1190 3357; x_wconf 87' lang='lat' dir='ltr'>resurgentis</span> <span class='ocrx_word' id='word_1_213' title='bbox 1217 3281 1486 3341; x_wconf 77' lang='lat' dir='ltr'>imitatio,</span> <span class='ocrx_word' id='word_1_214' title='bbox 1515 3283 1594 3340; x_wconf 86' lang='lat' dir='ltr'>De</span> <span class='ocrx_word' id='word_1_215' title='bbox 1611 3282 1875 3341; x_wconf 90' lang='lat' dir='ltr'>secundo</span> <span class='ocrx_word' id='word_1_216' title='bbox 1894 3283 2171 3342; x_wconf 86' lang='lat' dir='ltr'>scribitur</span> <span class='ocrx_word' id='word_1_217' title='bbox 2201 3286 2223 3321; x_wconf 82' lang='lat'><strong>⁸</strong></span> <span class='ocrx_word' id='word_1_218' title='bbox 2248 3306 2263 3342; x_wconf 85' lang='lat'>:</span> 
     </span>
     <span class='ocr_line' id='line_1_32' title="bbox 732 3374 2270 3452; baseline 0.002 -20"><span class='ocrx_word' id='word_1_219' title='bbox 732 3397 762 3432; x_wconf 74' lang='grc' dir='ltr'><strong>α</strong></span> <span class='ocrx_word' id='word_1_220' title='bbox 787 3380 854 3437; x_wconf 90' lang='lat' dir='ltr'>ln</span> <span class='ocrx_word' id='word_1_221' title='bbox 867 3375 1386 3450; x_wconf 76' lang='lat' dir='ltr'>iustificationibus</span> <span class='ocrx_word' id='word_1_222' title='bbox 1406 3374 1522 3434; x_wconf 90' lang='lat' dir='ltr'>tuis</span> <span class='ocrx_word' id='word_1_223' title='bbox 1539 3377 1861 3435; x_wconf 88' lang='lat' dir='ltr'>exercebor</span> <span class='ocrx_word' id='word_1_224' title='bbox 1888 3395 1904 3434; x_wconf 72' lang='grc' dir='ltr'><strong>ε</strong></span> <span class='ocrx_word' id='word_1_225' title='bbox 1929 3396 1960 3435; x_wconf 75' lang='lat'>1·</span> <span class='ocrx_word' id='word_1_226' title='bbox 1986 3393 2125 3452; x_wconf 80' lang='lat' dir='ltr'>quae</span> <span class='ocrx_word' id='word_1_227' title='bbox 2147 3378 2270 3450; x_wconf 76' lang='lat' dir='ltr'>Jus-</span> 
     </span>
     <span class='ocr_line' id='line_1_33' title="bbox 726 3468 2271 3530; baseline 0 0"><span class='ocrx_word' id='word_1_228' title='bbox 726 3471 1074 3530; x_wconf 87' lang='lat' dir='ltr'>tificationes</span> <span class='ocrx_word' id='word_1_229' title='bbox 1097 3473 1233 3529; x_wconf 91' lang='lat' dir='ltr'>sunt</span> <span class='ocrx_word' id='word_1_230' title='bbox 1277 3468 1522 3528; x_wconf 89' lang='lat' dir='ltr'>rationis</span> <span class='ocrx_word' id='word_1_231' title='bbox 1554 3469 2016 3530; x_wconf 85' lang='lat' dir='ltr'>exercitationes.</span> <span class='ocrx_word' id='word_1_232' title='bbox 2048 3474 2127 3530; x_wconf 89' lang='lat' dir='ltr'>De</span> <span class='ocrx_word' id='word_1_233' title='bbox 2159 3474 2271 3530; x_wconf 88' lang='lat' dir='ltr'>ter-</span> 
     </span>
     <span class='ocr_line' id='line_1_34' title="bbox 726 3562 2270 3639; baseline 0.001 -14"><span class='ocrx_word' id='word_1_234' title='bbox 726 3566 809 3625; x_wconf 89' lang='lat' dir='ltr'>tio</span> <span class='ocrx_word' id='word_1_235' title='bbox 834 3565 1048 3625; x_wconf 86' lang='lat' dir='ltr'>dicitur</span> <span class='ocrx_word' id='word_1_236' title='bbox 1075 3580 1113 3623; x_wconf 90' lang='lat' dir='ltr'>a</span> <span class='ocrx_word' id='word_1_237' title='bbox 1136 3563 1598 3639; x_wconf 77' lang='lat' dir='ltr'>psalmographo</span> <span class='ocrx_word' id='word_1_238' title='bbox 1627 3562 1649 3598; x_wconf 82' lang='lat'><strong>⁸</strong></span> <span class='ocrx_word' id='word_1_239' title='bbox 1676 3583 1694 3623; x_wconf 75' lang='lat' dir='ltr'><strong><em>z</em></strong></span> <span class='ocrx_word' id='word_1_240' title='bbox 1729 3583 1758 3619; x_wconf 77' lang='grc' dir='ltr'><strong>α</strong></span> <span class='ocrx_word' id='word_1_241' title='bbox 1805 3566 1972 3625; x_wconf 82' lang='lat' dir='ltr'>Viam</span> <span class='ocrx_word' id='word_1_242' title='bbox 1992 3565 2270 3639; x_wconf 86' lang='lat' dir='ltr'>justifica-</span> 
     </span>
     <span class='ocr_line' id='line_1_35' title="bbox 728 3657 2268 3734; baseline 0.001 -16"><span class='ocrx_word' id='word_1_243' title='bbox 728 3659 957 3719; x_wconf 86' lang='lat' dir='ltr'>tionum</span> <span class='ocrx_word' id='word_1_244' title='bbox 997 3663 1235 3718; x_wconf 86' lang='lat' dir='ltr'>tuarum</span> <span class='ocrx_word' id='word_1_245' title='bbox 1258 3657 1477 3716; x_wconf 84' lang='lat' dir='ltr'>instrue</span> <span class='ocrx_word' id='word_1_246' title='bbox 1520 3672 1619 3717; x_wconf 92' lang='lat' dir='ltr'>me</span> <span class='ocrx_word' id='word_1_247' title='bbox 1650 3676 1666 3714; x_wconf 71' lang='grc' dir='ltr'>ε</span> <span class='ocrx_word' id='word_1_248' title='bbox 1699 3679 1727 3710; x_wconf 71' lang='lat' dir='ltr'><strong>n</strong></span> <span class='ocrx_word' id='word_1_249' title='bbox 1758 3657 1867 3717; x_wconf 92' lang='lat' dir='ltr'>ubi</span> <span class='ocrx_word' id='word_1_250' title='bbox 1910 3657 2176 3734; x_wconf 87' lang='lat' dir='ltr'>loquitur</span> <span class='ocrx_word' id='word_1_251' title='bbox 2193 3658 2268 3719; x_wconf 92' lang='lat' dir='ltr'>de</span> 
     </span>
     <span class='ocr_line' id='line_1_36' title="bbox 726 3752 1978 3828; baseline -0.005 -13"><span class='ocrx_word' id='word_1_252' title='bbox 726 3755 1143 3828; x_wconf 85' lang='lat' dir='ltr'>proximorum</span> <span class='ocrx_word' id='word_1_253' title='bbox 1172 3752 1595 3812; x_wconf 84' lang='lat' dir='ltr'>exhortatione.</span> <span class='ocrx_word' id='word_1_254' title='bbox 1971 3784 1978 3790; x_wconf 94' lang='lat'>-</span> 
     </span>
    </p>
   </div>
   <div class='ocr_carea' id='block_1_3' title="bbox 1371 3914 1631 3983">
    <p class='ocr_par' dir='ltr' id='par_1_4' title="bbox 1371 3914 1631 3983">
     <span class='ocr_line' id='line_1_37' title="bbox 1371 3914 1631 3983; baseline -0.004 -16"><span class='ocrx_word' id='word_1_255' title='bbox 1371 3914 1631 3983; x_wconf 85' lang='lat' dir='ltr'>Epilogus.</span> 
     </span>
    </p>
   </div>
   <div class='ocr_carea' id='block_1_4' title="bbox 725 4034 2269 4857">
    <p class='ocr_par' dir='ltr' id='par_1_5' title="bbox 725 4034 2269 4857">
     <span class='ocr_line' id='line_1_38' title="bbox 799 4034 2268 4112; baseline 0 -17"><span class='ocrx_word' id='word_1_256' title='bbox 799 4034 890 4095; x_wconf 78' lang='lat' dir='ltr'>Ait</span> <span class='ocrx_word' id='word_1_257' title='bbox 913 4049 1055 4111; x_wconf 88' lang='lat' dir='ltr'>ergo</span> <span class='ocrx_word' id='word_1_258' title='bbox 1086 4036 1396 4111; x_wconf 85' lang='lat' dir='ltr'>Propheta,</span> <span class='ocrx_word' id='word_1_259' title='bbox 1424 4037 1597 4112; x_wconf 86' lang='lat' dir='ltr'>quasi</span> <span class='ocrx_word' id='word_1_260' title='bbox 1640 4035 2012 4095; x_wconf 85' lang='lat' dir='ltr'>conficiendo</span> <span class='ocrx_word' id='word_1_261' title='bbox 2040 4035 2268 4095; x_wconf 85' lang='lat' dir='ltr'>morale</span> 
     </span>
     <span class='ocr_line' id='line_1_39' title="bbox 729 4130 2268 4206; baseline 0 -17"><span class='ocrx_word' id='word_1_262' title='bbox 729 4131 1045 4206; x_wconf 88' lang='lat' dir='ltr'>collyrium</span> <span class='ocrx_word' id='word_1_263' title='bbox 1093 4131 1176 4190; x_wconf 90' lang='lat' dir='ltr'>ad</span> <span class='ocrx_word' id='word_1_264' title='bbox 1199 4130 1629 4203; x_wconf 87' lang='lat' dir='ltr'>vigorationem</span> <span class='ocrx_word' id='word_1_265' title='bbox 1685 4130 1977 4190; x_wconf 90' lang='lat' dir='ltr'>dictarum</span> <span class='ocrx_word' id='word_1_266' title='bbox 2027 4130 2268 4201; x_wconf 88' lang='lat' dir='ltr'>virium,</span> 
     </span>
     <span class='ocr_line' id='line_1_40' title="bbox 725 4224 2269 4298; baseline 0.001 -16"><span class='ocrx_word' id='word_1_267' title='bbox 725 4240 836 4298; x_wconf 90' lang='lat' dir='ltr'>per</span> <span class='ocrx_word' id='word_1_268' title='bbox 861 4225 1334 4284; x_wconf 88' lang='lat' dir='ltr'>commistionem</span> <span class='ocrx_word' id='word_1_269' title='bbox 1371 4224 1824 4296; x_wconf 88' lang='lat' dir='ltr'>desideriorum,</span> <span class='ocrx_word' id='word_1_270' title='bbox 1875 4229 1933 4284; x_wconf 88' lang='lat' dir='ltr'>et</span> <span class='ocrx_word' id='word_1_271' title='bbox 1975 4224 2269 4283; x_wconf 87' lang='lat' dir='ltr'>desidera-</span> 
     </span>
     <span class='ocr_line' id='line_1_41' title="bbox 726 4318 2265 4392; baseline 0 -16"><span class='ocrx_word' id='word_1_272' title='bbox 726 4318 942 4377; x_wconf 90' lang='lat' dir='ltr'>bilium</span> <span class='ocrx_word' id='word_1_273' title='bbox 970 4336 985 4376; x_wconf 91' lang='lat'>:</span> <span class='ocrx_word' id='word_1_274' title='bbox 1020 4321 1125 4376; x_wconf 84' lang='lat' dir='ltr'>Fac</span> <span class='ocrx_word' id='word_1_275' title='bbox 1143 4334 1262 4376; x_wconf 81' lang='lat' dir='ltr'>eum</span> <span class='ocrx_word' id='word_1_276' title='bbox 1285 4333 1435 4376; x_wconf 81' lang='lat' dir='ltr'>servo</span> <span class='ocrx_word' id='word_1_277' title='bbox 1473 4321 1584 4390; x_wconf 79' lang='lat' dir='ltr'>tuo,</span> <span class='ocrx_word' id='word_1_278' title='bbox 1641 4321 1975 4392; x_wconf 70' lang='lat' dir='ltr'>praenotans</span> <span class='ocrx_word' id='word_1_279' title='bbox 2029 4318 2265 4376; x_wconf 88' lang='lat' dir='ltr'>deside-</span> 
     </span>
     <span class='ocr_line' id='line_1_42' title="bbox 726 4409 2269 4485; baseline -0.001 -15"><span class='ocrx_word' id='word_1_280' title='bbox 726 4412 883 4471; x_wconf 87' lang='lat' dir='ltr'>rium</span> <span class='ocrx_word' id='word_1_281' title='bbox 902 4410 1146 4471; x_wconf 85' lang='lat' dir='ltr'>rationis</span> <span class='ocrx_word' id='word_1_282' title='bbox 1185 4409 1587 4485; x_wconf 79' lang='lat' dir='ltr'>speculativae3</span> <span class='ocrx_word' id='word_1_283' title='bbox 1633 4411 1932 4469; x_wconf 81' lang='lat' dir='ltr'>Secundum</span> <span class='ocrx_word' id='word_1_284' title='bbox 1966 4413 2269 4469; x_wconf 77' lang='lat' dir='ltr'>misericor-</span> 
     </span>
     <span class='ocr_line' id='line_1_43' title="bbox 727 4504 2267 4577; baseline 0.001 -16"><span class='ocrx_word' id='word_1_285' title='bbox 727 4504 877 4564; x_wconf 77' lang='lat' dir='ltr'>diam</span> <span class='ocrx_word' id='word_1_286' title='bbox 903 4509 1072 4577; x_wconf 79' lang='lat' dir='ltr'>tuam,</span> <span class='ocrx_word' id='word_1_287' title='bbox 1101 4505 1427 4563; x_wconf 84' lang='lat' dir='ltr'>subnotans</span> <span class='ocrx_word' id='word_1_288' title='bbox 1452 4504 1846 4563; x_wconf 83' lang='lat' dir='ltr'>desiderabile</span> <span class='ocrx_word' id='word_1_289' title='bbox 1874 4505 2267 4565; x_wconf 87' lang='lat' dir='ltr'>miserationis</span> 
     </span>
     <span class='ocr_line' id='line_1_44' title="bbox 727 4597 2268 4671; baseline 0.001 -14"><span class='ocrx_word' id='word_1_290' title='bbox 727 4598 977 4671; x_wconf 82' lang='lat' dir='ltr'>divinoe3</span> <span class='ocrx_word' id='word_1_291' title='bbox 1005 4601 1077 4657; x_wconf 81' lang='lat' dir='ltr'>Et</span> <span class='ocrx_word' id='word_1_292' title='bbox 1112 4598 1240 4656; x_wconf 79' lang='lat' dir='ltr'>doce</span> <span class='ocrx_word' id='word_1_293' title='bbox 1264 4614 1369 4670; x_wconf 79' lang='lat' dir='ltr'>me,</span> <span class='ocrx_word' id='word_1_294' title='bbox 1421 4602 1712 4658; x_wconf 81' lang='lat' dir='ltr'>annotans</span> <span class='ocrx_word' id='word_1_295' title='bbox 1763 4597 2124 4658; x_wconf 87' lang='lat' dir='ltr'>desiderium</span> <span class='ocrx_word' id='word_1_296' title='bbox 2175 4614 2268 4659; x_wconf 88' lang='lat' dir='ltr'>ra·</span> 
     </span>
     <span class='ocr_line' id='line_1_45' title="bbox 726 4690 2266 4767; baseline 0.002 -17"><span class='ocrx_word' id='word_1_297' title='bbox 726 4692 902 4751; x_wconf 91' lang='lat' dir='ltr'>tionis</span> <span class='ocrx_word' id='word_1_298' title='bbox 939 4690 1242 4767; x_wconf 81' lang='lat' dir='ltr'>practicae3</span> <span class='ocrx_word' id='word_1_299' title='bbox 1303 4694 1726 4764; x_wconf 70' lang='lat' dir='ltr'>‚testificationes</span> <span class='ocrx_word' id='word_1_300' title='bbox 1778 4697 1922 4765; x_wconf 78' lang='lat' dir='ltr'>tuas,</span> <span class='ocrx_word' id='word_1_301' title='bbox 1977 4693 2266 4754; x_wconf 84' lang='lat' dir='ltr'>denotans</span> 
     </span>
     <span class='ocr_line' id='line_1_46' title="bbox 729 4784 1939 4857; baseline 0.002 -15"><span class='ocrx_word' id='word_1_302' title='bbox 729 4784 1121 4846; x_wconf 88' lang='lat' dir='ltr'>desiderabile</span> <span class='ocrx_word' id='word_1_303' title='bbox 1152 4784 1582 4857; x_wconf 83' lang='lat' dir='ltr'>justificationis</span> <span class='ocrx_word' id='word_1_304' title='bbox 1607 4785 1939 4845; x_wconf 63' lang='lat' dir='ltr'>dominicae.</span> 
     </span>
    </p>
   </div>
   <div class='ocr_carea' id='block_1_5' title="bbox 1250 5002 1734 5049">
    <p class='ocr_par' dir='ltr' id='par_1_6' title="bbox 1250 5002 1734 5049">
     <span class='ocr_line' id='line_1_47' title="bbox 1250 5002 1734 5049; baseline 0 -1"><span class='ocrx_word' id='word_1_305' title='bbox 1250 5002 1578 5049; x_wconf 66' lang='lat' dir='ltr'>macutus</span> <span class='ocrx_word' id='word_1_306' title='bbox 1613 5004 1734 5048; x_wconf 85' lang='lat' dir='ltr'>xm.</span> 
     </span>
    </p>
   </div>
   <div class='ocr_carea' id='block_1_6' title="bbox 803 5160 2266 5237">
    <p class='ocr_par' dir='ltr' id='par_1_7' title="bbox 803 5160 2266 5237">
     <span class='ocr_line' id='line_1_48' title="bbox 803 5160 2266 5237; baseline 0 -16"><span class='ocrx_word' id='word_1_307' title='bbox 803 5163 926 5222; x_wconf 71' lang='grc'><strong>125.</strong></span> <span class='ocrx_word' id='word_1_308' title='bbox 951 5160 1146 5222; x_wconf 68' lang='lat' dir='ltr'>servu·</span> <span class='ocrx_word' id='word_1_309' title='bbox 1172 5165 1296 5218; x_wconf 72' lang='lat' dir='ltr'>tuus</span> <span class='ocrx_word' id='word_1_310' title='bbox 1320 5175 1441 5219; x_wconf 75' lang='lat' dir='ltr'>sum</span> <span class='ocrx_word' id='word_1_311' title='bbox 1467 5176 1581 5234; x_wconf 74' lang='lat' dir='ltr'>eqo,</span> <span class='ocrx_word' id='word_1_312' title='bbox 1611 5162 1722 5219; x_wconf 88' lang='lat' dir='ltr'>etc.</span> <span class='ocrx_word' id='word_1_313' title='bbox 1752 5160 2089 5220; x_wconf 80' lang='lat' dir='ltr'>Praecedens</span> <span class='ocrx_word' id='word_1_314' title='bbox 2115 5176 2266 5237; x_wconf 83' lang='lat' dir='ltr'>qua·</span> 
     </span>
    </p>
   </div>
   <div class='ocr_carea' id='block_1_7' title="bbox 734 5289 2264 5429">
    <p class='ocr_par' dir='ltr' id='par_1_8' title="bbox 734 5289 2264 5429">
     <span class='ocr_line' id='line_1_49' title="bbox 798 5289 2262 5355; baseline -0.001 -12"><span class='ocrx_word' id='word_1_315' title='bbox 798 5295 812 5323; x_wconf 84' lang='lat'><strong>¹</strong></span> <span class='ocrx_word' id='word_1_316' title='bbox 841 5293 977 5354; x_wconf 72' lang='lat' dir='ltr'>Luc„</span> <span class='ocrx_word' id='word_1_317' title='bbox 1004 5302 1075 5355; x_wconf 80' lang='lat' dir='ltr'>w,</span> <span class='ocrx_word' id='word_1_318' title='bbox 1104 5292 1183 5341; x_wconf 85' lang='grc'><strong>31.</strong></span> <span class='ocrx_word' id='word_1_319' title='bbox 1212 5315 1268 5327; x_wconf 92' lang='lat'>--</span> <span class='ocrx_word' id='word_1_320' title='bbox 1298 5289 1544 5349; x_wconf 50' lang='lat' dir='ltr'>&#39;Mamm</span> <span class='ocrx_word' id='word_1_321' title='bbox 1565 5301 1707 5352; x_wconf 81' lang='lat' dir='ltr'>xxn,</span> <span class='ocrx_word' id='word_1_322' title='bbox 1736 5292 1810 5343; x_wconf 87' lang='grc'><strong>16.</strong></span> <span class='ocrx_word' id='word_1_323' title='bbox 1832 5318 1895 5330; x_wconf 89' lang='grc'>-</span> <span class='ocrx_word' id='word_1_324' title='bbox 1924 5290 1945 5323; x_wconf 83' lang='lat'>⁸</span> <span class='ocrx_word' id='word_1_325' title='bbox 1973 5291 2117 5343; x_wconf 75' lang='lat' dir='ltr'>Psal.</span> <span class='ocrx_word' id='word_1_326' title='bbox 2143 5291 2262 5355; x_wconf 88' lang='lat' dir='ltr'>hoc,</span> 
     </span>
     <span class='ocr_line' id='line_1_50' title="bbox 734 5361 2264 5429; baseline 0 -14"><span class='ocrx_word' id='word_1_327' title='bbox 734 5366 814 5415; x_wconf 74' lang='lat'>68.</span> <span class='ocrx_word' id='word_1_328' title='bbox 846 5389 909 5405; x_wconf 91' lang='lat'><em>-</em></span> <span class='ocrx_word' id='word_1_329' title='bbox 939 5364 961 5399; x_wconf 64' lang='grc' dir='ltr'>δ</span> <span class='ocrx_word' id='word_1_330' title='bbox 987 5363 1146 5426; x_wconf 68' lang='lat' dir='ltr'>Rom„</span> <span class='ocrx_word' id='word_1_331' title='bbox 1178 5372 1253 5425; x_wconf 79' lang='lat' dir='ltr'>lv,</span> <span class='ocrx_word' id='word_1_332' title='bbox 1284 5362 1363 5415; x_wconf 79' lang='lat'>25.</span> <span class='ocrx_word' id='word_1_333' title='bbox 1394 5386 1456 5399; x_wconf 89' lang='lat'>—-</span> <span class='ocrx_word' id='word_1_334' title='bbox 1493 5362 1516 5399; x_wconf 82' lang='lat'>⁸</span> <span class='ocrx_word' id='word_1_335' title='bbox 1542 5361 1679 5414; x_wconf 74' lang='lat' dir='ltr'>Peae.</span> <span class='ocrx_word' id='word_1_336' title='bbox 1717 5362 1838 5426; x_wconf 85' lang='lat' dir='ltr'>hoc,</span> <span class='ocrx_word' id='word_1_337' title='bbox 1866 5365 1944 5415; x_wconf 77' lang='lat'>48.</span> <span class='ocrx_word' id='word_1_338' title='bbox 1973 5389 2036 5403; x_wconf 92' lang='lat'><strong>—</strong></span> <span class='ocrx_word' id='word_1_339' title='bbox 2063 5365 2084 5397; x_wconf 80' lang='lat'>⁸</span> <span class='ocrx_word' id='word_1_340' title='bbox 2115 5363 2264 5429; x_wconf 72' lang='lat' dir='ltr'>thid„</span> 
     </span>
    </p>
   </div>
   <div class='ocr_carea' id='block_1_8' title="bbox 1767 421 2873 496">
    <p class='ocr_par' dir='ltr' id='par_1_9' title="bbox 1767 421 2873 496">
     <span class='ocr_line' id='line_1_51' title="bbox 1767 421 2873 496; baseline -0.006 1"><span class='ocrx_word' id='word_1_341' title='bbox 1767 424 2185 496; x_wconf 79' lang='lat' dir='ltr'>EXPOSITIO</span> <span class='ocrx_word' id='word_1_342' title='bbox 2223 421 2304 490; x_wconf 89' lang='lat' dir='ltr'>IN</span> <span class='ocrx_word' id='word_1_343' title='bbox 2344 421 2873 491; x_wconf 83' lang='lat' dir='ltr'>PSALTERIUM.</span> 
     </span>
    </p>
   </div>
   <div class='ocr_carea' id='block_1_9' title="bbox 2365 557 3961 3533">
    <p class='ocr_par' dir='ltr' id='par_1_10' title="bbox 2365 557 3909 2305">
     <span class='ocr_line' id='line_1_52' title="bbox 2366 557 3906 635; baseline 0.001 -17"><span class='ocrx_word' id='word_1_344' title='bbox 2366 560 2654 619; x_wconf 87' lang='lat' dir='ltr'>ternarius</span> <span class='ocrx_word' id='word_1_345' title='bbox 2682 559 2987 635; x_wconf 82' lang='lat' dir='ltr'>descripsit</span> <span class='ocrx_word' id='word_1_346' title='bbox 3008 558 3347 635; x_wconf 58' lang='lat' dir='ltr'>&amp;quitatem</span> <span class='ocrx_word' id='word_1_347' title='bbox 3363 557 3906 633; x_wconf 77' lang='lat' dir='ltr'>adolescentulam3</span> 
     </span>
     <span class='ocr_line' id='line_1_53' title="bbox 2365 651 3909 729; baseline -0.001 -17"><span class='ocrx_word' id='word_1_348' title='bbox 2365 669 2622 728; x_wconf 83' lang='lat' dir='ltr'>praesens</span> <span class='ocrx_word' id='word_1_349' title='bbox 2648 653 3060 729; x_wconf 86' lang='lat' dir='ltr'>quaternarius</span> <span class='ocrx_word' id='word_1_350' title='bbox 3086 653 3368 712; x_wconf 90' lang='lat' dir='ltr'>describit</span> <span class='ocrx_word' id='word_1_351' title='bbox 3390 651 3728 728; x_wconf 60' lang='lat' dir='ltr'>aequitatem</span> <span class='ocrx_word' id='word_1_352' title='bbox 3741 652 3909 711; x_wconf 80' lang='lat' dir='ltr'>adul-</span> 
     </span>
     <span class='ocr_line' id='line_1_54' title="bbox 2366 746 3904 822; baseline 0 -16"><span class='ocrx_word' id='word_1_353' title='bbox 2366 751 2490 806; x_wconf 87' lang='lat' dir='ltr'>tam</span> <span class='ocrx_word' id='word_1_354' title='bbox 2519 766 2533 804; x_wconf 92' lang='lat'><strong>:</strong></span> <span class='ocrx_word' id='word_1_355' title='bbox 2563 747 2730 820; x_wconf 86' lang='lat' dir='ltr'>cujus</span> <span class='ocrx_word' id='word_1_356' title='bbox 2755 747 3067 822; x_wconf 89' lang='lat' dir='ltr'>proprium</span> <span class='ocrx_word' id='word_1_357' title='bbox 3107 749 3215 819; x_wconf 90' lang='lat' dir='ltr'>est,</span> <span class='ocrx_word' id='word_1_358' title='bbox 3259 746 3587 822; x_wconf 83' lang='lat' dir='ltr'>profectum</span> <span class='ocrx_word' id='word_1_359' title='bbox 3621 747 3904 820; x_wconf 65' lang='lat' dir='ltr'>aemulari,</span> 
     </span>
     <span class='ocr_line' id='line_1_55' title="bbox 2369 839 3905 916; baseline 0.001 -17"><span class='ocrx_word' id='word_1_360' title='bbox 2369 841 2661 900; x_wconf 81' lang='lat' dir='ltr'>defectum</span> <span class='ocrx_word' id='word_1_361' title='bbox 2690 839 3011 913; x_wconf 90' lang='lat' dir='ltr'>dehortari,</span> <span class='ocrx_word' id='word_1_362' title='bbox 3030 840 3261 899; x_wconf 90' lang='lat' dir='ltr'>bonum</span> <span class='ocrx_word' id='word_1_363' title='bbox 3276 840 3556 899; x_wconf 89' lang='lat' dir='ltr'>deficiens</span> <span class='ocrx_word' id='word_1_364' title='bbox 3583 842 3905 916; x_wconf 88' lang='lat' dir='ltr'>aspernari,</span> 
     </span>
     <span class='ocr_line' id='line_1_56' title="bbox 2367 934 3906 1011; baseline -0.001 -17"><span class='ocrx_word' id='word_1_365' title='bbox 2367 934 2598 994; x_wconf 89' lang='lat' dir='ltr'>bonum</span> <span class='ocrx_word' id='word_1_366' title='bbox 2648 935 2960 1011; x_wconf 87' lang='lat' dir='ltr'>perficiens</span> <span class='ocrx_word' id='word_1_367' title='bbox 3021 934 3375 1009; x_wconf 88' lang='lat' dir='ltr'>amplexari,</span> <span class='ocrx_word' id='word_1_368' title='bbox 3424 935 3576 993; x_wconf 87' lang='lat' dir='ltr'>sicut</span> <span class='ocrx_word' id='word_1_369' title='bbox 3635 935 3906 994; x_wconf 87' lang='lat' dir='ltr'>videntur</span> 
     </span>
     <span class='ocr_line' id='line_1_57' title="bbox 2369 1028 3904 1105; baseline 0 -17"><span class='ocrx_word' id='word_1_370' title='bbox 2369 1034 2625 1105; x_wconf 84' lang='lat' dir='ltr'>quatuor</span> <span class='ocrx_word' id='word_1_371' title='bbox 2703 1046 2905 1089; x_wconf 89' lang='lat' dir='ltr'>versus</span> <span class='ocrx_word' id='word_1_372' title='bbox 2975 1028 3234 1104; x_wconf 86' lang='lat' dir='ltr'>proximi</span> <span class='ocrx_word' id='word_1_373' title='bbox 3284 1029 3617 1104; x_wconf 84' lang='lat' dir='ltr'>protestari.</span> <span class='ocrx_word' id='word_1_374' title='bbox 3681 1029 3904 1088; x_wconf 87' lang='lat' dir='ltr'>Primus</span> 
     </span>
     <span class='ocr_line' id='line_1_58' title="bbox 2369 1122 3904 1198; baseline 0 -16"><span class='ocrx_word' id='word_1_375' title='bbox 2369 1139 2514 1197; x_wconf 88' lang='lat' dir='ltr'>ergo</span> <span class='ocrx_word' id='word_1_376' title='bbox 2539 1140 2742 1182; x_wconf 88' lang='lat' dir='ltr'>versus</span> <span class='ocrx_word' id='word_1_377' title='bbox 2790 1125 3146 1198; x_wconf 88' lang='lat' dir='ltr'>protestatur</span> <span class='ocrx_word' id='word_1_378' title='bbox 3197 1122 3639 1182; x_wconf 78' lang='lat' dir='ltr'>aemulationem</span> <span class='ocrx_word' id='word_1_379' title='bbox 3677 1122 3904 1197; x_wconf 77' lang='lat' dir='ltr'>profec-</span> 
     </span>
     <span class='ocr_line' id='line_1_59' title="bbox 2368 1216 3898 1291; baseline -0.002 -16"><span class='ocrx_word' id='word_1_380' title='bbox 2368 1219 2462 1275; x_wconf 87' lang='lat' dir='ltr'>tus</span> <span class='ocrx_word' id='word_1_381' title='bbox 2471 1236 2489 1290; x_wconf 91' lang='lat'>;</span> <span class='ocrx_word' id='word_1_382' title='bbox 2520 1217 2601 1275; x_wconf 88' lang='lat' dir='ltr'>ait</span> <span class='ocrx_word' id='word_1_383' title='bbox 2626 1216 2787 1275; x_wconf 90' lang='lat' dir='ltr'>enim</span> <span class='ocrx_word' id='word_1_384' title='bbox 2814 1216 3347 1291; x_wconf 72' lang='lat' dir='ltr'>psalmographus:</span> <span class='ocrx_word' id='word_1_385' title='bbox 3375 1217 3569 1276; x_wconf 65' lang='lat' dir='ltr'>Senius</span> <span class='ocrx_word' id='word_1_386' title='bbox 3598 1222 3744 1290; x_wconf 73' lang='lat' dir='ltr'>tuus,</span> <span class='ocrx_word' id='word_1_387' title='bbox 3772 1221 3898 1290; x_wconf 63' lang='lat' dir='ltr'>etc„</span> 
     </span>
     <span class='ocr_line' id='line_1_60' title="bbox 2369 1309 3902 1386; baseline 0.002 -19"><span class='ocrx_word' id='word_1_388' title='bbox 2369 1326 2441 1368; x_wconf 90' lang='lat' dir='ltr'>ac</span> <span class='ocrx_word' id='word_1_389' title='bbox 2466 1310 2515 1367; x_wconf 91' lang='lat' dir='ltr'>si</span> <span class='ocrx_word' id='word_1_390' title='bbox 2539 1309 2830 1370; x_wconf 86' lang='lat' dir='ltr'>diceretur</span> <span class='ocrx_word' id='word_1_391' title='bbox 2847 1310 3106 1386; x_wconf 89' lang='lat' dir='ltr'>apertius</span> <span class='ocrx_word' id='word_1_392' title='bbox 3137 1328 3152 1368; x_wconf 71' lang='grc' dir='ltr'><strong><em>ε</em></strong></span> <span class='ocrx_word' id='word_1_393' title='bbox 3181 1311 3292 1381; x_wconf 83' lang='lat' dir='ltr'>Qui</span> <span class='ocrx_word' id='word_1_394' title='bbox 3320 1310 3533 1369; x_wconf 87' lang='lat' dir='ltr'>dedisti</span> <span class='ocrx_word' id='word_1_395' title='bbox 3560 1311 3802 1383; x_wconf 88' lang='lat' dir='ltr'>servire,</span> <span class='ocrx_word' id='word_1_396' title='bbox 3827 1311 3902 1369; x_wconf 84' lang='lat' dir='ltr'>da</span> 
     </span>
     <span class='ocr_line' id='line_1_61' title="bbox 2367 1402 3902 1479; baseline -0.001 -18"><span class='ocrx_word' id='word_1_397' title='bbox 2367 1402 2680 1478; x_wconf 88' lang='lat' dir='ltr'>proficere,</span> <span class='ocrx_word' id='word_1_398' title='bbox 2706 1403 2927 1462; x_wconf 88' lang='lat' dir='ltr'>scilicet</span> <span class='ocrx_word' id='word_1_399' title='bbox 2962 1420 3070 1479; x_wconf 89' lang='lat' dir='ltr'>per</span> <span class='ocrx_word' id='word_1_400' title='bbox 3087 1403 3447 1464; x_wconf 90' lang='lat' dir='ltr'>intellectum</span> <span class='ocrx_word' id='word_1_401' title='bbox 3486 1404 3813 1479; x_wconf 63' lang='lat' dir='ltr'>Scripturas,</span> <span class='ocrx_word' id='word_1_402' title='bbox 3842 1409 3902 1462; x_wconf 90' lang='lat' dir='ltr'>ut</span> 
     </span>
     <span class='ocr_line' id='line_1_62' title="bbox 2369 1496 3902 1573; baseline 0.001 -17"><span class='ocrx_word' id='word_1_403' title='bbox 2369 1496 2556 1556; x_wconf 89' lang='lat' dir='ltr'>sciam</span> <span class='ocrx_word' id='word_1_404' title='bbox 2594 1497 2702 1557; x_wconf 90' lang='lat' dir='ltr'>tibi</span> <span class='ocrx_word' id='word_1_405' title='bbox 2745 1496 3144 1558; x_wconf 85' lang='lat' dir='ltr'>testimonium</span> <span class='ocrx_word' id='word_1_406' title='bbox 3188 1497 3522 1572; x_wconf 83' lang='lat' dir='ltr'>perhibere.</span> <span class='ocrx_word' id='word_1_407' title='bbox 3565 1500 3712 1557; x_wconf 80' lang='lat' dir='ltr'>Ecce</span> <span class='ocrx_word' id='word_1_408' title='bbox 3766 1514 3902 1573; x_wconf 86' lang='lat' dir='ltr'>qua-</span> 
     </span>
     <span class='ocr_line' id='line_1_63' title="bbox 2370 1590 3901 1667; baseline -0.001 -18"><span class='ocrx_word' id='word_1_409' title='bbox 2370 1594 2506 1650; x_wconf 90' lang='lat' dir='ltr'>tuor</span> <span class='ocrx_word' id='word_1_410' title='bbox 2529 1594 2712 1664; x_wconf 88' lang='lat' dir='ltr'>actus,</span> <span class='ocrx_word' id='word_1_411' title='bbox 2740 1608 2893 1667; x_wconf 89' lang='lat' dir='ltr'>quos</span> <span class='ocrx_word' id='word_1_412' title='bbox 2918 1594 3199 1651; x_wconf 88' lang='lat' dir='ltr'>connotat</span> <span class='ocrx_word' id='word_1_413' title='bbox 3232 1590 3338 1650; x_wconf 91' lang='lat' dir='ltr'>iste</span> <span class='ocrx_word' id='word_1_414' title='bbox 3365 1608 3593 1665; x_wconf 78' lang='lat' dir='ltr'>versuS,</span> <span class='ocrx_word' id='word_1_415' title='bbox 3632 1591 3901 1651; x_wconf 85' lang='lat' dir='ltr'>videlicet</span> 
     </span>
     <span class='ocr_line' id='line_1_64' title="bbox 2370 1684 3902 1759; baseline 0.002 -17"><span class='ocrx_word' id='word_1_416' title='bbox 2370 1685 2667 1743; x_wconf 83' lang='lat' dir='ltr'>serviendi</span> <span class='ocrx_word' id='word_1_417' title='bbox 2684 1728 2704 1758; x_wconf 94' lang='lat'>,</span> <span class='ocrx_word' id='word_1_418' title='bbox 2769 1684 3122 1759; x_wconf 88' lang='lat' dir='ltr'>proficiendi</span> <span class='ocrx_word' id='word_1_419' title='bbox 3138 1728 3158 1757; x_wconf 91' lang='lat'>,</span> <span class='ocrx_word' id='word_1_420' title='bbox 3212 1684 3614 1758; x_wconf 86' lang='lat' dir='ltr'>intelligendi,</span> <span class='ocrx_word' id='word_1_421' title='bbox 3660 1686 3902 1746; x_wconf 84' lang='lat' dir='ltr'>testimo·</span> 
     </span>
     <span class='ocr_line' id='line_1_65' title="bbox 2370 1778 3903 1855; baseline 0.001 -19"><span class='ocrx_word' id='word_1_422' title='bbox 2370 1778 2538 1837; x_wconf 92' lang='lat' dir='ltr'>nium</span> <span class='ocrx_word' id='word_1_423' title='bbox 2557 1778 2908 1853; x_wconf 89' lang='lat' dir='ltr'>perhibendi</span> <span class='ocrx_word' id='word_1_424' title='bbox 2945 1797 2960 1837; x_wconf 75' lang='lat' dir='ltr'><strong><em>z</em></strong></span> <span class='ocrx_word' id='word_1_425' title='bbox 2988 1795 3247 1854; x_wconf 84' lang='lat' dir='ltr'>quorum</span> <span class='ocrx_word' id='word_1_426' title='bbox 3287 1778 3517 1853; x_wconf 87' lang='lat' dir='ltr'>primus</span> <span class='ocrx_word' id='word_1_427' title='bbox 3553 1780 3805 1855; x_wconf 85' lang='lat' dir='ltr'>pertinet</span> <span class='ocrx_word' id='word_1_428' title='bbox 3828 1779 3903 1838; x_wconf 89' lang='lat' dir='ltr'>ad</span> 
     </span>
     <span class='ocr_line' id='line_1_66' title="bbox 2370 1872 3904 1949; baseline 0.001 -18"><span class='ocrx_word' id='word_1_429' title='bbox 2370 1872 2790 1931; x_wconf 90' lang='lat' dir='ltr'>mandatorum</span> <span class='ocrx_word' id='word_1_430' title='bbox 2815 1873 3283 1946; x_wconf 82' lang='lat' dir='ltr'>observantiam3</span> <span class='ocrx_word' id='word_1_431' title='bbox 3312 1873 3629 1947; x_wconf 87' lang='lat' dir='ltr'>secundus,</span> <span class='ocrx_word' id='word_1_432' title='bbox 3660 1874 3742 1933; x_wconf 91' lang='lat' dir='ltr'>ad</span> <span class='ocrx_word' id='word_1_433' title='bbox 3765 1890 3904 1949; x_wconf 78' lang='lat' dir='ltr'>prae-</span> 
     </span>
     <span class='ocr_line' id='line_1_67' title="bbox 2368 1968 3905 2044; baseline 0.002 -18"><span class='ocrx_word' id='word_1_434' title='bbox 2368 1968 2763 2027; x_wconf 88' lang='lat' dir='ltr'>varicatorum</span> <span class='ocrx_word' id='word_1_435' title='bbox 2817 1968 3306 2042; x_wconf 84' lang='lat' dir='ltr'>convertentiam3</span> <span class='ocrx_word' id='word_1_436' title='bbox 3356 1969 3578 2043; x_wconf 78' lang='lat' dir='ltr'>tertiae,</span> <span class='ocrx_word' id='word_1_437' title='bbox 3634 1971 3715 2029; x_wconf 90' lang='lat' dir='ltr'>ad</span> <span class='ocrx_word' id='word_1_438' title='bbox 3766 1970 3905 2044; x_wconf 84' lang='lat' dir='ltr'>legis</span> 
     </span>
     <span class='ocr_line' id='line_1_68' title="bbox 2370 2062 3906 2139; baseline 0.001 -18"><span class='ocrx_word' id='word_1_439' title='bbox 2370 2062 2850 2138; x_wconf 82' lang='lat' dir='ltr'>intelligentiam3</span> <span class='ocrx_word' id='word_1_440' title='bbox 2880 2066 3147 2139; x_wconf 76' lang='lat' dir='ltr'>quartuS,</span> <span class='ocrx_word' id='word_1_441' title='bbox 3169 2063 3251 2123; x_wconf 89' lang='lat' dir='ltr'>ad</span> <span class='ocrx_word' id='word_1_442' title='bbox 3270 2064 3709 2138; x_wconf 74' lang='lat' dir='ltr'>praedioationis</span> <span class='ocrx_word' id='word_1_443' title='bbox 3726 2066 3906 2126; x_wconf 87' lang='lat' dir='ltr'>scien·</span> 
     </span>
     <span class='ocr_line' id='line_1_69' title="bbox 2371 2158 2534 2216; baseline 0 0"><span class='ocrx_word' id='word_1_444' title='bbox 2371 2158 2534 2216; x_wconf 89' lang='lat' dir='ltr'>tiam.</span> 
     </span>
     <span class='ocr_line' id='line_1_70' title="bbox 2869 2233 3405 2305; baseline 0 -15"><span class='ocrx_word' id='word_1_445' title='bbox 2869 2233 3147 2290; x_wconf 76' lang='lat' dir='ltr'>Articulus</span> <span class='ocrx_word' id='word_1_446' title='bbox 3171 2233 3405 2305; x_wconf 76' lang='lat' dir='ltr'>primus.</span> 
     </span>
    </p>

    <p class='ocr_par' dir='ltr' id='par_1_11' title="bbox 2371 2348 3961 3533">
     <span class='ocr_line' id='line_1_71' title="bbox 2446 2348 3909 2424; baseline 0.003 -16"><span class='ocrx_word' id='word_1_447' title='bbox 2446 2351 2739 2419; x_wconf 87' lang='lat' dir='ltr'>Quantum</span> <span class='ocrx_word' id='word_1_448' title='bbox 2785 2349 2868 2408; x_wconf 84' lang='lat' dir='ltr'>ad</span> <span class='ocrx_word' id='word_1_449' title='bbox 2909 2349 3192 2424; x_wconf 90' lang='lat' dir='ltr'>primum,</span> <span class='ocrx_word' id='word_1_450' title='bbox 3240 2348 3453 2408; x_wconf 92' lang='lat' dir='ltr'>dicitur</span> <span class='ocrx_word' id='word_1_451' title='bbox 3500 2368 3516 2407; x_wconf 72' lang='grc' dir='ltr'><em>τ</em></span> <span class='ocrx_word' id='word_1_452' title='bbox 3547 2351 3740 2411; x_wconf 66' lang='lat' dir='ltr'>Ser-vus</span> <span class='ocrx_word' id='word_1_453' title='bbox 3792 2355 3909 2411; x_wconf 69' lang='lat' dir='ltr'>tuus</span> 
     </span>
     <span class='ocr_line' id='line_1_72' title="bbox 2371 2443 3910 2517; baseline 0.004 -17"><span class='ocrx_word' id='word_1_454' title='bbox 2371 2458 2493 2500; x_wconf 80' lang='lat' dir='ltr'>sum</span> <span class='ocrx_word' id='word_1_455' title='bbox 2518 2458 2631 2515; x_wconf 71' lang='lat' dir='ltr'>eqo.</span> <span class='ocrx_word' id='word_1_456' title='bbox 2655 2444 2899 2515; x_wconf 70' lang='lat' dir='ltr'>Quaeris,</span> <span class='ocrx_word' id='word_1_457' title='bbox 2928 2459 3052 2517; x_wconf 89' lang='lat' dir='ltr'>quo</span> <span class='ocrx_word' id='word_1_458' title='bbox 3077 2443 3305 2501; x_wconf 72' lang='lat' dir='ltr'>modo?</span> <span class='ocrx_word' id='word_1_459' title='bbox 3332 2445 3605 2505; x_wconf 77' lang='lat' dir='ltr'>Mandata</span> <span class='ocrx_word' id='word_1_460' title='bbox 3656 2450 3760 2505; x_wconf 88' lang='lat' dir='ltr'>tua</span> <span class='ocrx_word' id='word_1_461' title='bbox 3800 2461 3910 2504; x_wconf 84' lang='lat' dir='ltr'>ser-</span> 
     </span>
     <span class='ocr_line' id='line_1_73' title="bbox 2372 2536 3909 2599; baseline 0.004 -6"><span class='ocrx_word' id='word_1_462' title='bbox 2372 2536 2575 2594; x_wconf 88' lang='lat' dir='ltr'>vando</span> <span class='ocrx_word' id='word_1_463' title='bbox 2605 2554 2621 2593; x_wconf 74' lang='grc' dir='ltr'><strong><em>ε</em></strong></span> <span class='ocrx_word' id='word_1_464' title='bbox 2650 2552 2786 2595; x_wconf 90' lang='lat' dir='ltr'>ecce</span> <span class='ocrx_word' id='word_1_465' title='bbox 2833 2536 3253 2596; x_wconf 88' lang='lat' dir='ltr'>mandatorum</span> <span class='ocrx_word' id='word_1_466' title='bbox 3299 2538 3760 2598; x_wconf 84' lang='lat' dir='ltr'>observantiam.</span> <span class='ocrx_word' id='word_1_467' title='bbox 3805 2542 3909 2599; x_wconf 86' lang='lat' dir='ltr'>No·</span> 
     </span>
     <span class='ocr_line' id='line_1_74' title="bbox 2372 2630 3908 2706; baseline 0.002 -17"><span class='ocrx_word' id='word_1_468' title='bbox 2372 2630 2622 2689; x_wconf 87' lang='lat' dir='ltr'>tandum</span> <span class='ocrx_word' id='word_1_469' title='bbox 2646 2630 2869 2705; x_wconf 85' lang='lat' dir='ltr'>itaque,</span> <span class='ocrx_word' id='word_1_470' title='bbox 2896 2632 3064 2706; x_wconf 84' lang='lat' dir='ltr'>quod</span> <span class='ocrx_word' id='word_1_471' title='bbox 3087 2646 3394 2691; x_wconf 88' lang='lat' dir='ltr'>servorum</span> <span class='ocrx_word' id='word_1_472' title='bbox 3421 2632 3660 2692; x_wconf 89' lang='lat' dir='ltr'>interest</span> <span class='ocrx_word' id='word_1_473' title='bbox 3675 2632 3908 2705; x_wconf 86' lang='lat' dir='ltr'>servire,</span> 
     </span>
     <span class='ocr_line' id='line_1_75' title="bbox 2375 2723 3908 2800; baseline 0.003 -18"><span class='ocrx_word' id='word_1_474' title='bbox 2375 2723 2642 2796; x_wconf 87' lang='lat' dir='ltr'>obedire,</span> <span class='ocrx_word' id='word_1_475' title='bbox 2672 2724 3006 2782; x_wconf 85' lang='lat' dir='ltr'>custodire:</span> <span class='ocrx_word' id='word_1_476' title='bbox 3037 2740 3172 2783; x_wconf 90' lang='lat' dir='ltr'>ecce</span> <span class='ocrx_word' id='word_1_477' title='bbox 3194 2724 3410 2800; x_wconf 84' lang='lat' dir='ltr'>triplex</span> <span class='ocrx_word' id='word_1_478' title='bbox 3463 2725 3756 2786; x_wconf 88' lang='lat' dir='ltr'>servitutis</span> <span class='ocrx_word' id='word_1_479' title='bbox 3805 2727 3908 2785; x_wconf 87' lang='lat' dir='ltr'>cir·</span> 
     </span>
     <span class='ocr_line' id='line_1_76' title="bbox 2373 2818 3904 2893; baseline 0.001 -17"><span class='ocrx_word' id='word_1_480' title='bbox 2373 2818 2741 2890; x_wconf 82' lang='lat' dir='ltr'>cumstantia,</span> <span class='ocrx_word' id='word_1_481' title='bbox 2769 2818 2989 2878; x_wconf 88' lang='lat' dir='ltr'>scilicet</span> <span class='ocrx_word' id='word_1_482' title='bbox 3013 2834 3289 2893; x_wconf 89' lang='lat' dir='ltr'>operosa,</span> <span class='ocrx_word' id='word_1_483' title='bbox 3316 2820 3625 2890; x_wconf 88' lang='lat' dir='ltr'>timorosa,</span> <span class='ocrx_word' id='word_1_484' title='bbox 3654 2836 3904 2880; x_wconf 84' lang='lat' dir='ltr'>morosa.</span> 
     </span>
     <span class='ocr_line' id='line_1_77' title="bbox 2374 2912 3910 2987; baseline 0.001 -16"><span class='ocrx_word' id='word_1_485' title='bbox 2374 2915 2454 2971; x_wconf 87' lang='lat' dir='ltr'>De</span> <span class='ocrx_word' id='word_1_486' title='bbox 2480 2913 2674 2986; x_wconf 88' lang='lat' dir='ltr'>primo</span> <span class='ocrx_word' id='word_1_487' title='bbox 2690 2914 2713 2948; x_wconf 88' lang='lat'>&#39;¹</span> <span class='ocrx_word' id='word_1_488' title='bbox 2744 2931 2759 2970; x_wconf 72' lang='grc' dir='ltr'><strong><em>ε</em></strong></span> <span class='ocrx_word' id='word_1_489' title='bbox 2796 2932 2826 2967; x_wconf 73' lang='grc' dir='ltr'>α</span> <span class='ocrx_word' id='word_1_490' title='bbox 2846 2912 2903 2972; x_wconf 91' lang='lat' dir='ltr'>Si</span> <span class='ocrx_word' id='word_1_491' title='bbox 2948 2912 3160 2971; x_wconf 89' lang='lat' dir='ltr'>emeris</span> <span class='ocrx_word' id='word_1_492' title='bbox 3180 2929 3418 2972; x_wconf 88' lang='lat' dir='ltr'>servum</span> <span class='ocrx_word' id='word_1_493' title='bbox 3458 2914 3788 2987; x_wconf 65' lang='lat' dir='ltr'>Hebraeum,</span> <span class='ocrx_word' id='word_1_494' title='bbox 3812 2929 3910 2973; x_wconf 86' lang='lat' dir='ltr'>sex</span> 
     </span>
     <span class='ocr_line' id='line_1_78' title="bbox 2375 3005 3907 3068; baseline 0.001 -3"><span class='ocrx_word' id='word_1_495' title='bbox 2375 3005 2546 3065; x_wconf 88' lang='lat' dir='ltr'>annis</span> <span class='ocrx_word' id='word_1_496' title='bbox 2570 3006 2788 3065; x_wconf 87' lang='lat' dir='ltr'>serviat</span> <span class='ocrx_word' id='word_1_497' title='bbox 2820 3006 2928 3065; x_wconf 91' lang='lat' dir='ltr'>tibi</span> <span class='ocrx_word' id='word_1_498' title='bbox 2958 3024 2973 3064; x_wconf 71' lang='grc' dir='ltr'><strong>ε</strong></span> <span class='ocrx_word' id='word_1_499' title='bbox 3004 3027 3034 3063; x_wconf 75' lang='grc' dir='ltr'>ι»</span> <span class='ocrx_word' id='word_1_500' title='bbox 3067 3021 3203 3066; x_wconf 85' lang='lat' dir='ltr'>ecce</span> <span class='ocrx_word' id='word_1_501' title='bbox 3254 3023 3460 3066; x_wconf 87' lang='lat' dir='ltr'>servus</span> <span class='ocrx_word' id='word_1_502' title='bbox 3495 3009 3755 3068; x_wconf 84' lang='lat' dir='ltr'>serviens</span> <span class='ocrx_word' id='word_1_503' title='bbox 3790 3023 3907 3066; x_wconf 90' lang='lat' dir='ltr'>ser-</span> 
     </span>
     <span class='ocr_line' id='line_1_79' title="bbox 2373 3099 3908 3177; baseline 0.001 -18"><span class='ocrx_word' id='word_1_504' title='bbox 2373 3099 2554 3161; x_wconf 88' lang='lat' dir='ltr'>vitute</span> <span class='ocrx_word' id='word_1_505' title='bbox 2583 3117 2856 3177; x_wconf 88' lang='lat' dir='ltr'>operosa.</span> <span class='ocrx_word' id='word_1_506' title='bbox 2896 3104 2974 3160; x_wconf 90' lang='lat' dir='ltr'>De</span> <span class='ocrx_word' id='word_1_507' title='bbox 2999 3101 3262 3161; x_wconf 89' lang='lat' dir='ltr'>secundo</span> <span class='ocrx_word' id='word_1_508' title='bbox 3290 3103 3354 3161; x_wconf 81' lang='lat'>⁸:</span> <span class='ocrx_word' id='word_1_509' title='bbox 3390 3121 3419 3159; x_wconf 71' lang='grc' dir='ltr'>ει</span> <span class='ocrx_word' id='word_1_510' title='bbox 3445 3102 3630 3177; x_wconf 89' lang='lat' dir='ltr'>Servi,</span> <span class='ocrx_word' id='word_1_511' title='bbox 3675 3101 3908 3162; x_wconf 83' lang='lat' dir='ltr'>obedite</span> 
     </span>
     <span class='ocr_line' id='line_1_80' title="bbox 2377 3194 3961 3269; baseline 0.001 -16"><span class='ocrx_word' id='word_1_512' title='bbox 2377 3194 2635 3254; x_wconf 91' lang='lat' dir='ltr'>dominis</span> <span class='ocrx_word' id='word_1_513' title='bbox 2662 3195 3003 3255; x_wconf 88' lang='lat' dir='ltr'>carnalibus</span> <span class='ocrx_word' id='word_1_514' title='bbox 3043 3213 3181 3254; x_wconf 90' lang='lat' dir='ltr'>cum</span> <span class='ocrx_word' id='word_1_515' title='bbox 3205 3195 3441 3269; x_wconf 89' lang='lat' dir='ltr'>timore,</span> <span class='ocrx_word' id='word_1_516' title='bbox 3468 3199 3526 3255; x_wconf 90' lang='lat' dir='ltr'>et</span> <span class='ocrx_word' id='word_1_517' title='bbox 3549 3199 3802 3256; x_wconf 89' lang='lat' dir='ltr'>tremore</span> <span class='ocrx_word' id='word_1_518' title='bbox 3830 3215 3850 3253; x_wconf 73' lang='grc' dir='ltr'><strong><em>ε</em></strong></span> <span class='ocrx_word' id='word_1_519' title='bbox 3873 3218 3901 3251; x_wconf 78' lang='lat'>1·</span> <span class='ocrx_word' id='word_1_520' title='bbox 3956 3250 3961 3254; x_wconf 85' lang='lat'>.</span> 
     </span>
     <span class='ocr_line' id='line_1_81' title="bbox 2376 3288 3908 3349; baseline 0 -2"><span class='ocrx_word' id='word_1_521' title='bbox 2376 3305 2516 3348; x_wconf 90' lang='lat' dir='ltr'>ecce</span> <span class='ocrx_word' id='word_1_522' title='bbox 2568 3305 2774 3347; x_wconf 88' lang='lat' dir='ltr'>servus</span> <span class='ocrx_word' id='word_1_523' title='bbox 2819 3288 3108 3347; x_wconf 90' lang='lat' dir='ltr'>obediens</span> <span class='ocrx_word' id='word_1_524' title='bbox 3157 3289 3433 3347; x_wconf 88' lang='lat' dir='ltr'>servitute</span> <span class='ocrx_word' id='word_1_525' title='bbox 3476 3289 3778 3349; x_wconf 89' lang='lat' dir='ltr'>timorosa.</span> <span class='ocrx_word' id='word_1_526' title='bbox 3835 3293 3908 3347; x_wconf 82' lang='lat' dir='ltr'>De</span> 
     </span>
     <span class='ocr_line' id='line_1_82' title="bbox 2375 3381 3902 3444; baseline -0.002 -3"><span class='ocrx_word' id='word_1_527' title='bbox 2375 3382 2544 3441; x_wconf 85' lang='lat' dir='ltr'>tertio</span> <span class='ocrx_word' id='word_1_528' title='bbox 2597 3381 2827 3441; x_wconf 88' lang='lat' dir='ltr'>canitur</span> <span class='ocrx_word' id='word_1_529' title='bbox 2852 3384 2876 3419; x_wconf 78' lang='lat'><strong>⁹</strong></span> <span class='ocrx_word' id='word_1_530' title='bbox 2925 3400 2998 3439; x_wconf 76' lang='lat' dir='ltr'>t«</span> <span class='ocrx_word' id='word_1_531' title='bbox 3040 3383 3251 3441; x_wconf 87' lang='lat' dir='ltr'>Servus</span> <span class='ocrx_word' id='word_1_532' title='bbox 3294 3385 3430 3441; x_wconf 89' lang='lat' dir='ltr'>tuus</span> <span class='ocrx_word' id='word_1_533' title='bbox 3457 3382 3713 3441; x_wconf 87' lang='lat' dir='ltr'>custodit</span> <span class='ocrx_word' id='word_1_534' title='bbox 3737 3399 3808 3444; x_wconf 87' lang='lat' dir='ltr'>ea</span> <span class='ocrx_word' id='word_1_535' title='bbox 3836 3401 3850 3439; x_wconf 77' lang='lat' dir='ltr'>t</span> <span class='ocrx_word' id='word_1_536' title='bbox 3874 3405 3902 3439; x_wconf 75' lang='grc' dir='ltr'><strong>ι</strong></span> 
     </span>
     <span class='ocr_line' id='line_1_83' title="bbox 2377 3472 3700 3533; baseline 0.002 -2"><span class='ocrx_word' id='word_1_537' title='bbox 2377 3487 2512 3531; x_wconf 91' lang='lat' dir='ltr'>ecce</span> <span class='ocrx_word' id='word_1_538' title='bbox 2535 3487 2741 3531; x_wconf 84' lang='lat' dir='ltr'>servus</span> <span class='ocrx_word' id='word_1_539' title='bbox 2768 3472 3109 3531; x_wconf 89' lang='lat' dir='ltr'>custodiens</span> <span class='ocrx_word' id='word_1_540' title='bbox 3134 3472 3409 3531; x_wconf 86' lang='lat' dir='ltr'>servitute</span> <span class='ocrx_word' id='word_1_541' title='bbox 3442 3488 3700 3533; x_wconf 87' lang='lat' dir='ltr'>morosa.</span> 
     </span>
    </p>
   </div>
   <div class='ocr_carea' id='block_1_10' title="bbox 2855 3633 3432 3691">
    <p class='ocr_par' dir='ltr' id='par_1_12' title="bbox 2855 3633 3432 3691">
     <span class='ocr_line' id='line_1_84' title="bbox 2855 3633 3432 3691; baseline -0.002 -1"><span class='ocrx_word' id='word_1_542' title='bbox 2855 3633 3130 3691; x_wconf 77' lang='lat' dir='ltr'>Articulus</span> <span class='ocrx_word' id='word_1_543' title='bbox 3155 3633 3432 3691; x_wconf 77' lang='lat' dir='ltr'>secundus.</span> 
     </span>
    </p>
   </div>
   <div class='ocr_carea' id='block_1_11' title="bbox 2373 3758 3959 5253">
    <p class='ocr_par' dir='ltr' id='par_1_13' title="bbox 2373 3758 3959 5253">
     <span class='ocr_line' id='line_1_85' title="bbox 2446 3758 3959 3832; baseline 0.002 -18"><span class='ocrx_word' id='word_1_544' title='bbox 2446 3758 2742 3826; x_wconf 85' lang='lat' dir='ltr'>Quantum</span> <span class='ocrx_word' id='word_1_545' title='bbox 2782 3758 2863 3816; x_wconf 90' lang='lat' dir='ltr'>ad</span> <span class='ocrx_word' id='word_1_546' title='bbox 2905 3759 3264 3831; x_wconf 89' lang='lat' dir='ltr'>secundum,</span> <span class='ocrx_word' id='word_1_547' title='bbox 3303 3758 3577 3832; x_wconf 81' lang='lat' dir='ltr'>adiicitur</span> <span class='ocrx_word' id='word_1_548' title='bbox 3606 3776 3622 3817; x_wconf 73' lang='grc' dir='ltr'><strong><em>ε</em></strong></span> <span class='ocrx_word' id='word_1_549' title='bbox 3653 3761 3740 3817; x_wconf 81' lang='lat' dir='ltr'>Da</span> <span class='ocrx_word' id='word_1_550' title='bbox 3761 3759 3907 3819; x_wconf 74' lang='lat' dir='ltr'>mihi.</span> <span class='ocrx_word' id='word_1_551' title='bbox 3952 3790 3959 3796; x_wconf 95' lang='lat'>-</span> 
     </span>
     <span class='ocr_line' id='line_1_86' title="bbox 2377 3851 3912 3928; baseline 0.001 -20"><span class='ocrx_word' id='word_1_552' title='bbox 2377 3851 2481 3922; x_wconf 87' lang='lat' dir='ltr'>Da,</span> <span class='ocrx_word' id='word_1_553' title='bbox 2511 3851 2783 3926; x_wconf 88' lang='lat' dir='ltr'>inquam,</span> <span class='ocrx_word' id='word_1_554' title='bbox 2837 3855 2907 3910; x_wconf 89' lang='lat' dir='ltr'>ut</span> <span class='ocrx_word' id='word_1_555' title='bbox 2946 3852 3278 3928; x_wconf 89' lang='lat' dir='ltr'>proficiam,</span> <span class='ocrx_word' id='word_1_556' title='bbox 3335 3853 3481 3928; x_wconf 86' lang='lat' dir='ltr'>quia</span> <span class='ocrx_word' id='word_1_557' title='bbox 3530 3868 3657 3913; x_wconf 91' lang='lat' dir='ltr'>non</span> <span class='ocrx_word' id='word_1_558' title='bbox 3708 3852 3912 3913; x_wconf 82' lang='lat' dir='ltr'>sufficit</span> 
     </span>
     <span class='ocr_line' id='line_1_87' title="bbox 2376 3942 3911 4022; baseline 0.004 -20"><span class='ocrx_word' id='word_1_559' title='bbox 2376 3942 2526 4002; x_wconf 91' lang='lat' dir='ltr'>mibi</span> <span class='ocrx_word' id='word_1_560' title='bbox 2554 3947 2621 4002; x_wconf 89' lang='lat' dir='ltr'>ut</span> <span class='ocrx_word' id='word_1_561' title='bbox 2655 3945 2933 4019; x_wconf 85' lang='lat' dir='ltr'>serviam,</span> <span class='ocrx_word' id='word_1_562' title='bbox 2967 3946 3080 4004; x_wconf 88' lang='lat' dir='ltr'>nisi</span> <span class='ocrx_word' id='word_1_563' title='bbox 3126 3945 3440 4006; x_wconf 89' lang='lat' dir='ltr'>serviendo</span> <span class='ocrx_word' id='word_1_564' title='bbox 3487 3947 3800 4022; x_wconf 87' lang='lat' dir='ltr'>proficiam</span> <span class='ocrx_word' id='word_1_565' title='bbox 3837 3947 3911 4007; x_wconf 88' lang='lat' dir='ltr'>ad</span> 
     </span>
     <span class='ocr_line' id='line_1_88' title="bbox 2375 4038 3912 4117; baseline 0.003 -20"><span class='ocrx_word' id='word_1_566' title='bbox 2375 4038 2755 4113; x_wconf 89' lang='lat' dir='ltr'>pinguiorem</span> <span class='ocrx_word' id='word_1_567' title='bbox 2782 4041 3077 4101; x_wconf 88' lang='lat' dir='ltr'>serviendi</span> <span class='ocrx_word' id='word_1_568' title='bbox 3123 4041 3394 4116; x_wconf 86' lang='lat' dir='ltr'>gratiam.</span> <span class='ocrx_word' id='word_1_569' title='bbox 3444 4041 3598 4102; x_wconf 85' lang='lat' dir='ltr'>Talis</span> <span class='ocrx_word' id='word_1_570' title='bbox 3621 4042 3811 4117; x_wconf 86' lang='lat' dir='ltr'>gratia</span> <span class='ocrx_word' id='word_1_571' title='bbox 3833 4045 3912 4101; x_wconf 81' lang='lat' dir='ltr'>est</span> 
     </span>
     <span class='ocr_line' id='line_1_89' title="bbox 2374 4134 3912 4213; baseline 0.004 -22"><span class='ocrx_word' id='word_1_572' title='bbox 2374 4134 2892 4208; x_wconf 57' lang='lat' dir='ltr'>praevaricatorum</span> <span class='ocrx_word' id='word_1_573' title='bbox 2955 4137 3374 4196; x_wconf 86' lang='lat' dir='ltr'>convertentia.</span> <span class='ocrx_word' id='word_1_574' title='bbox 3429 4139 3497 4196; x_wconf 85' lang='lat' dir='ltr'>Et</span> <span class='ocrx_word' id='word_1_575' title='bbox 3534 4141 3702 4210; x_wconf 90' lang='lat' dir='ltr'>nota,</span> <span class='ocrx_word' id='word_1_576' title='bbox 3753 4136 3912 4213; x_wconf 89' lang='lat' dir='ltr'>quod</span> 
     </span>
     <span class='ocr_line' id='line_1_90' title="bbox 2375 4227 3911 4304; baseline 0.004 -18"><span class='ocrx_word' id='word_1_577' title='bbox 2375 4227 2487 4286; x_wconf 87' lang='lat' dir='ltr'>tria</span> <span class='ocrx_word' id='word_1_578' title='bbox 2502 4229 2642 4288; x_wconf 90' lang='lat' dir='ltr'>data</span> <span class='ocrx_word' id='word_1_579' title='bbox 2662 4229 3136 4303; x_wconf 85' lang='lat' dir='ltr'>suntproficienti</span> <span class='ocrx_word' id='word_1_580' title='bbox 3148 4231 3482 4303; x_wconf 78' lang='lat' dir='ltr'>necessaria</span> <span class='ocrx_word' id='word_1_581' title='bbox 3491 4250 3511 4304; x_wconf 84' lang='lat'><em>3</em></span> <span class='ocrx_word' id='word_1_582' title='bbox 3535 4231 3812 4293; x_wconf 87' lang='lat' dir='ltr'>videlicet</span> <span class='ocrx_word' id='word_1_583' title='bbox 3824 4248 3911 4291; x_wconf 90' lang='lat' dir='ltr'>sa·</span> 
     </span>
     <span class='ocr_line' id='line_1_91' title="bbox 2374 4323 3910 4405; baseline 0.005 -24"><span class='ocrx_word' id='word_1_584' title='bbox 2374 4324 2599 4397; x_wconf 90' lang='lat' dir='ltr'>pientia</span> <span class='ocrx_word' id='word_1_585' title='bbox 2623 4323 2686 4383; x_wconf 90' lang='lat' dir='ltr'>in</span> <span class='ocrx_word' id='word_1_586' title='bbox 2712 4324 2773 4382; x_wconf 90' lang='lat' dir='ltr'>vi</span> <span class='ocrx_word' id='word_1_587' title='bbox 2795 4325 3157 4399; x_wconf 88' lang='lat' dir='ltr'>rationabili,</span> <span class='ocrx_word' id='word_1_588' title='bbox 3182 4329 3512 4389; x_wconf 85' lang='lat' dir='ltr'>constantia</span> <span class='ocrx_word' id='word_1_589' title='bbox 3523 4329 3587 4388; x_wconf 92' lang='lat' dir='ltr'>in</span> <span class='ocrx_word' id='word_1_590' title='bbox 3612 4329 3910 4405; x_wconf 83' lang='lat' dir='ltr'>concupis-</span> 
     </span>
     <span class='ocr_line' id='line_1_92' title="bbox 2377 4417 3912 4497; baseline 0.004 -23"><span class='ocrx_word' id='word_1_591' title='bbox 2377 4417 2558 4490; x_wconf 88' lang='lat' dir='ltr'>cibili,</span> <span class='ocrx_word' id='word_1_592' title='bbox 2575 4420 2632 4476; x_wconf 91' lang='lat' dir='ltr'>et</span> <span class='ocrx_word' id='word_1_593' title='bbox 2644 4418 2860 4477; x_wconf 85' lang='lat' dir='ltr'>fiducia</span> <span class='ocrx_word' id='word_1_594' title='bbox 2875 4418 2940 4476; x_wconf 91' lang='lat' dir='ltr'>in</span> <span class='ocrx_word' id='word_1_595' title='bbox 2951 4420 3229 4480; x_wconf 86' lang='lat' dir='ltr'>irascibili</span> <span class='ocrx_word' id='word_1_596' title='bbox 3248 4439 3262 4479; x_wconf 75' lang='grc' dir='ltr'><strong><em>ε</em></strong></span> <span class='ocrx_word' id='word_1_597' title='bbox 3285 4422 3568 4497; x_wconf 88' lang='lat' dir='ltr'>primum,</span> <span class='ocrx_word' id='word_1_598' title='bbox 3595 4439 3673 4482; x_wconf 91' lang='lat' dir='ltr'>ne</span> <span class='ocrx_word' id='word_1_599' title='bbox 3686 4423 3912 4484; x_wconf 85' lang='lat' dir='ltr'>deficiat</span> 
     </span>
     <span class='ocr_line' id='line_1_93' title="bbox 2375 4514 3910 4594; baseline 0.005 -25"><span class='ocrx_word' id='word_1_600' title='bbox 2375 4526 2485 4586; x_wconf 89' lang='lat' dir='ltr'>per</span> <span class='ocrx_word' id='word_1_601' title='bbox 2521 4526 2820 4585; x_wconf 81' lang='lat' dir='ltr'>errorem3</span> <span class='ocrx_word' id='word_1_602' title='bbox 2849 4514 3201 4587; x_wconf 89' lang='lat' dir='ltr'>secundum,</span> <span class='ocrx_word' id='word_1_603' title='bbox 3236 4531 3313 4575; x_wconf 93' lang='lat' dir='ltr'>ne</span> <span class='ocrx_word' id='word_1_604' title='bbox 3349 4516 3586 4577; x_wconf 88' lang='lat' dir='ltr'>deficiat</span> <span class='ocrx_word' id='word_1_605' title='bbox 3622 4533 3733 4594; x_wconf 90' lang='lat' dir='ltr'>per</span> <span class='ocrx_word' id='word_1_606' title='bbox 3756 4516 3910 4576; x_wconf 82' lang='lat' dir='ltr'>favo-</span> 
     </span>
     <span class='ocr_line' id='line_1_94' title="bbox 2373 4604 3910 4684; baseline 0.004 -22"><span class='ocrx_word' id='word_1_607' title='bbox 2373 4620 2530 4678; x_wconf 88' lang='lat' dir='ltr'>rem;</span> <span class='ocrx_word' id='word_1_608' title='bbox 2559 4604 2817 4676; x_wconf 77' lang='lat' dir='ltr'>tertium,</span> <span class='ocrx_word' id='word_1_609' title='bbox 2835 4622 2910 4665; x_wconf 90' lang='lat' dir='ltr'>ne</span> <span class='ocrx_word' id='word_1_610' title='bbox 2938 4606 3173 4668; x_wconf 81' lang='lat' dir='ltr'>deficiat</span> <span class='ocrx_word' id='word_1_611' title='bbox 3196 4624 3303 4684; x_wconf 90' lang='lat' dir='ltr'>per</span> <span class='ocrx_word' id='word_1_612' title='bbox 3323 4626 3629 4684; x_wconf 86' lang='lat' dir='ltr'>pavorem.</span> <span class='ocrx_word' id='word_1_613' title='bbox 3659 4611 3910 4670; x_wconf 88' lang='lat' dir='ltr'>Primum</span> 
     </span>
     <span class='ocr_line' id='line_1_95' title="bbox 2373 4698 3912 4776; baseline 0.005 -20"><span class='ocrx_word' id='word_1_614' title='bbox 2373 4698 2611 4772; x_wconf 88' lang='lat' dir='ltr'>petitur,</span> <span class='ocrx_word' id='word_1_615' title='bbox 2646 4702 2714 4758; x_wconf 87' lang='lat' dir='ltr'>nt</span> <span class='ocrx_word' id='word_1_616' title='bbox 2749 4699 2892 4758; x_wconf 87' lang='lat' dir='ltr'>dicit</span> <span class='ocrx_word' id='word_1_617' title='bbox 2926 4703 3160 4776; x_wconf 86' lang='lat' dir='ltr'>sapiens</span> <span class='ocrx_word' id='word_1_618' title='bbox 3199 4705 3452 4765; x_wconf 89' lang='lat' dir='ltr'>Domino</span> <span class='ocrx_word' id='word_1_619' title='bbox 3483 4706 3526 4743; x_wconf 82' lang='lat'>¹⁰</span> <span class='ocrx_word' id='word_1_620' title='bbox 3553 4723 3569 4764; x_wconf 75' lang='lat' dir='ltr'><strong><em>z</em></strong></span> <span class='ocrx_word' id='word_1_621' title='bbox 3598 4725 3628 4761; x_wconf 74' lang='grc' dir='ltr'><strong>α</strong></span> <span class='ocrx_word' id='word_1_622' title='bbox 3657 4710 3740 4767; x_wconf 84' lang='lat' dir='ltr'>Da</span> <span class='ocrx_word' id='word_1_623' title='bbox 3769 4704 3912 4764; x_wconf 86' lang='lat' dir='ltr'>mihi</span> 
     </span>
     <span class='ocr_line' id='line_1_96' title="bbox 2375 4793 3909 4874; baseline 0.005 -23"><span class='ocrx_word' id='word_1_624' title='bbox 2375 4793 2608 4852; x_wconf 86' lang='lat' dir='ltr'>sedium</span> <span class='ocrx_word' id='word_1_625' title='bbox 2634 4796 2872 4853; x_wconf 89' lang='lat' dir='ltr'>tuarum</span> <span class='ocrx_word' id='word_1_626' title='bbox 2911 4796 3263 4857; x_wconf 86' lang='lat' dir='ltr'>assistricem</span> <span class='ocrx_word' id='word_1_627' title='bbox 3289 4800 3672 4874; x_wconf 84' lang='lat' dir='ltr'>sapientiam:</span> <span class='ocrx_word' id='word_1_628' title='bbox 3693 4823 3723 4855; x_wconf 71' lang='grc' dir='ltr'><strong>υ</strong></span> <span class='ocrx_word' id='word_1_629' title='bbox 3780 4815 3909 4858; x_wconf 84' lang='lat' dir='ltr'>ecce</span> 
     </span>
     <span class='ocr_line' id='line_1_97' title="bbox 2377 4886 3914 4969; baseline 0.004 -23"><span class='ocrx_word' id='word_1_630' title='bbox 2377 4886 2584 4947; x_wconf 78' lang='lat' dir='ltr'>danim</span> <span class='ocrx_word' id='word_1_631' title='bbox 2609 4887 2928 4962; x_wconf 79' lang='lat' dir='ltr'>sapientioe.</span> <span class='ocrx_word' id='word_1_632' title='bbox 2958 4892 3296 4951; x_wconf 88' lang='lat' dir='ltr'>Secundum</span> <span class='ocrx_word' id='word_1_633' title='bbox 3316 4894 3554 4969; x_wconf 86' lang='lat' dir='ltr'>petitur,</span> <span class='ocrx_word' id='word_1_634' title='bbox 3583 4894 3692 4954; x_wconf 89' lang='lat' dir='ltr'>ubi</span> <span class='ocrx_word' id='word_1_635' title='bbox 3718 4892 3914 4955; x_wconf 84' lang='lat' dir='ltr'>Judith</span> 
     </span>
     <span class='ocr_line' id='line_1_98' title="bbox 2376 4982 3915 5057; baseline 0.004 -17"><span class='ocrx_word' id='word_1_636' title='bbox 2376 4984 2507 5041; x_wconf 92' lang='lat' dir='ltr'>orat</span> <span class='ocrx_word' id='word_1_637' title='bbox 2550 4982 2886 5057; x_wconf 86' lang='lat' dir='ltr'>Dominum,</span> <span class='ocrx_word' id='word_1_638' title='bbox 2940 4984 3024 5044; x_wconf 85' lang='lat' dir='ltr'>sic</span> <span class='ocrx_word' id='word_1_639' title='bbox 3076 4985 3332 5046; x_wconf 90' lang='lat' dir='ltr'>dicendo</span> <span class='ocrx_word' id='word_1_640' title='bbox 3370 4987 3446 5044; x_wconf 80' lang='lat'>¹¹:</span> <span class='ocrx_word' id='word_1_641' title='bbox 3481 5007 3514 5045; x_wconf 70' lang='grc' dir='ltr'>ι</span> <span class='ocrx_word' id='word_1_642' title='bbox 3541 4991 3625 5048; x_wconf 85' lang='lat' dir='ltr'>Da</span> <span class='ocrx_word' id='word_1_643' title='bbox 3659 4988 3808 5048; x_wconf 89' lang='lat' dir='ltr'>mihi</span> <span class='ocrx_word' id='word_1_644' title='bbox 3852 4987 3915 5046; x_wconf 91' lang='lat' dir='ltr'>in</span> 
     </span>
     <span class='ocr_line' id='line_1_99' title="bbox 2375 5076 3910 5149; baseline 0.005 -16"><span class='ocrx_word' id='word_1_645' title='bbox 2375 5076 2577 5145; x_wconf 82' lang='lat' dir='ltr'>animo</span> <span class='ocrx_word' id='word_1_646' title='bbox 2641 5076 3064 5149; x_wconf 84' lang='lat' dir='ltr'>constantiam,</span> <span class='ocrx_word' id='word_1_647' title='bbox 3106 5080 3174 5139; x_wconf 91' lang='lat' dir='ltr'>ut</span> <span class='ocrx_word' id='word_1_648' title='bbox 3227 5083 3607 5142; x_wconf 89' lang='lat' dir='ltr'>contemnam</span> <span class='ocrx_word' id='word_1_649' title='bbox 3649 5083 3857 5142; x_wconf 81' lang='lat' dir='ltr'>illum:</span> <span class='ocrx_word' id='word_1_650' title='bbox 3880 5100 3910 5139; x_wconf 65' lang='grc' dir='ltr'><strong>ι</strong></span> 
     </span>
     <span class='ocr_line' id='line_1_100' title="bbox 2376 5169 3917 5253; baseline 0.005 -26"><span class='ocrx_word' id='word_1_651' title='bbox 2376 5184 2512 5228; x_wconf 88' lang='lat' dir='ltr'>ecce</span> <span class='ocrx_word' id='word_1_652' title='bbox 2557 5169 2765 5231; x_wconf 88' lang='lat' dir='ltr'>datum</span> <span class='ocrx_word' id='word_1_653' title='bbox 2809 5172 3170 5233; x_wconf 67' lang='lat' dir='ltr'>constantim.</span> <span class='ocrx_word' id='word_1_654' title='bbox 3221 5175 3478 5235; x_wconf 86' lang='lat' dir='ltr'>Tertium</span> <span class='ocrx_word' id='word_1_655' title='bbox 3521 5175 3760 5253; x_wconf 83' lang='lat' dir='ltr'>petitur,</span> <span class='ocrx_word' id='word_1_656' title='bbox 3808 5175 3917 5236; x_wconf 90' lang='lat' dir='ltr'>ubi</span> 
     </span>
    </p>
   </div>
   <div class='ocr_carea' id='block_1_12' title="bbox 2375 5296 3917 5438">
    <p class='ocr_par' dir='ltr' id='par_1_14' title="bbox 2375 5296 3917 5438">
     <span class='ocr_line' id='line_1_101' title="bbox 2375 5296 3917 5367; baseline 0.005 -20"><span class='ocrx_word' id='word_1_657' title='bbox 2375 5296 2456 5347; x_wconf 77' lang='lat'>27.</span> <span class='ocrx_word' id='word_1_658' title='bbox 2482 5321 2545 5337; x_wconf 88' lang='lat'>-··</span> <span class='ocrx_word' id='word_1_659' title='bbox 2579 5297 2596 5328; x_wconf 80' lang='lat'>“¹</span> <span class='ocrx_word' id='word_1_660' title='bbox 2629 5297 2813 5364; x_wconf 66' lang='lat' dir='ltr'>Emd„</span> <span class='ocrx_word' id='word_1_661' title='bbox 2842 5311 2958 5366; x_wconf 76' lang='lat' dir='ltr'>xxi,</span> <span class='ocrx_word' id='word_1_662' title='bbox 2995 5303 3044 5352; x_wconf 73' lang='lat'>2.</span> <span class='ocrx_word' id='word_1_663' title='bbox 3081 5327 3136 5341; x_wconf 86' lang='lat'>-</span> <span class='ocrx_word' id='word_1_664' title='bbox 3175 5300 3200 5337; x_wconf 79' lang='lat'>⁸</span> <span class='ocrx_word' id='word_1_665' title='bbox 3223 5300 3426 5367; x_wconf 61' lang='lat' dir='ltr'>Ephes„</span> <span class='ocrx_word' id='word_1_666' title='bbox 3457 5314 3530 5366; x_wconf 76' lang='lat' dir='ltr'>vx,</span> <span class='ocrx_word' id='word_1_667' title='bbox 3557 5304 3607 5355; x_wconf 81' lang='grc'><strong>5.</strong></span> <span class='ocrx_word' id='word_1_668' title='bbox 3643 5303 3747 5343; x_wconf 76' lang='lat'>-’</span> <span class='ocrx_word' id='word_1_669' title='bbox 3774 5301 3917 5355; x_wconf 74' lang='lat' dir='ltr'>Psal.</span> 
     </span>
     <span class='ocr_line' id='line_1_102' title="bbox 2377 5371 3728 5438; baseline 0.006 -21"><span class='ocrx_word' id='word_1_670' title='bbox 2377 5377 2536 5430; x_wconf 85' lang='lat' dir='ltr'>xv111,</span> <span class='ocrx_word' id='word_1_671' title='bbox 2570 5371 2648 5420; x_wconf 77' lang='lat'>12.</span> <span class='ocrx_word' id='word_1_672' title='bbox 2672 5394 2734 5408; x_wconf 96' lang='lat'>—</span> <span class='ocrx_word' id='word_1_673' title='bbox 2762 5371 2804 5408; x_wconf 74' lang='lat'>⁸⁰</span> <span class='ocrx_word' id='word_1_674' title='bbox 2829 5371 2974 5438; x_wconf 68' lang='lat' dir='ltr'>sap„</span> <span class='ocrx_word' id='word_1_675' title='bbox 2999 5382 3074 5436; x_wconf 79' lang='lat' dir='ltr'>rx,</span> <span class='ocrx_word' id='word_1_676' title='bbox 3103 5374 3152 5422; x_wconf 75' lang='lat'>4.</span> <span class='ocrx_word' id='word_1_677' title='bbox 3173 5397 3235 5410; x_wconf 90' lang='lat'>-</span> <span class='ocrx_word' id='word_1_678' title='bbox 3264 5374 3297 5404; x_wconf 72' lang='lat'>&#39;¹</span> <span class='ocrx_word' id='word_1_679' title='bbox 3323 5372 3518 5437; x_wconf 71' lang='lat' dir='ltr'>ludim,</span> <span class='ocrx_word' id='word_1_680' title='bbox 3546 5384 3619 5438; x_wconf 87' lang='lat' dir='ltr'>1x,</span> <span class='ocrx_word' id='word_1_681' title='bbox 3651 5376 3728 5426; x_wconf 76' lang='lat'>14.</span> 
     </span>
    </p>
   </div>
  </div>
 </body>
</html>
