4196 6294
167 1410 317 1454 curin

92 1473 258 1528 plnres
271 1473 317 1517 in

132 1547 281 1590 regno

91 1599 280 1643 anime.

277 3966 284 3971 .
343 3920 617 3978 ciendum
689 3920 980 3978 voluntati

146 4792 307 4836 Potito-

1612 496 1970 566 PSALMUS
2013 502 2273 570 CXVIII.

908 760 1239 805 vnnsmums
1275 761 1331 803 Χ.

423 919 543 972 154.
565 915 763 973 ludica
779 916 1056 987 judicium
1081 933 1273 983 meum,
1301 920 1409 973 etc.
1435 914 1594 974 Sicut
1620 915 1890 990 superius

348 1009 540 1067 oravit
591 1009 892 1067 PsaJmista
948 1009 1255 1068 occasione
1315 1009 1599 1068 naturalis
1655 1009 1891 1082 justitiae

347 1103 649 1176 relegatae;
681 1105 763 1161 sic
789 1108 920 1162 orat
943 1105 1006 1161 in
1036 1109 1203 1178 parte
1237 1105 1347 1161 ista
1375 1105 1683 1163 occasione
1712 1103 1889 1177 origi-

346 1197 496 1254 nalis
548 1198 845 1271 injustitiae
900 1198 1210 1271 colligatae.
1266 1199 1506 1257 Videtur
1554 1198 1711 1257 enim
1765 1199 1889 1257 hoec

347 1292 536 1350 oratio
569 1307 693 1350 esse
735 1292 939 1366 petitio
974 1292 1292 1350 voluntatis
1319 1294 1396 1350 ab
1425 1292 1699 1350 inferiore
1728 1293 1891 1351 curia

345 1385 424 1442 ad
472 1385 839 1459 superiorem
878 1385 1104 1444 curiam
1152 1386 1520 1461 appellantis.
1571 1386 1888 1446 Adverten-

346 1478 492 1537 dum
518 1480 756 1554 itaque,
798 1480 965 1554 quod
1001 1480 1063 1536 in
1090 1495 1274 1552 regno
1316 1481 1529 1537 animm
1573 1496 1888 1553 possumus

342 1571 542 1647 plures
564 1573 775 1645 curiaS,
806 1574 1009 1647 plures
1031 1573 1284 1646 judices»,
1313 1573 1433 1632 sive
1462 1573 1622 1645 leges
1639 1573 1890 1646 judicia·-

343 1668 488 1739 rias‚
532 1667 733 1743 plures
772 1683 1013 1742 quoque
1051 1668 1362 1725 sententias
1397 1668 1663 1725 invenire
1676 1685 1694 1738 3
1741 1669 1890 1726 sicut

344 1760 568 1818 curiam
627 1760 1149 1834 concupiscentiae,
1208 1761 1433 1818 curiam
1480 1761 1849 1820 conscientiae
1866 1804 1885 1834 ‚

345 1854 568 1912 curiam
596 1854 813 1926 gratiae.
854 1853 1044 1912 ludex
1080 1856 1142 1911 in
1188 1855 1352 1912 curia
1379 1854 1887 1937 concupiscentiae,

343 1952 429 2006 est
461 1949 559 2006 lex
607 1947 931 2021 injustitiae3
958 1949 1147 2021 judex
1190 1949 1251 2007 in
1296 1949 1460 2007 curia
1497 1950 1887 2021 conscientiae,

344 2045 430 2098 est
463 2044 558 2099 lex
589 2042 1066 2114 justitioe;‘J'udex
1101 2042 1163 2098 in
1202 2044 1366 2100 curia
1394 2043 1624 2116 gratim,
1667 2050 1751 2102 est
1790 2046 1887 2102 lex

344 2135 683 2193 clementiae.
731 2137 1025 2194 Sententia
1076 2137 1196 2195 lata
1240 2136 1305 2194 in
1360 2139 1524 2195 curia
1569 2139 1884 2212 concupis—

344 2230 545 2287 centiae
571 2247 680 2305 per
705 2232 900 2303 legem
926 2231 1241 2302 injustitiae,
1274 2235 1359 2289 est
1383 2231 1632 2289 reddere
1661 2231 1886 2290 malum

343 2339 452 2396 pro
480 2324 644 2382 bono
681 2343 695 2381 ε
728 2325 894 2398 quod
921 2324 1134 2383 accidit
1162 2326 1225 2382 in
1249 2325 1414 2383 omni
1439 2329 1681 2400 peccato
1696 2367 1716 2397 ,
1745 2327 1887 2401 quia

342 2418 608 2475 redditur
633 2421 753 2476 Deo
781 2419 1117 2476 indebitum
1154 2436 1307 2493 opus
1346 2435 1457 2493 pro
1488 2419 1711 2477 debito,
1741 2422 1884 2479 Sen-

347 2511 522 2568 tentia
546 2510 665 2569 lata
690 2511 754 2569 in
781 2511 945 2569 curia
970 2514 1337 2570 conscientiae
1363 2529 1473 2585 per
1500 2513 1697 2585 legem
1718 2514 1885 2586 justi-

347 2604 465 2674 tiae,
494 2608 580 2661 est
605 2604 855 2663 reddere
883 2606 1112 2663 bonum
1149 2623 1260 2680 pro
1298 2607 1463 2664 bono
1494 2625 1511 2662 ε
1552 2608 1718 2681 quod
1748 2624 1885 2665 con·

344 2697 510 2771 tingit
537 2699 599 2756 in
642 2700 806 2757 omni
843 2699 1087 2772 merito,
1119 2700 1182 2757 in
1211 2717 1332 2774 quo
1361 2700 1630 2758 redditur
1657 2701 1886 2758 bonum

344 2796 652 2866 operatum
683 2809 794 2866 pro
829 2793 993 2851 bono
1022 2794 1327 2868 inspirato.
1360 2795 1652 2851 Sententia
1678 2795 1796 2851 lata
1822 2793 1886 2851 in

344 2885 506 2943 curia
534 2886 732 2959 gratiae
757 2903 865 2962 per
898 2888 1092 2960 legem
1132 2888 1483 2959 clementioe,
1525 2892 1611 2945 est
1636 2888 1885 2946 reddere

343 2979 570 3037 bonum
596 2997 707 3055 pro
736 2981 896 3039 malo
929 3000 944 3038 ε
974 2980 1143 3056 quod
1172 2981 1366 3039 evenit
1396 2982 1457 3039 in
1488 2982 1650 3039 omni
1675 2981 1886 3054 justifi-

343 3074 587 3132 cationis
612 3075 903 3134 beneficio
920 3095 938 3149 3
968 3075 1238 3133 redditur
1276 3091 1537 3151 namque
1567 3093 1603 3133 a
1638 3076 1739 3150 pio
1781 3077 1885 3149 jn-

344 3169 472 3226 dice
498 3169 731 3228 bonum
753 3171 939 3228 veniae
965 3187 1077 3246 pro
1106 3171 1266 3229 malo
1297 3171 1507 3244 culpae.
1536 3172 1683 3228 Cum
1707 3170 1885 3243 igitur

341 3260 613 3320 voluntas
637 3264 904 3322 humana
943 3266 1196 3321 tentatur
1225 3264 1301 3322 ab
1328 3264 1496 3321 hoste
1510 3306 1529 3334 ,
1571 3264 1778 3321 citatur
1806 3263 1885 3321 ad

343 3356 567 3415 curiam
594 3357 1105 3432 concupiscentiae.
1137 3362 1283 3415 Cum
1311 3358 1586 3415 voluntas
1611 3357 1675 3415 in
1703 3360 1886 3415 tenta-

342 3449 499 3507 tione
526 3450 711 3508 modo
742 3450 1098 3523 delectatur,
1129 3451 1314 3509 modo
1344 3451 1678 3523 detestatur,
1708 3467 1886 3508 causa

342 3545 465 3617 cjus
489 3560 692 3603 coram
716 3545 916 3618 judice
947 3546 1275 3620 insipiente,
1304 3562 1408 3604 seu
1436 3545 1564 3619 lege
1592 3545 1885 3618 injustitias

342 3638 669 3697 ventilatur.
702 3642 846 3698 Cum
877 3655 914 3696 a
957 3638 1344 3698 delectatione
1381 3638 1684 3698 detestatio
1712 3654 1886 3713 supe·

339 3736 502 3790 ratur
524 3776 544 3805 ,
605 3732 813 3807 iniqua
864 3734 1148 3791 sententia
1193 3750 1300 3808 per
1351 3733 1545 3804 legem
1596 3731 1887 3804 injustitias

339 3827 772 3900 promulgatur,
822 3831 877 3884 et
922 3827 1187 3884 humana
1225 3826 1496 3885 voluntas
1537 3827 1616 3884 ad
1659 3826 1885 3885 satisfa-

1065 3920 1374 3978 diabolicae
1437 3920 1883 3979 condemnatur.

339 4015 469 4083 Quo
498 4014 769 4087 cognito,
799 4014 1196 4073 condemnata
1222 4014 1494 4072 voluntas
1521 4013 1782 4089 appellat
1807 4013 1887 4072 ad

342 4110 567 4167 curiam
605 4109 837 4182 gratiae,
874 4109 1142 4167 revocari
1171 4108 1513 4183 supplicans
1541 4109 1887 4168 sententiam

342 4203 489 4276 legis
517 4201 810 4275 injustitiae
844 4218 953 4276 per
991 4202 1337 4261 sententiam
1363 4202 1510 4275 legis
1541 4202 1882 4261 clementiae.

342 4300 467 4368 Quo
514 4313 831 4369 concesso,
884 4297 1171 4372 postulat,
1208 4296 1376 4371 quod
1423 4297 1698 4370 deinceps
1736 4297 1887 4355 trabi

342 4408 465 4450 non
500 4392 696 4451 valeat
723 4391 802 4450 ad
835 4390 1061 4449 curiam
1087 4390 1608 4465 concupiscentias,
1637 4390 1744 4448 sed
1769 4390 1888 4447 cui-

341 4488 485 4547 libet
540 4487 924 4563 conquerenti
988 4486 1345 4561 respondeat
1398 4486 1460 4543 in
1516 4486 1681 4544 curia
1740 4501 1885 4543 con-

342 4582 616 4642 scientioe.
660 4582 869 4642 Omnia
909 4580 1154 4655 quidem
1192 4580 1302 4639 ista
1342 4579 1686 4639 brevissime
1727 4595 1889 4637 com-

342 4675 655 4752 prehendit
685 4674 990 4735 Psalmista
1019 4675 1221 4733 dicens
1253 4695 1264 4728 :
1296 4675 1493 4731 Indica
1513 4716 1533 4745 ‚
1563 4678 1671 4731 etc.
1687 4692 1706 4746 ;
1738 4689 1808 4731 ac
1838 4674 1887 4731 si

342 4788 518 4829 suum
539 4771 821 4828 formaret
836 4769 1176 4844 petitorium
1195 4768 1307 4825 sub
1330 4768 1442 4827 bac
1461 4768 1654 4826 forma
1676 4785 1691 4825 ε
1726 4771 1885 4840 Peto,

341 4866 615 4937 Domine,
662 4879 879 4923 revoca
924 4862 987 4920 in
1033 4862 1195 4920 curia
1242 4861 1475 4936 gratioe,
1531 4878 1639 4938 per
1693 4862 1889 4935 legem

342 4958 694 5032 clementiae,
748 4955 1040 5031 judicium
1092 4972 1296 5015 meum
1346 4956 1554 5015 datum
1606 4957 1670 5014 in
1725 4957 1889 5016 curia

344 5053 829 5130 concupiscentiae
863 5067 970 5127 per
1006 5050 1200 5125 legem
1239 5049 1563 5123 injustitiae3
1596 5053 1654 5107 et
1680 5066 1890 5125 separa

344 5165 439 5206 me
487 5166 524 5207 a
568 5149 701 5223 lege
743 5146 1035 5220 injustitiae
1073 5144 1374 5218 judicante
1424 5145 1487 5202 in
1532 5144 1694 5204 curia
1747 5161 1890 5204 con-

347 5243 714 5317 cupiscentiae
734 5286 752 5317 ,
783 5259 852 5300 ac
895 5256 1107 5315 repara
1143 5256 1240 5298 me
1274 5255 1382 5314 per
1418 5239 1615 5313 legem
1656 5238 1889 5311 justitiae

410 5372 422 5399 ¹
455 5368 564 5434 Ιοὸ,
610 5380 756 5433 xxiv,
793 5373 843 5419 5.
882 5394 935 5404 —-
978 5369 1002 5401 ¹
1045 5367 1215 5430 Dent„
1254 5376 1425 5429 xxvii,
1468 5368 1544 5416 ¹9.
1577 5393 1628 5401 —
1668 5367 1689 5399 ³
1721 5368 1888 5431 Amos,

347 5452 397 5504 v,
431 5441 476 5489 Ἰ.

3423 527 3539 588 515

1997 639 2362 710 judicantem
2389 643 2451 700 in
2491 646 2655 703 curia
2687 649 3070 709 conscientiae.
3105 656 3250 714 Ecce
3285 662 3541 731 quatuor

2001 737 2163 789 actus
2210 738 2464 795 contenti
2497 738 2561 796 in
2602 738 2881 814 petitione
2922 749 3191 820 praesenti
3224 767 3238 806 ε
3269 750 3542 817 videlicet

1991 831 2167 883 *actus
2206 829 2549 904 judicandi,
2587 839 2749 893 actus
2776 841 3097 898 revocandi
3117 884 3136 912 ‚
3166 847 3330 902 actus
3369 863 3540 922 sepa-

2000 920 2195 993 randi,
2235 928 2396 982 actus
2421 929 2757 1001 reparandi.
2789 932 3015 991 Primus
3046 941 3267 1010 spectat
3292 939 3372 997 ad
3396 941 3541 999 mali

2003 1018 2446 1077 consensionem
2457 1040 2475 1094 ;
2533 1024 2828 1083 secundus
2849 1069 2869 1098 ,
2928 1027 3008 1085 ad
3048 1030 3193 1088 mali
3242 1034 3540 1094 contritio-

2000 1121 2141 1165 nem
2153 1128 2171 1181 3
2202 1112 2435 1185 tertiae,
2466 1114 2545 1172 ad
2584 1116 2728 1175 mali
2770 1120 3236 1197 confessionem;
3266 1131 3540 1200 quartae,

2001 1201 2081 1259 ad
2108 1204 2245 1262 mali
2275 1206 2744 1269 satisfactionem.

2494 1367 2778 1427 Areia-ulus
2812 1376 3042 1444 primus.

2073 1487 2367 1554 Quantum
2406 1491 2486 1548 ad
2534 1496 2731 1551 actum
2785 1496 3125 1570 Judicandi,
3172 1502 3542 1578 psalmogra-

1999 1578 2153 1651 phus
2190 1580 2329 1639 dicit
2372 1601 2386 1639 :
2430 1586 2706 1644 Judicium
2744 1605 2915 1646 meum
2956 1592 3115 1652 :hoc
3144 1599 3230 1652 est
3251 1597 3542 1668 judicium

1999 1674 2441 1742 pronuntiatum
2479 1679 2542 1735 in
2581 1682 2744 1739 curia
2781 1686 3268 1761 concupiscentiae
3302 1707 3410 1765 per
3457 1692 3539 1750 le-

1999 1780 2135 1836 gem
2156 1767 2407 1838 Justitiae.
2450 1774 2611 1831 Unde
2639 1775 2922 1836 nimirum
2949 1785 3105 1838 recte
3135 1782 3307 1857 dicit,
3343 1803 3538 1857 meum,

1998 1875 2122 1917 non
2148 1864 2353 1936 tuum3
2384 1867 2527 1940 quia
2550 1868 2647 1926 lex
2678 1868 2996 1944 injustitioe,
3024 1879 3081 1932 et
3106 1875 3203 1934 lex
3231 1881 3542 1954 concupis-

1999 1954 2199 2012 centiae
2237 1971 2359 2014 non
2398 1963 2486 2016 est
2522 1977 2559 2018 a
2601 1964 2753 2035 Deo,
2783 1966 2890 2023 sed
2925 1968 3004 2026 ab
3038 1969 3302 2030 homine.
3331 1975 3544 2033 Notan-

1998 2046 2147 2105 dum
2186 2049 2362 2122 igitur
2406 2055 2613 2128 quod,
2664 2058 2813 2116 sicut
2849 2060 2913 2118 in
2954 2062 3249 2137 Scriptura
3293 2066 3539 2141 legitur,

1990 2139 2287 2210 judicium
2318 2147 2673 2208 subvertitur
2693 2194 2713 2223 ‚
2740 2155 3111 2229 pervertitur,
3142 2159 3287 2216 etin
3314 2161 3542 2220 malum

1997 2237 2387 2312 convertitur,
2430 2242 2578 2300 sicut
2615 2244 2680 2302 in
2721 2245 2832 2303 isto
2875 2248 3102 2319 judicio
3147 2250 3280 2310 luce
3325 2253 3542 2314 clarius

1995 2327 2308 2390 invenitur.
2339 2335 2708 2396 subvertitur
2754 2339 2913 2398 enim
2955 2359 3064 2414 per
3091 2343 3541 2407 delectationem

1995 2430 2406 2500 superantem3
2443 2432 2796 2503 pervertitur
2838 2451 2946 2508 per
2998 2436 3194 2510 legem
3248 2439 3540 2512 inJustitiae

1993 2515 2422 2593 imperantem3
2450 2525 2513 2581 in
2557 2526 2779 2584 malum
2812 2530 3168 2590 convertitur
3193 2549 3300 2606 per
3324 2535 3542 2593 volun-

1995 2614 2178 2670 tatem
2204 2613 2731 2692 obtemperantem.
2765 2623 2843 2679 De
2870 2623 3067 2696 primo
3099 2629 3116 2662 ²
3148 2644 3162 2683 ε
3204 2647 3232 2682 α
3258 2631 3371 2686 Nec
3397 2632 3538 2689 Om-

1993 2705 2266 2778 nipotens
2294 2711 2592 2771 subvertet
2627 2714 2923 2785 judicium
2955 2736 2969 2776 :
3017 2738 3046 2774 »
3098 2722 3385 2795 quoniam
3426 2724 3540 2782 im-

1993 2799 2196 2858 missio
2224 2805 2539 2878 passionis,
2568 2824 2701 2882 quae
2727 2810 3015 2870 subvertit
3035 2814 3331 2886 judicium
3358 2819 3540 2878 ratio-

1993 2894 2084 2951 nis
2104 2938 2122 2967 ,
2151 2895 2261 2953 fuit
2289 2898 2366 2956 ab
2404 2900 2780 2975 adversariO,
2806 2920 2932 2963 non
2960 2924 2995 2965 a
3023 2910 3141 2968 Deo
3170 2928 3185 2968 :
3226 2927 3360 2971 ecce
3381 2915 3541 2986 ,iudi-

1994 2986 2152 3045 cium
2180 2991 2553 3052 subversum.
2595 2999 2673 3054 De
2719 3000 2982 3059 secundo
3012 3004 3034 3038 ²
3066 3022 3081 3060 ε
3119 3023 3150 3058 «
3177 3005 3538 3082 Maledictus,

1994 3082 2097 3156 qui
2125 3085 2402 3157 pervertit
2442 3087 2736 3160 judicium
2775 3093 3040 3154 advenoe.
3072 3116 3102 3153 n
3146 3098 3323 3160 Plane
3351 3102 3538 3162 male-

1995 3176 2186 3234 dictus
2204 3183 2291 3236 est
2318 3181 2560 3240 affectus
2587 3183 2708 3256 ille,
2733 3203 2854 3260 quo
2876 3192 3227 3263 pervertitur
3246 3195 3539 3266 ,iudicium

1994 3271 2261 3345 advenas,
2303 3273 2367 3332 id
2395 3281 2500 3348 est,
2539 3278 2860 3339 voluntatis
2899 3284 3078 3344 bonae
3107 3305 3122 3343 ε
3164 3305 3297 3363 quae
3326 3290 3541 3349 dicitur

1994 3364 2247 3436 advena,
2277 3384 2398 3426 non
2438 3370 2751 3445 indigena,
2797 3377 3086 3449 quoniam
3119 3380 3403 3455 inspirata
3431 3388 3537 3458 est,

1994 3473 2119 3516 non
2172 3459 2374 3520 innata
2435 3481 2449 3520 ε
2508 3482 2642 3525 ecce
2687 3467 2984 3540 judicium
3038 3489 3404 3546 perversum.
3461 3482 3539 3537 De

1991 3550 2163 3609 tertio
2194 3556 2215 3590 ³
2245 3574 2259 3611 :
2302 3574 2332 3608 α
2358 3558 2701 3622 convertitis
2728 3561 2789 3620 in
2825 3564 3186 3625 absinthium
3220 3570 3536 3642 judicium,

1995 3644 2354 3716 etiustitiam
2382 3649 2444 3707 in
2471 3654 2628 3711 terra
2653 3655 3004 3731 relinquitis.
3042 3680 3071 3715 n
3105 3662 3255 3720 Nulli
3286 3665 3540 3725 dubium

1949 3766 1956 3771 ·
1995 3739 2142 3812 quin
2180 3741 2478 3813 judicium
2531 3753 2832 3810 convertat
2884 3752 2949 3815 in
3000 3754 3401 3839 absinthium,
3437 3763 3541 3834 qui

1994 3835 2279 3893 convertit
2338 3836 2716 3900 dulcedinem
2780 3844 2906 3902 vitii
2959 3846 3025 3905 in
3084 3852 3540 3912 amaritudinem

1994 3928 2266 4001 supplicii
2296 3950 2310 3989 ε
2349 3948 2485 3992 ecce
2510 3935 2806 4007 =iudicium
2834 3956 3207 4003 conversum.

2457 4092 2747 4155 Articulus
2784 4102 3063 4159 secundus.

2066 4214 2363 4281 Quantum
2408 4218 2489 4275 ad
2539 4225 2734 4280 actum
2786 4228 3111 4286 revocandi
3134 4270 3155 4301 ,
3209 4232 3479 4306 adjunxit
3522 4254 3537 4296 ε

1993 4307 2214 4379 Indica,
2244 4308 2310 4367 id
2339 4314 2445 4383 est,
2468 4313 2797 4385 ,iudicando
2823 4334 3042 4380 revoca
3069 4323 3132 4381 in
3152 4326 3316 4386 curia
3341 4331 3541 4401 gratiae

1996 4415 2103 4472 per
2129 4399 2326 4475 legem
2355 4404 2705 4467 clementiae.
2737 4413 2980 4486 QuoeriS,
3011 4432 3195 4491 quare
3222 4422 3545 4496 appellavit

1990 4493 2285 4566 jndicium
2308 4500 2629 4562 clementiae
2651 4507 2871 4580 potiuS,
2894 4525 3077 4584 quam
3094 4511 3371 4584 justitiae?
3397 4518 3545 4588 Quia

1990 4587 2140 4658 juris
2182 4592 2453 4653 ordinem
2491 4612 2616 4657 non
2653 4602 2939 4675 servavit,
2983 4605 3129 4663 dum
3173 4609 3312 4667 data
3339 4614 3398 4668 et
3440 4629 3541 4671 ac·

1998 4687 2167 4757 cepta
2213 4688 2501 4747 sententia
2546 4693 2888 4767 appellavit.
2943 4702 3088 4757 Ante
3135 4705 3361 4774 peccati
3409 4723 3545 4765 con-

1997 4794 2235 4838 sensum
2260 4783 2545 4855 potuisset
2580 4788 2908 4862 appellasse
2926 4793 3193 4864 judicem
3210 4798 3459 4873 Justiim,
3480 4806 3545 4861 ut

1995 4870 2213 4931 faceret
2265 4891 2405 4933 cum
2459 4880 2780 4940 tentatione
2827 4892 3183 4958 proventum
3201 4911 3220 4965 ;
3266 4894 3373 4952 sed
3412 4901 3546 4969 post

1997 4981 2317 5025 consensus
2369 4970 2732 5035 dementiam
2788 4994 2912 5037 non
2962 4984 3153 5056 potuit
3205 4988 3504 5062 appellare
3524 5034 3543 5062 ‚

1995 5059 2110 5118 nisi
2141 5061 2533 5125 clementiam.
2573 5073 2639 5128 Et
2670 5076 2851 5147 nota,
2883 5077 3051 5150 quod
3075 5079 3226 5139 sicut
3250 5083 3332 5140 ait
3360 5085 3544 5159 Scrip-

1999 5157 2166 5228 tura,
2208 5158 2473 5229 judicare
2513 5165 2799 5239 contingit
2828 5168 3011 5242 inter,
3053 5189 3196 5248 pro,
3225 5181 3282 5235 et
3306 5182 3541 5254 contra,

1998 5253 2055 5308 et
2086 5253 2410 5325 praesertim
2435 5255 2499 5313 in
2520 5273 2698 5317 causa
2717 5265 3086 5325 revocatoria
3110 5285 3126 5325 :
3154 5271 3370 5332 scilicet
3395 5274 3547 5333 inter

1996 5343 2284 5415 justitiam
2306 5350 2365 5405 et
2390 5348 2731 5422 injustitiam
2759 5355 3178 5436 discernend03
3203 5365 3547 5440 injustitiam

2009 5441 2406 5515 secernend03
2446 5444 2729 5516 justitiam
2772 5450 3168 5515 decernendo.
3213 5462 3287 5518 De
3328 5463 3545 5536 primo,
