4196 6294
539 2805 692 2850 Unde·

484 2866 570 2909 clm
618 2879 694 2910 ca-

522 2929 661 2985 pitnla

509 2993 645 3046 huju·

503 3054 676 3110 psalmi.

512 4012 700 4056 Pulchra

491 4076 689 4132 repetitio

703 488 836 551 ³48·

1207 670 1494 731 articulus
1518 665 1730 722 tertius.

778 809 1074 879 Quantum
1111 798 1191 859 ad
1231 793 1468 854 tertium
1509 789 1711 849 subdit
1742 787 2086 862 Apostolus:
2139 789 2243 844 Deo

707 909 889 961 nostro
908 918 928 957 :
958 894 1130 973 quasi
1159 892 1315 949 dicat
1332 908 1346 945 :
1365 891 1533 955 Laus,
1547 883 1758 957 gloria,
1786 883 1970 939 virtus
1999 883 2094 969 (ex
2117 880 2244 954 qui·

708 997 824 1056 bus
854 995 1093 1052 ornatus
1125 986 1300 1058 huJus
1325 979 1536 1056 psalmi
1571 977 1908 1052 pertexitur)
1942 978 2057 1032 Deo
2086 974 2246 1031 attri-

710 1090 931 1155 buitur,
970 1102 1006 1142 a
1046 1097 1166 1157 quo
1210 1081 1267 1136 et
1304 1074 1597 1134 tribuitur.
1632 1076 1773 1129 Ecce
1810 1068 2154 1126 sanissimus
2190 1072 2251 1124 et

711 1179 1091 1242 suavissimus
1108 1170 1407 1249 presentis
1429 1165 1627 1241 operis
1645 1164 1886 1233 trucum,
1901 1166 1967 1219 ut
1981 1160 2244 1234 laudem,

713 1280 771 1335 et
797 1273 1070 1349 gloriam,
1099 1272 1156 1326 et
1179 1264 1457 1324 virtutem
1482 1274 1596 1334 pro
1622 1255 1938 1327 laudabili,
1967 1254 2245 1327 gloriosa,

714 1376 773 1431 et
796 1373 1058 1429 virtuosa
1097 1360 1368 1422 doctrina
1406 1355 1507 1414 Dei
1544 1351 1757 1423 nostri,
1801 1349 2095 1408 laudabili
2138 1365 2251 1422 po·

714 1464 931 1535 tentiae,
967 1457 1240 1533 gloriosae
1273 1447 1600 1526 sapientiae,
1629 1447 1904 1504 virtuosa:
1929 1443 2252 1502 clementia:

710 1557 1053 1617 referamus.
1107 1548 1443 1610 Notandum
1499 1544 1698 1615 itaque
1753 1539 1917 1613 quod
1971 1536 2254 1595 Dominus

713 1655 864 1711 Deus
893 1655 982 1709 est
1009 1648 1226 1726 dignus
1249 1641 1458 1712 laude,
1496 1637 1685 1711 gloria
1696 1678 1715 1708 ,
1745 1637 1803 1693 et
1833 1634 2074 1703 virtute,
2112 1631 2256 1706 quia

713 1750 954 1822 potens,
1002 1741 1273 1816 sapiens,
1314 1736 1612 1795 clemens:
1653 1732 1925 1804 potenter
1958 1727 2252 1797 formans3

716 1839 1011 1914 sapienter
1035 1833 1387 1900 informans3
1419 1826 1736 1885 clementer
1757 1822 2157 1881 conformans.
2178 1821 2256 1877 De

715 1933 912 2007 primo
945 1930 962 1965 ¹
989 1947 1005 1986 :
1044 1948 1073 1983 α
1114 1929 1322 1985 Potens
1365 1926 1452 1981 est
1493 1924 1640 1978 Deus
1679 1918 1754 1975 de
1792 1914 2096 1990 lapidibus
2136 1912 2259 1970 istis

1743 463 2150 530 Exposl‘rlo
2191 462 2271 526 IN
2318 460 2811 526 PSALTERIUM
2823 508 2840 525 .

2350 596 2625 654 suscitare
2649 595 2808 653 filios
2833 593 3081 653 Abrahae
3099 611 3117 650 :
3138 613 3169 649 ι
3194 608 3328 650 ecce
3363 594 3515 652 Deus
3532 597 3746 667 potens
3768 593 3887 652 tor·

2352 694 2562 749 mator.
2595 694 2674 747 De
2701 688 2963 747 secundo
2980 686 3030 746 ¹:
3052 708 3082 742 ι
3104 687 3442 747 Secundum
3465 688 3889 746 revelationem

2352 782 2610 859 mysterii
2649 783 3017 857 temporibus
3048 780 3277 838 aeternis
3315 782 3502 851 taciti,
3530 781 3752 853 cogniti
3777 779 3889 838 soli

2354 879 2601 952 sapienti
2636 881 2792 935 Deo:
2836 899 2866 932 »
2897 893 3031 933 ecce
3066 880 3215 932 Deus
3250 876 3483 949 sapiens
3516 874 3887 933 informator.

2356 975 2435 1029 De
2462 973 2629 1028 tertio
2658 971 2708 1028 ⁸:
2735 990 2764 1023 α
2790 971 2923 1028 Pius
2949 973 3006 1026 et
3030 969 3286 1026 clemens
3312 972 3397 1025 est
3431 969 3713 1027 Dominus
3740 970 3892 1025 Deus

2355 1072 2578 1135 noster,
2613 1071 2669 1122 et
2704 1080 2826 1122 non
2854 1066 3072 1121 avertet
3098 1062 3310 1120 faciem
3337 1078 3508 1119 suam
3534 1078 3573 1119 a
3607 1061 3819 1131 vobis,
3844 1062 3892 1117 si

2356 1159 2576 1218 reversi
2600 1159 2822 1217 fueritis
2843 1159 2923 1216 ad
2951 1176 3127 1216 eum:
3156 1179 3185 1214 ι
3213 1174 3348 1216 ecce
3373 1161 3523 1216 Deus
3545 1158 3684 1233 pius
3710 1157 3894 1216 retor-

2358 1257 2552 1312 mator
2580 1256 2639 1310 et
2662 1253 2917 1311 clemens
2950 1253 3374 1311 conformatur.

2430 1353 2498 1407 Et
2534 1349 2650 1407 hoc
2689 1352 2804 1419 est,
2845 1348 3012 1423 quod
3053 1349 3132 1406 ait
3165 1347 3515 1422 Apostolus:
3551 1368 3579 1399 α
3606 1345 3894 1405 Alleluia:

2362 1443 2597 1501 laudate
2638 1443 2952 1500 Dominum
2972 1485 2990 1513 ,
3023 1462 3053 1497 n
3096 1441 3159 1498 in
3199 1457 3323 1515 quo
3365 1439 3566 1498 titulus
3598 1439 3900 1512 pertinens

2364 1538 2444 1595 ad
2473 1553 2711 1594 causam
2737 1535 3131 1605 materialem3
3162 1554 3192 1588 α
3216 1537 3364 1592 Laus
3397 1537 3456 1590 et
3477 1533 3671 1605 gloria
3699 1537 3759 1590 et
3783 1532 3902 1590 vir·

2363 1635 2478 1700 tus,
2505 1651 2535 1685 u
2562 1630 2624 1688 in
2651 1646 2775 1704 quo
2801 1629 2989 1685 trinus
3015 1633 3072 1686 et
3096 1644 3252 1686 unus
3278 1632 3518 1685 ornatus
3545 1627 3800 1684 attinens
3825 1626 3903 1683 ad

2367 1741 2608 1783 cansam
2634 1723 2979 1794 formalem3
3003 1724 3422 1792 «·Deonostro,
3448 1720 3604 1793 »qui
3630 1725 3903 1778 estnser-

2370 1818 2566 1876 monis
2590 1817 3054 1888 consummatim
3084 1835 3113 1870 ι
3144 1817 3294 1873 sicut
3319 1813 3591 1872 scribitur
3615 1813 3661 1884 ⁸,
3688 1809 3756 1870 in
3784 1828 3903 1886 quo

2367 1913 2591 1970 tructus
2618 1915 2886 1986 spectans
2912 1909 2992 1969 ad
3018 1925 3260 1969 causam
3284 1907 3546 1966 finalem.

1221 2305 1433 2364 CAPUT
1468 2300 1747 2359 Palmum.

1128 2463 1536 2513 vnnstcunus
1578 2460 1844 2504 ramus,

791 2597 948 2653 Beati
973 2591 1307 2649 immaculati
1341 2591 1404 2643 in
1432 2588 1556 2651 via,
1599 2587 1709 2641 etc.
1749 2580 1883 2639 Post
1921 2574 2261 2650 generalem

719 2686 1200 2765 praelocutionem
1214 2679 1618 2740 accedendum
1645 2679 1730 2733 est
1748 2673 1829 2732 ad
1845 2670 2162 2745 specialem
2183 2668 2258 2742 (a)

720 2780 1018 2858 praesentis
1059 2777 1274 2852 psalmi
1316 2771 1809 2848 prosecutionem.
1849 2765 2116 2824 Psalmus
2159 2762 2262 2819 iste

724 2872 1097 2948 distinguitur
1131 2868 1500 2928 distinctione
1534 2861 1857 2922 summaria
1882 2860 1946 2917 in
1982 2855 2265 2915 undecim

725 2969 1003 3045 capitula,
1030 2967 1093 3024 in
1120 2964 1339 3040 quibus
1365 2960 1613 3020 totidem
1641 2953 2124 3015 administrantur
2151 2951 2266 3007 fer-

725 3065 877 3123 cula.
897 3066 1045 3122 Nam
1060 3060 1123 3118 in
1139 3058 1333 3133 primo
1352 3051 1657 3114 beatitudo
1675 3046 2040 3123 praemittitur
2060 3063 2074 3100 :
2106 3046 2267 3100 Beati

723 3157 1081 3217 immaculati.
1122 3157 1189 3212 ln
1230 3147 1493 3210 secundo
1518 3143 1838 3218 {retributio
1865 3136 2261 3198 submittitur:

725 3253 975 3312 Retribue
1013 3264 1163 3307 servo
1211 3251 1323 3303 tuo.
1369 3246 1434 3301 ln
1487 3240 1654 3299 tertio
1696 3237 1797 3295 lex
1841 3231 2261 3292 committitur:

728 3350 917 3419 Leqem
947 3359 1104 3417 pone.
1135 3344 1200 3399 lu
1235 3340 1445 3412 quarto
1483 3349 1618 3408 spes
1656 3328 2018 3388 immittitur:
2060 3328 2267 3384 Memor

727 3447 853 3499 esto.
883 3442 948 3497 ln
975 3436 1183 3513 quinto
1210 3431 1446 3490 bonitas
1479 3422 1923 3486 transmittitur:
1962 3423 2268 3478 Bonitatem

726 3538 930 3606 fecisti.
975 3536 1043 3591 ln
1080 3532 1245 3589 sexto
1278 3524 1539 3585 defectus
1565 3518 1871 3579 dimittitur
1901 3533 1914 3573 :
1959 3516 2168 3584 Defecit
2207 3515 2268 3569 in

726 3632 990 3689 salutare.
1020 3629 1085 3685 1n
1110 3621 1362 3697 septimo
1392 3615 1627 3675 dilectio
1657 3607 2091 3670 intromittitur:
2129 3607 2270 3673 Quo-

726 3723 880 3781 modo
907 3722 1105 3779 dileoei.
1134 3721 1199 3776 In
1226 3717 1436 3772 octavo
1464 3706 1741 3782 iniquitas
1766 3701 2132 3762 interdicitur
2151 3699 2225 3773 (b)
2247 3716 2263 3755 :

726 3814 1098 3891 Iniquoscdio
1133 3810 1315 3867 habui.
1357 3808 1422 3863 ln
1457 3818 1619 3861 nono
1651 3798 1942 3873 judicium
1973 3792 2270 3870 promitti-

729 3915 823 3970 tur
843 3927 866 3968 .·
896 3906 1185 3966 Mirabilia
1225 3900 1534 3958 testimonia
1571 3900 1686 3952 tua.
1715 3895 1780 3950 ln
1809 3889 2043 3948 decimo
2082 3886 2269 3961 pietas

728 4002 1089 4064 admittitur:
1124 3996 1370 4056 clamavi
1399 3995 1462 4048 in
1497 3995 1606 4047 toto
1646 3986 1820 4045 corde.
1849 3988 1915 4043 ln
1949 3979 2271 4065 undecimo

730 4098 999 4172 impietas
1019 4089 1312 4150 'emittitur
1338 4106 1353 4144 :
1394 4086 1677 4155 Principes
1711 4080 1974 4153 persecuti
2006 4081 2133 4133 sunt
2164 4089 2268 4131 me.

731 4194 798 4249 Et
824 4186 1108 4263 quoniam
1128 4183 1207 4242 ad
1233 4177 1658 4240 beatitudinem
1679 4170 2043 4248 praemissam
2066 4182 2272 4242 perve-

730 4285 887 4344 nitur
913 4296 1020 4356 per
1045 4273 1493 4337 retributionem
1520 4267 1873 4327 submissam
1885 4284 1904 4336 3
1925 4262 2005 4322 ad
2021 4261 2273 4320 retribu-

730 4378 953 4436 tionem
979 4369 1368 4437 submissam,
1393 4380 1503 4440 per
1529 4363 1724 4435 legem
1752 4356 2160 4427 commissam3
2191 4353 2272 4411 ad

730 4472 928 4545 legem
977 4464 1392 4531 commissam,
1442 4472 1548 4533 per
1593 4469 1761 4529 spem
1798 4450 2155 4547 immissam3
2192 4447 2272 4506 ad

732 4580 900 4641 spem
924 4559 1250 4620 immissam
1265 4598 1284 4628 ,
1324 4569 1433 4628 per
1472 4549 1799 4608 bonitatem
1832 4543 2236 4607 transmissam
2252 4560 2271 4614 3

734 4660 814 4718 ad
838 4655 1162 4716 bonitatem
1186 4646 1611 4713 transmissam,
1636 4657 1745 4716 per
1772 4638 2160 4697 delectionem
2183 4634 2274 4691 di·

732 4754 1005 4821 missam3
1049 4746 1130 4805 ad
1167 4740 1556 4802 defectionem
1590 4735 1927 4804 dimissam,
1960 4747 2070 4807 per
2098 4730 2279 4789 dilec-

733 4848 956 4907 tionem
992 4837 1391 4900 intromissam
1404 4854 1425 4909 3
1456 4834 1535 4893 ad
1563 4829 1942 4890 dilectionem
1978 4822 2275 4884 intromis-

736 4956 894 5011 sam,
929 4951 1039 5011 per
1076 4931 1445 5007 iniquitatem
1478 4924 1848 4986 interdictam
1888 4921 1955 4995 (c)
1981 4940 2000 4993 3
2049 4918 2129 4977 ad
2163 4917 2276 4975 ini-

737 5033 1021 5108 quitatem
1060 5025 1429 5086 interdictam
1444 5067 1464 5096 ,
1505 5037 1613 5098 per
1655 5016 1866 5092 judicii
1905 5014 2277 5072 severitatem

734 5126 1118 5204 promissam3
1150 5122 1230 5180 ad
1247 5119 1612 5178 severitatem
1630 5111 2004 5189 promissam,
2025 5124 2134 5183 per
2154 5105 2276 5180 pie·

737 5225 915 5281 tatem
953 5217 1275 5280 admissam
1286 5233 1305 5288 3
1351 5213 1434 5279 ad
1469 5211 1746 5287 pietatem
1782 5203 2136 5272 admissam,
2169 5213 2278 5273 per

802 5347 1047 5411 ¹Mamz„
1074 5358 1158 5410 111,
1180 5348 1230 5394 9.
1260 5368 1323 5382 -
1347 5342 1367 5373 ²
1390 5340 1548 5398 Rom„
1573 5348 1681 5397 xvr,
1707 5336 1789 5384 25.
1817 5359 1881 5374 -
1908 5332 1931 5366 ⁸
1953 5332 1996 5381 ΙΙ
2028 5326 2275 5410 Ρανιιζίρη

740 5434 864 5485 xxx,
892 5423 1017 5471 9.-
1042 5418 1064 5454 ⁶
1082 5415 1259 5477 Ecclt„
1286 5424 1440 5474 xun,
1461 5411 1540 5461 29.
1560 5435 1622 5446 -
1641 5405 1714 5471 (a)
1731 5405 1856 5457 σφε.
1886 5402 2010 5454 edit.
2033 5411 2274 5465 speeiem.

2366 2290 2721 2364 impietatem
2761 2288 3035 2346 emissam
3073 2287 3185 2361 (d),
3233 2289 3299 2344 ut
3339 2287 3473 2344 luce
3521 2286 3741 2343 clarius
3783 2285 3908 2343 elu-

2365 2386 2553 2441 cescet
2597 2381 2872 2452 inferius,
2911 2384 3074 2454 patet
3117 2386 3240 2437 tam
3280 2379 3672 2450 ferctnorum,
3726 2375 3911 2453 quam'

2369 2477 2764 2552 capitulorum
2791 2476 2942 2534 ordo
2971 2476 3029 2533 et
3063 2490 3376 2545 numerus,
3410 2473 3796 2549 procedendo
3823 2489 3911 2530 se-

2367 2570 2631 2628 cundum
2657 2570 2928 2628 ordinem
2954 2567 3264 2643 appetitus

2440 2664 2700 2721 Primum
2736 2662 3057 2736 capitulum
3086 2661 3464 2735 distinguitur
3493 2662 3558 2719 in
3582 2662 3747 2719 hunc
3785 2676 3910 2718 mo-

2371 2757 2519 2814 dum
2553 2775 2568 2813 :
2597 2756 2791 2830 primo
2829 2755 3133 2814 beatitudo
3169 2755 3538 2829 praemittitur
3572 2754 3908 2827 digredien-

2372 2850 2563 2915 tibus,
2606 2866 2713 2906 seu
2761 2848 3261 2922 impoenitentibus
3282 2889 3301 2919 ,
3347 2853 3404 2907 et
3445 2847 3563 2905 hoc
3607 2848 3671 2905 in
3714 2849 3909 2923 primo

2374 2941 2717 3013 octonario3
2746 2942 3009 2999 secundo
3036 2941 3536 3014 regredientibuS,
3571 2941 3695 3001 sive
3718 2940 3910 3015 poeni-

2372 3037 2630 3095 tentibus
2646 3080 2664 3108 ,
2695 3040 2754 3095 et
2779 3037 2895 3095 hoc
2921 3037 2985 3094 in
3009 3035 3290 3095 secundo.
3332 3038 3398 3093 Et
3423 3035 3566 3110 quia
3590 3051 3701 3110 per
3729 3040 3913 3094 tenta-

2376 3131 2601 3190 tionem
2627 3131 2695 3189 fit
2718 3128 3034 3203 digressio,
3065 3129 3291 3204 primus
3315 3128 3651 3188 octonarius
3674 3129 3912 3190 inchoa-

2373 3229 2469 3283 tur
2485 3226 2564 3283 ab
2586 3224 2793 3299 Aleph‚
2812 3225 3003 3283 littera
3033 3223 3332 3295 hebraica,
3354 3239 3486 3297 qua:
3502 3223 3913 3298 interpretatur
3937 3254 4073 3309 moph-

2375 3323 2734 3377 tentationum
2757 3321 2953 3376 millia.
2993 3318 3142 3387 Quia
3168 3333 3313 3375 vero
3342 3318 3634 3392 paenitens
3659 3319 3744 3376 ad
3771 3320 3912 3378 bea·

2341 3493 2343 3497 ¹
2374 3413 2684 3471 titudinem
2717 3418 2994 3470 {eternam
3008 3455 3028 3484 ‚
3056 3418 3341 3486 tanquam
3375 3412 3456 3470 ad
3497 3412 3749 3471 domum
3790 3428 3912 3471 non

2377 3506 2772 3566 manufactam
2795 3505 3123 3578 regreditur
3136 3524 3153 3575 3
3180 3505 3406 3563 idcirco
3434 3505 3728 3563 secundus
3751 3510 3912 3565 octo·

2376 3601 2576 3658 narius
2626 3600 2934 3658 inchoatur
2988 3616 3026 3657 a
3070 3600 3208 3657 Beth
3260 3598 3452 3658 littera
3472 3643 3492 3673 ‚
3546 3617 3679 3674 qua:
3727 3602 3913 3658 domm
3938 3629 4055 3673 Bw„

2376 3694 2802 3768 interpretatiu.
2845 3693 3072 3752 Primus
3107 3697 3306 3751 autem
3342 3694 3680 3752 octonarius
3708 3694 3913 3752 distin-

2378 3789 2607 3861 guitur,
2638 3788 2779 3862 quia
2804 3788 2903 3846 via
2928 3787 3307 3846 beatitudinis
3332 3787 3685 3862 proponitur
3719 3790 3912 3862 primo

2378 3886 2662 3957 tanquam
2705 3880 3063 3956 spectabilis,
3106 3886 3163 3940 et
3188 3881 3305 3939 hoc
3341 3881 3406 3939 in
3442 3882 3638 3956 primo
3678 3888 3913 3957 quater-

2378 3976 2587 4048 nario3
2627 3974 2891 4036 secundo
2919 3978 3203 4048 tanquam
3232 3973 3602 4047 affectabilis,
3630 3980 3689 4035 et
3711 3976 3832 4035 hoc
3855 3977 3915 4033 iu

2379 4068 2663 4129 secundo.
2727 4068 2952 4127 Primus
3008 4068 3184 4127 etiam
3239 4069 3650 4142 quaternarius
3711 4070 3910 4128 distin·

2381 4164 2577 4239 guitur
2631 4162 2743 4227 sub
2781 4162 2895 4219 hac
2940 4159 3158 4234 forma,
3200 4162 3344 4235 quia
3395 4162 3496 4221 via
3538 4163 3916 4223 beatitudinis

2379 4256 2729 4333 proponitur
2769 4260 3052 4330 tanquam
3094 4255 3429 4328 spectabilis
3471 4256 3712 4331 3primo
3728 4299 3750 4330 ,
3777 4258 3918 4333 quia

2383 4365 2647 4423 congrua
2661 4368 2680 4422 3
2709 4347 3003 4419 secundo,
3031 4348 3172 4422 quia
3205 4349 3507 4422 proficua:
3537 4351 3706 4410 tertio
3729 4394 3752 4423 ‚
3780 4352 3919 4427 quia

2381 4443 2737 4514 necessaria3
2767 4445 2999 4517 quarto,
3022 4441 3163 4516 quia
3184 4443 3342 4514 justa
3364 4460 3379 4499 :
3401 4459 3658 4517 quorum
3685 4444 3918 4518 singula

2382 4538 2631 4612 singulis
2666 4535 3027 4611 respondent
3068 4535 3388 4594 versiculis.
3437 4537 3695 4595 Primum
3739 4538 3918 4596 versi-

2386 4632 2588 4690 culum
2648 4645 2964 4705 possumus
3026 4629 3386 4703 distinguere
3451 4631 3918 4705 quadrimembri

2384 4725 2791 4795 distinctione,
2828 4722 3156 4782 secundum
3197 4724 3366 4797 quod
3402 4726 3674 4799 congruit
3710 4725 3918 4785 viatori

2386 4822 2642 4895 quatuor
2686 4818 3030 4877 attendere:
3081 4834 3206 4891 quo
3257 4818 3503 4891 tendat3
3557 4836 3681 4895 quo
3734 4820 3917 4879 modo

2385 4912 2589 4971 tendat
2598 4932 2616 4984 3
2646 4912 2697 4969 si
2722 4910 2939 4978 tendat,
2972 4915 3172 4985 etqua
3199 4912 3437 4971 tendat:
3468 4929 3590 4987 quo
3618 4913 3839 4986 tendat,
3857 4916 3919 4971 ut

2386 5005 2761 5082 perficiatur3
2790 5003 3097 5078 quomodo
3138 5006 3375 5078 tendat,
3410 5022 3489 5064 ne
3516 5006 3843 5080 inficiatur3
3869 5007 3918 5065 si

2384 5100 2608 5170 tendat,
2641 5101 2705 5155 ut
2724 5097 3019 5157 reficiatur
3032 5117 3051 5171 3
3088 5114 3211 5172 qua
3246 5099 3469 5172 tendat,
3506 5116 3583 5159 ne
3615 5101 3917 5160 interficia·

2386 5198 2499 5252 tur.
2530 5195 2663 5251 Haec
2705 5193 2842 5250 sunt
2866 5194 3122 5266 quatuor
3157 5192 3541 5268 documenta,
3578 5212 3715 5270 quae
3736 5196 3919 5257 viato-

2388 5345 2444 5357 -—
2483 5317 2551 5383 (b)
2605 5319 2729 5369 Item
2759 5315 3129 5387 intromittitur.
3157 5343 3219 5358 —
3247 5318 3314 5384 (c)
3342 5320 3465 5372 Goet.
3511 5319 3634 5375 edit.
3666 5320 3915 5374 intermis-

2388 5406 2520 5457 sam,
2547 5394 2593 5441 et
2621 5392 2693 5440 sic
2718 5389 2960 5456 deinceps.
2990 5417 3051 5429 —
3081 5390 3155 5455 (d)
3186 5391 3308 5441 Item
3334 5393 3619 5447 remissam.
3738 5444 3745 5453 ,
