4196 6294
1704 430 1961 500 CAPUT
2001 430 2076 498 X.

299 582 441 647 ideo
479 579 630 647 dicit
668 602 684 644 ε
726 579 836 649 Voe
863 577 1010 658 tibi,
1056 577 1226 644 terra
1249 622 1267 654 ‚
1294 572 1481 655 cnjus
1520 585 1637 637 rea·
1676 584 1838 653 puer

304 695 421 769 est,
442 689 509 754 id
536 692 632 753 est
658 688 979 752 insecutor
1010 683 1377 768 passionum
1409 702 1426 745 ι
1455 678 1639 763 pueri
1664 677 1836 743 enim

302 797 675 881 passionum
716 796 867 858 sunt
908 793 1296 855 insecutores
1325 795 1343 830 ¹
1379 809 1396 851 ε
1439 810 1469 848 α
1493 784 1662 850 Puer
1687 803 1835 849 cen·

304 911 445 969 tum
490 920 805 967 annorum
853 900 1163 963 morietur
1213 918 1292 959 :n
1329 894 1475 960 Ideo
1519 911 1659 970 vae,
1691 891 1841 974 quia

305 1012 548 1076 occasio
576 1007 1001 1077 damnationis
1028 1009 1288 1071 aeternae
1310 1052 1329 1083 ‚
1361 1007 1423 1067 et
1459 1002 1725 1083 signum
1751 999 1843 1063 in-

306 1118 697 1200 dignationis
735 1116 1010 1180 divinae²
1042 1137 1056 1179 :
1098 1137 1129 1175 α
1164 1114 1335 1178 Dabo
1378 1128 1613 1195 pueros
1661 1108 1839 1191 prin-

307 1226 479 1309 cipes
518 1242 741 1289 eorum
761 1272 781 1304 ,
823 1227 887 1286 et
937 1218 1283 1286 effeminati
1338 1217 1835 1283 dominabuntur

308 1334 420 1400 eis,
453 1355 485 1394 a>
524 1333 603 1398 Et
629 1331 781 1415 quia
807 1329 1123 1414 principes
1168 1328 1527 1410 sequuntur
1571 1324 1797 1390 ducem
1813 1370 1835 1402 ,

308 1441 450 1507 ideo
476 1439 670 1505 dicit:
704 1438 792 1505 Et
838 1435 1022 1517 cuo'us
1054 1435 1382 1517 principes
1423 1447 1610 1498 mane
1645 1446 1846 1498 come-

309 1546 467 1615 dent
483 1594 505 1627 ‚
560 1547 681 1611 cito
722 1546 1079 1629 quaerentes
1122 1540 1548 1618 delectabilia3
1596 1544 1663 1603 et
1703 1538 1844 1603 ideo

308 1674 561 1739 semper
613 1658 765 1721 sunt
815 1652 1180 1735 insipientes
1202 1698 1223 1732 ,
1272 1651 1424 1733 quia
1475 1648 1705 1712 dicitur
1756 1648 1777 1682 ³
1826 1665 1844 1710 ε

320 1788 351 1825 α
377 1763 734 1830 Luxuriosa
763 1781 865 1827 res
908 1765 1003 1826 est
1045 1760 1308 1837 vinum,
1350 1761 1414 1823 et
1451 1755 1851 1821 tumultuosa

312 1872 584 1937 ebrietas
610 1894 626 1950 ;
658 1870 1047 1953 quicumque
1076 1867 1153 1930 iis
1175 1865 1545 1943 delectatur,
1573 1880 1703 1926 non
1729 1862 1851 1927 erit

314 1981 585 2062 sapienS.
635 2001 666 2039 ι)
704 1977 781 2042 Et
826 1976 980 2060 quia
1007 1973 1294 2057 opposita
1314 1975 1503 2055 juxta
1555 1988 1624 2035 se
1649 1969 1854 2053 posita

316 2088 526 2168 magis
562 2086 956 2163 elucescunt,
1011 2080 1415 2146 commendat
1461 2076 1853 2151 contrarium

315 2195 385 2258 in
423 2198 562 2279 ejus
602 2192 1078 2258 detestationem
1110 2192 1194 2275 (v.
1233 2189 1323 2271 17)
1362 2210 1378 2253 2
1412 2190 1617 2255 Beata
1645 2193 1852 2266 terra,

318 2301 502 2384 cnjus
529 2318 649 2368 rex
675 2307 769 2369 est
792 2299 1026 2368 nobilis
1045 2347 1066 2381 ,
1088 2298 1416 2363 nobilitate
1442 2297 1679 2361 scilicet
1705 2313 1844 2359 mo-

318 2428 495 2488 rum3
515 2409 668 2492 quia

365 2526 613 2578 Nobilitas
640 2526 751 2577 sola
776 2528 873 2590 est,
899 2525 1128 2577 animum
1151 2538 1266 2590 quae
1289 2524 1361 2586 (α)
1390 2521 1619 2574 moribus
1643 2523 1812 2572 ornat.

401 2625 487 2690 De
532 2644 660 2709 quo
704 2624 726 2660 ⁶
770 2647 785 2688 :
845 2623 1138 2689 «Nobilis
1176 2623 1247 2686 in
1281 2621 1480 2705 portis
1528 2622 1632 2686 vir
1673 2622 1855 2703 ejus,

323 2732 575 2816 quando
601 2731 830 2797 sederit
869 2750 1017 2795 cum
1045 2729 1443 2795 senatoribus
1467 2732 1679 2793 terrae.
1704 2749 1735 2787 ι)
1781 2726 1862 2792 Et

323 2840 469 2923 quia
513 2840 829 2922 principes
864 2842 1223 2921 sequuntur
1259 2838 1510 2914 ducem,
1548 2834 1689 2899 ideo
1715 2833 1862 2898 sub-

322 2948 418 3011 dit
453 2970 468 3011 :
499 2948 583 3014 Ei
622 2946 804 3029 cujus
848 2947 1173 3028 principes
1217 2950 1559 3012 vescuntur
1595 2951 1861 3025 tempore

321 3069 460 3133 suo,
490 3054 557 3119 id
582 3058 710 3135 est,
741 3053 900 3117 hora
935 3052 1145 3116 debita
1179 3056 1321 3134 post
1360 3051 1621 3132 negotia
1664 3067 1857 3132 expe-

322 3161 473 3243 dita,
507 3166 570 3226 et
598 3161 759 3226 hoc:
793 3161 899 3228 Ad
915 3160 1357 3241 reficiendum,
1386 3176 1517 3226 non
1546 3158 1636 3225 ad
1660 3158 1859 3223 luxu-

322 3270 515 3337 riam.
550 3269 971 3335 [uterlinearis
1000 3290 1014 3331 :
1053 3292 1084 3330 «ι
1112 3267 1385 3332 Tantum
1422 3266 1765 3331 comedunt
1791 3268 1864 3328 ut

276 3390 281 3394 ·
326 3378 575 3457 vivant3
600 3394 731 3441 non
757 3377 988 3441 vivunt
1009 3379 1082 3440 ut
1105 3375 1460 3455 comedant,
1483 3375 1644 3438 sicut
1669 3372 1761 3436 illi
1784 3371 1863 3437 de

325 3485 560 3568 quibus
588 3489 611 3525 ⁸
645 3507 659 3548 :
699 3507 729 3544 α
761 3482 1303 3566 coinquinationis
1330 3486 1392 3546 et
1419 3480 1686 3546 maculae
1714 3479 1866 3545 deli-

327 3593 437 3655 ciis
455 3593 806 3671 affluentes,
832 3592 901 3654 in
927 3590 1239 3655 conviviis
1261 3589 1683 3654 luxuriantes,
1716 3609 1748 3648 a>

410 3703 507 3763 18.
539 3701 619 3764 In
641 3701 939 3782 piqritiis
971 3697 1441 3777 humiliabitur,
1472 3701 1590 3762 etc.
1631 3695 1748 3760 Hic
1774 3714 1866 3761 se-

326 3806 539 3871 cundo
580 3807 849 3872 ostendit
891 3808 1105 3890 ipsum
1146 3805 1483 3889 praelatum
1525 3791 1864 3869 remissum

324 3914 674 3996 indignum
702 3932 836 3984 csse
862 3919 1122 3996 propter
1146 3913 1532 3977 otiositatem
1557 3910 1861 3995 pigritiae,

319 4022 412 4086 ad
446 4039 645 4105 quam
671 4020 959 4103 sequitur
985 4020 1328 4086 destructio
1354 4020 1583 4084 domus
1622 4039 1638 4082 ε
1670 4034 1865 4100 prop-

315 4133 428 4194 ter
471 4121 645 4211 quod
693 4129 840 4192 dicit
888 4150 902 4192 ε
952 4128 1030 4192 In
1073 4128 1368 4211 piariliis
1413 4124 1865 4192 humiliabitur

317 4239 747 4321 coniiqnaiio.
792 4234 1189 4317 contignatio
1228 4235 1474 4299 dicitur·
1499 4232 1865 4316 conjunctio

322 4347 663 4429 lignorum
711 4344 792 4411 ad
844 4343 1327 4427 cooperiendam
1385 4343 1672 4408 domum.
1739 4341 1867 4406 Ista

325 4453 772 4519 humiliabitur
797 4453 865 4517 in
907 4451 1214 4536 pigritiis,
1256 4450 1409 4534 quia
1450 4450 1608 4515 dum
1652 4449 1864 4533 negli-

310 4564 514 4657 ,gitur
559 4561 877 4645 reparari,
922 4559 1165 4624 corruit
1210 4579 1225 4623 ε
1276 4558 1439 4623 sicut
1482 4558 1677 4623 etiam
1721 4556 1867 4622 des-

325 4670 570 4735 truitur
597 4668 937 4734 aediflcium
964 4665 1288 4749 spirituale
1314 4684 1427 4748 per
1453 4665 1785 4748 pigritiam
1802 4666 1861 4730 ⁸:

336 4802 372 4840 α
416 4777 539 4856 Qui
605 4776 811 4842 mollis
872 4777 934 4838 et
991 4772 1333 4837 dissolutus
1389 4778 1483 4837 est
1541 4774 1611 4836 in
1677 4789 1867 4855 opere

323 4904 488 4965 suo,
533 4887 725 4950 frater
768 4886 863 4947 est
905 4898 1099 4964 opera
1146 4899 1264 4945 sua
1307 4878 1688 4964 dissipantis,
1720 4900 1752 4938 n
1789 4877 1869 4944 Et

320 4993 523 5079 quia,
551 4993 666 5058 ubi
708 5008 841 5055 non
876 4993 971 5054 est
1014 4990 1207 5054 timor
1243 4988 1494 5053 Domini
1527 5006 1865 5073 pungens,

319 5105 564 5184 regnat
608 5097 904 5183 pigritia,
934 5097 1075 5163 ideo
1123 5095 1355 5161 dicitur
1380 5095 1403 5131 '¹
1435 5117 1451 5160 :
1492 5117 1522 5156 α
1542 5094 1773 5161 Sinon
1799 5095 1869 5159 in

396 5227 413 5261 ¹
441 5227 562 5290 Isa„
600 5236 718 5288 uxr,
750 5226 831 5275 20.
858 5248 918 5260 -
951 5223 970 5253 ²
996 5222 1114 5286 Iso„
1144 5234 1237 5286 ιιι,
1272 5223 1320 5271 4.
1354 5247 1416 5259 —
1440 5220 1462 5255 ⁸
1489 5222 1660 5283 Pron„
1687 5234 1788 5285 ιι,
1819 5226 1865 5272 1.

317 5326 392 5339 -
429 5297 451 5333 ⁸
479 5299 628 5362 ibid„
665 5309 822 5359 ιιιι,
849 5298 927 5346 23.
963 5321 1025 5335 —
1050 5295 1072 5331 ⁸
1101 5296 1142 5345 11
1174 5296 1334 5359 Petra,
1369 5306 1427 5357 ιι,
1456 5297 1533 5345 13.
1565 5320 1620 5330 -·
1652 5295 1672 5324 ⁸
1698 5295 1866 5355 Prov.,

317 5380 495 5430 xvm,
539 5373 588 5422 9.
630 5394 695 5410 -
741 5369 759 5401 2
800 5366 979 5432 Eccli„
1025 5377 1200 5431 xxvu,
1241 5369 1287 5417 4.
1328 5391 1391 5404 —
1436 5365 1455 5396 ⁸
1496 5363 1648 5428 thid„
1686 5366 1762 5415 15.
1807 5388 1868 5401 -

313 5446 343 5476 ⁰
378 5439 552 5503 near..
575 5453 684 5506 111,
713 5443 792 5492 12.
819 5465 882 5479 -
911 5441 946 5472 ¹⁸
971 5439 1110 5502 Luc„
1131 5449 1227 5503 xn,
1255 5440 1331 5490 19.
1359 5461 1422 5475 -
1444 5436 1487 5473 ¹¹
1507 5437 1632 5499 lac„
1659 5446 1713 5499 v,
1737 5438 1786 5486 5.
1808 5460 1869 5473 —

3364 442 3482 505 669

1946 567 2176 634 timore
2229 567 2481 633 Domini
2529 569 2812 634 tenueris
2867 573 2930 634 te
2977 569 3305 652 instanter,
3353 572 3480 638 cito

1949 678 2356 742 subvertetur
2382 677 2611 743 domus
2653 680 2787 742 tua.
2819 698 2852 737 ι
2886 678 2971 745 Et
2995 679 3070 744 in
3095 679 3483 760 infirmitate

1948 801 2257 851 manuum
2280 784 2661 867 perstillabit
2688 784 2936 852 domus.
2967 785 3143 851 Idem
3163 787 3346 869 dicit,
3377 790 3488 854 sed

1951 894 2159 974 magis
2200 892 2518 976 explanat.
2564 895 2805 961 Domus
2846 892 3201 977 perstillat,
3232 897 3486 978 quando

1950 1005 2043 1064 cst
2069 1001 2382 1084 pluviosa,
2410 1005 2473 1066 et
2500 1019 2633 1066 non
2650 1000 2928 1066 defendit
2944 1020 3012 1068 se
3034 1002 3116 1067 ab
3134 1002 3484 1068 imbribus:

1950 1108 2017 1171 in
2059 1128 2190 1192 qua
2228 1127 2361 1174 non
2405 1111 2502 1172 est
2543 1109 2822 1189 bonum,
2849 1128 2968 1174 nec
3006 1128 3302 1175 securum
3325 1128 3484 1176 esse.

1953 1215 2134 1281 Unde
2157 1216 2181 1251 ⁸
2213 1238 2228 1281 ε
2268 1239 2300 1278 α
2324 1216 2515 1281 Tecta
2543 1217 2954 1299 perstillantia
2978 1219 3047 1282 in
3082 1219 3187 1284 die
3209 1219 3487 1301 frigoris,

1955 1327 2018 1387 et
2027 1322 2315 1406 litigiosa
2328 1324 2563 1390 mulier
2576 1330 3046 1409 comparantur.
3064 1346 3095 1386 υ
3120 1326 3243 1391 Ista
3261 1328 3492 1392 domus

1955 1432 2301 1513 perstillat,
2349 1433 2604 1515 quando
2650 1451 2881 1499 manus
2929 1438 3080 1500 sunt
3123 1435 3401 1499 infirmae
3430 1438 3494 1499 et

1957 1539 2239 1604 remissae
2261 1589 2285 1620 ,
2315 1544 2380 1605 et
2418 1541 2559 1606 ideo
2585 1541 2608 1578 ⁹
2642 1564 2657 1604 ε
2691 1564 2724 1604 α
2755 1530 3072 1607 Remissa‘s
3111 1560 3341 1607 manus
3373 1589 3395 1622 ‚
3432 1546 3498 1607 et

1957 1646 2164 1711 soluta
2190 1665 2407 1728 genua
2435 1650 2686 1731 erigite,
2714 1653 2777 1714 et
2807 1668 3062 1731 gressus
3080 1653 3285 1715 rectos
3308 1649 3495 1714 facite

1957 1754 2224 1836 pedibus
2248 1755 2500 1820 vestriS.
2517 1777 2548 1816 ι)

2041 1866 2137 1926 19.
2191 1862 2275 1927 In
2311 1862 2521 1928 risum
2567 1863 2818 1943 faciunt
2862 1881 3098 1948 panem
3140 1872 3203 1934 et
3243 1866 3492 1933 vinum.

1962 1967 2178 2033 Glossa
2207 1988 2223 2033 :
2266 1992 2297 2029 α
2324 1969 2577 2035 Praelati
2617 1971 2689 2035 in
2739 1972 2898 2051 risu,
2935 1974 3002 2038 id
3036 1976 3151 2054 cst,
3183 1975 3253 2037 in
3280 1974 3498 2039 laetitia

1960 2075 2176 2158 inepta
2192 2076 2235 2119 ¹⁰
2256 2099 2273 2141 ε
2304 2100 2334 2139 α
2355 2077 2593 2142 Anima
2619 2097 2783 2158 mea,
2805 2080 3005 2145 habes
3024 2081 3227 2147 multa
3248 2082 3414 2147 bona
3430 2081 3500 2145 in

1963 2200 2166 2248 annos
2182 2183 2532 2266 plurimos3
2566 2187 2845 2268 comede,
2873 2189 3042 2270 bibe,
3073 2189 3387 2273 epulare.»
3420 2188 3501 2255 Et

1961 2295 2105 2360 ideo
2146 2296 2528 2380 subjungit:
2574 2298 2650 2366 Ui
2695 2300 3024 2382 epulemur
3066 2299 3370 2380 bibcmes3
3413 2300 3500 2365 fa-

1964 2404 2141 2469 ciunt
2170 2405 2343 2469 enim
2387 2410 2460 2469 ut
2499 2408 2874 2487 comedant,
2907 2425 3042 2473 non
3085 2412 3158 2474 ut
3198 2408 3501 2473 esurienti

1963 2512 2323 2595 frangant¹¹
2349 2512 2671 2597 :cEpulati
2685 2515 2834 2580 estis
2851 2533 3044 2599 super
3068 2520 3328 2593 terram,
3353 2515 3501 2580 etin

1964 2618 2240 2685 luxuriis
2267 2621 2594 2686 enutristis
2618 2622 2806 2688 corda
2843 2628 3076 2689 vestra.
3111 2644 3141 2682 n
3175 2622 3253 2688 Et
3279 2622 3358 2687 de
3379 2622 3504 2688 hoc

1965 2727 2519 2810 reprehenduntur
2551 2730 2630 2794 ¹⁸:
2665 2752 2697 2791 α
2729 2729 3014 2809 Cithara,
3044 2735 3108 2795 et
3124 2730 3295 2814 lyra,
3320 2733 3384 2796 et
3407 2731 3501 2797 vi-

1966 2853 2129 2900 num
2162 2835 2231 2899 in
2261 2836 2571 2902 conviviis
2605 2837 2872 2918 vestris3
2913 2842 2977 2903 et
3023 2856 3185 2922 opus
3213 2838 3325 2903 Dei
3371 2855 3502 2903 non

1964 2942 2298 3026 respicitis.
2330 2965 2364 3004 »

2045 3052 2131 3119 Ei
2195 3054 2488 3136 pecunia·
2537 3054 2842 3124 obediunt
2893 3056 3133 3123 omnia.
3187 3054 3503 3137 Tangitur

1968 3158 2073 3223 hic
2100 3162 2288 3225 tertio
2307 3209 2325 3240 ,
2358 3161 2529 3244 quod
2570 3162 2824 3244 indigni
2865 3170 3015 3228 sunt
3050 3169 3309 3247 propter
3348 3164 3501 3228 sub-

1969 3269 2333 3333 versionem
2376 3268 2644 3352 Justitiae
2674 3319 2692 3350 ,
2744 3289 2941 3353 quam
2992 3273 3373 3338 subvertunt
3422 3273 3505 3337 ob

1969 3392 2258 3440 amorem
2302 3377 2624 3458 pecuniae3
2666 3376 2818 3442 ideo
2861 3377 3011 3443 dicit
3044 3400 3059 3443 :
3091 3380 3174 3447 Et
3217 3381 3506 3461 pecunioe

1969 3485 2189 3551 omnia
2216 3482 2519 3552 obediunt
2529 3503 2559 3566 ;
2580 3487 2733 3568 quia
2755 3504 2978 3551 omnes
3019 3488 3357 3570 pecuniam
3395 3507 3506 3552 su-

1968 3609 2084 3675 per
2135 3592 2347 3657 omnia
2396 3592 2677 3673 diligunt
2714 3597 2764 3634 ¹⁸
2814 3616 2829 3659 :
2885 3619 2915 3655 α
2945 3596 3178 3660 Omnes
3224 3595 3508 3676 diligunt

1969 3718 2268 3780 munera,
2299 3703 2653 3783 sequuntur
2691 3701 3158 3767 retributiones.
3191 3724 3223 3763 n
3253 3704 3331 3768 Et
3359 3705 3505 3769 inde

1970 3807 2260 3890 sequitur
2289 3808 2619 3874 subversio
2636 3808 2904 3891 justitiae
2932 3808 2976 3846 ¹⁸
3008 3832 3069 3875 :c
3093 3810 3340 3895 Pupillo
3374 3830 3506 3876 non

1962 3914 2286 3995 judicant,
2323 3922 2386 3979 et
2413 3933 2604 3980 causa
2630 3914 2846 3980 viduae
2878 3934 3008 3982 non
3046 3917 3403 3999 ingreditur
3426 3919 3508 3983 ad

1970 4039 2101 4085 eos,
2143 4042 2175 4081 n
2237 4021 2484 4100 Quare?
2535 4023 2687 4106 quia
2728 4023 2890 4088 nihil
2940 4026 3134 4090 habet
3182 4026 3275 4091 eis
3331 4026 3503 4091 dare.
3627 4056 3633 4061 ·

1973 4127 2020 4167 ²⁸
2041 4151 2073 4189 α
2098 4129 2154 4192 Α
2169 4130 2415 4195 minore
2441 4149 2646 4214 usque
2669 4131 2750 4196 ad
2771 4134 3080 4216 majorem
3105 4150 3326 4199 omnes
3352 4152 3508 4202 ava-

1969 4234 2138 4301 ritiae
2164 4237 2441 4302 student.

2049 4349 2151 4410 20.
2181 4347 2264 4410 In
2288 4347 2667 4429 cogitatione
2696 4351 2833 4429 tua,
2854 4352 2972 4413 etc.
3001 4347 3211 4433 Supra
3236 4352 3507 4418 ostendit

1970 4452 2291 4518 carnalem
2320 4457 2385 4518 et
2408 4454 2669 4537 pigrum
2705 4454 3051 4536 indignum
3094 4458 3502 4540 praelatione3

1970 4559 2078 4625 hic
2093 4562 2412 4643 conpescit
2433 4562 2716 4628 subditos
2742 4563 2808 4626 in
2833 4564 3079 4629 occulta
3096 4565 3504 4647 detractione,

1972 4670 2027 4733 si
2069 4670 2395 4752 contingat
2433 4671 2625 4736 talem
2666 4673 2905 4755 praeflci
2937 4695 2951 4736 :
2993 4678 3056 4738 et
3081 4675 3289 4758 primo
3328 4676 3511 4759 ponit

1972 4777 2478 4844 exhortationem
2518 4798 2536 4860 3
2585 4782 2861 4847 secundo
2915 4781 3121 4847 reddit
3164 4783 3501 4849 rationem.

1971 4882 2360 4951 Exhortatur
2388 4886 2594 4968 igitur
2629 4892 2703 4953 ut
2746 4906 2864 4953 nec
2904 4889 3151 4955 malum
3195 4890 3358 4956 dicat
3384 4894 3507 4956 mi-

1972 4990 2230 5056 nuendo
2254 4992 2491 5057 famam
2507 5041 2525 5072 ,
2555 5003 2673 5059 ne'c
2708 4996 2953 5060 malum
2979 4997 3365 5080 imprecetur
3390 5017 3507 5083 op-

1972 5099 2165 5164 tando
2187 5101 2328 5183 ejus
2343 5100 2666 5166 miseriam
2680 5125 2699 5181 ;
2721 5104 2865 5169 ideo
2884 5104 2974 5170 ait
2993 5123 3011 5170 ε
3033 5106 3112 5171 In
3128 5108 3509 5190 coqitationc

1975 5212 2092 5273 tua
2135 5208 2271 5292 τεῳ·
2296 5224 2375 5275 ne
2413 5208 2717 5278 detrahas
2737 5258 2756 5290 ,
2787 5211 2853 5277 id
2880 5216 3008 5294 est,
3044 5213 3117 5278 in
3138 5215 3383 5283 occulto
3410 5221 3458 5259 ¹⁸
3489 5238 3506 5283 ε

1983 5357 2024 5393 ¹¹
2043 5359 2163 5422 13η..
2188 5370 2241 5422 v,
2270 5361 2413 5409 ¹2—
2446 5359 2483 5395 ¹³
2512 5358 2661 5424 thid„
2689 5372 2729 5423 1,
2754 5363 2834 5413 23.
2852 5387 2917 5401 —
2947 5363 2994 5400 ¹⁴
3018 5363 3147 5415 lhid.
3164 5390 3229 5405 -
3252 5366 3513 5434 ”lev-ena,

1975 5433 2200 5495 v1,¹3.-
2220 5429 2756 5498 ¹⁸Eoeod.,m1‚28.—
2773 5435 2839 5499 (α)
2862 5434 3121 5488 Οαωάἰί.
3138 5438 3510 5503 (ιιιωιιιίιιιιιιιι.
