4196 6294
690 462 771 527 πθ
1741 458 2414 529 ILLUMINATIONES
2453 460 2854 529 EOCOESIAE

692 618 733 656 ι
744 612 976 680 panem
988 595 1370 678 angelorum
1379 641 1395 661 .
1412 595 1492 662 Et
1504 597 1682 662 hunc
1697 601 2000 681 reputant
2010 614 2237 662 omnes

684 703 991 782 ‘stultum;
1021 707 1088 770 et
1125 705 1260 787 ipse
1298 708 1552 788 reputat
1585 722 1810 769 omnes
1851 705 2079 770 stultos
2111 728 2127 769 ε
2174 709 2239 769 et

690 812 1043 876 secundum
1072 812 1403 877 veritatem
1442 815 1614 876 sunt.
1646 812 1726 876 Et
1765 813 1889 877 hoc
1922 817 2018 877 est
2060 831 2240 876 sum-

689 934 872 982 mum
916 920 1092 999 fidei,
1141 924 1205 984 et
1252 938 1416 1002 apex
1424 967 1445 999 ,
1510 921 1583 982 ut
1623 938 1739 1003 per
1778 920 2237 1002 experientiam

688 1025 1063 1105 inebrietur,
1094 1031 1156 1092 et
1183 1029 1326 1108 J'am
1353 1027 1442 1090 nil
1474 1032 1657 1091 curet
1684 1026 1762 1091 de
1796 1027 2056 1091 mundo,
2086 1027 2238 1091 Haec

688 1133 863 1197 enim
895 1134 1185 1198 defendet
1222 1138 1511 1217 tempore
1534 1133 1927 1198 Antichristi.
1957 1133 2136 1199 Unde
2171 1143 2189 1177 ¹
2217 1158 2232 1201 ε

697 1263 729 1301 α
756 1241 957 1306 Mittet
984 1242 1108 1305 illis
1137 1242 1306 1307 Deus
1338 1243 1775 1325 operationem
1801 1243 2057 1307 erroris,
2090 1266 2120 1303 ι)
2152 1242 2237 1308 De

688 1349 864 1432 apice
890 1348 1070 1427 fidei,
1097 1367 1243 1431 quae
1272 1367 1454 1413 amor
1479 1354 1603 1429 est,
1636 1348 1976 1432 Apostolus
2000 1350 2150 1415 dicit
2178 1358 2234 1416 ²:

697 1479 729 1515 α
765 1457 921 1534 Quis
960 1475 1077 1521 nos
1114 1457 1431 1540 separabit
1458 1476 1499 1521 a
1545 1458 1847 1522 charitate
1890 1458 2166 1523 Christi?
2197 1479 2228 1519 ι)

686 1579 892 1646 usque
914 1563 1005 1628 ibi
1034 1586 1050 1627 ε
1095 1587 1126 1624 α
1162 1583 1310 1648 quae
1342 1568 1434 1629 est
1469 1565 1550 1649 (a)
1585 1564 1655 1629 in
1683 1565 1950 1631 Cmusro
1989 1567 2165 1646 Jnsm
2197 1589 2228 1626 n

688 1676 751 1734 et
777 1670 925 1734 alibi
948 1692 963 1734 :
1006 1695 1037 1731 α
1065 1670 1137 1734 In
1159 1671 1462 1735 charitate
1491 1671 1753 1735 radicati
1780 1680 1844 1736 et
1864 1673 2115 1737 fundati
2149 1697 2163 1737 :
2193 1697 2225 1734 n

687 1777 811 1842 hoc
846 1782 941 1842 est
982 1779 1466 1844 firmamentum
1495 1779 1659 1843 coeli.
1692 1779 1869 1846 Unde
1906 1780 2240 1869 Psalmista

689 1884 843 1948 dicit
865 1887 923 1948 ⁸:
955 1909 986 1946 (ι
1013 1886 1494 1952 confitebuntur
1513 1887 1653 1952 coeli
1682 1889 1998 1954 mirabilia
2024 1893 2167 1968 tua,
2200 1912 2231 1950 n

689 1992 927 2056 scilicet
952 1994 1186 2058 animae
1208 1994 1545 2074 mirabilia,
1574 2013 1721 2078 quae
1745 1997 1814 2061 in
1837 2015 1904 2061 se
1927 1998 2233 2063 sentiunt.

691 2098 806 2162 11ae
850 2100 1023 2163 enim
1071 2101 1479 2183 experientiae
1515 2103 1758 2167 faciunt
1803 2105 1996 2169 fldem
2041 2106 2239 2169 stabi-

692 2206 1026 2270 lissimam.
1049 2205 1315 2284 Quando
1341 2227 1504 2290 ergo
1529 2200 1724 2274 homo
1744 2213 1936 2276 sentit
1958 2213 2035 2277 de
2051 2212 2241 2278 Altis-

694 2317 857 2381 simo
892 2317 1210 2399 piissime,
1253 2318 1617 2397 verissime,
1660 2324 1723 2384 et
1766 2320 2034 2402 optime,
2080 2325 2241 2386 tunc

693 2424 827 2488 zelo
857 2432 919 2489 et
944 2443 1209 2489 excessu
1235 2427 1475 2490 amoris
1499 2427 1746 2509 rapitur
1768 2429 1983 2493 anima
2009 2430 2089 2494 ad
2117 2435 2242 2494 ter·

691 2533 858 2598 tium
906 2533 1136 2598 coelum
1152 2581 1169 2611 ,
1228 2534 1347 2598 etsi
1391 2553 1522 2599 non
1569 2536 1658 2599 ita
1705 2537 2118 2617 excellenter,
2167 2543 2241 2602 ut

694 2639 966 2705 Paulus:
1013 2646 1078 2706 et
1122 2646 1276 2705 tunc
1303 2641 1534 2706 domus
1573 2644 1877 2709 fundatur
1906 2663 2101 2727 supra
2128 2648 2241 2709 flr-

694 2766 869 2813 mam
899 2758 1169 2831 petram.

1256 2954 1545 3025 SERMO
1590 2955 1677 3024 X.

782 3128 859 3184 De
892 3127 1024 3200 fidei
1056 3130 1429 3200 speciositate,
1470 3144 1592 3202 quoe
1627 3130 1756 3188 coelo
1792 3133 2155 3203 comparatur.

778 3297 800 3332 ⁸
830 3291 1096 3360 vocavit
1126 3294 1293 3361 Deus
1318 3295 1795 3375 firmamentum
1819 3295 2045 3364 coelum
2061 3318 2091 3378 ;
2120 3299 2237 3362 etc.

694 3397 783 3464 De
806 3400 1143 3466 altitudine
1177 3403 1360 3481 fidei,
1399 3408 1462 3468 et
1487 3405 1628 3486 eJus
1671 3404 1971 3468 firmstate
1999 3404 2243 3468 dictum

695 3512 827 3587 est3
857 3527 1034 3573 nunc
1070 3510 1148 3574 de
1187 3511 1580 3593 speciositate
1605 3511 1967 3577 dicendum.
2000 3510 2243 3577 Dicitur

695 3616 870 3680 enim
901 3639 938 3677 n
966 3618 1237 3698 coelum,
1273 3641 1305 3678 ι»
1350 3619 1536 3701 quasi
1576 3618 1875 3694 coelatum
1908 3620 1931 3654 ⁸
1953 3668 1972 3698 ,
2012 3619 2078 3684 id
2106 3624 2240 3700 est,

696 3724 1020 3808 sculptum
1061 3725 1439 3790 luminibus,
1487 3725 1816 3802 Quomodo
1855 3727 2138 3809 speciosa
2165 3727 2248 3792 sit

697 3829 838 3895 haec
884 3833 1043 3898 fides
1068 3881 1084 3908 ,
1133 3833 1205 3896 in
1252 3833 1477 3899 Genesi
1525 3832 1760 3898 dicitur
1781 3833 1804 3868 ⁶
1839 3855 1854 3897 ε
1908 3855 1940 3893 α
1983 3832 2245 3916 Suspice

698 3937 932 4002 coelum
968 3944 1030 4004 et
1065 3958 1338 4005 numera
1377 3940 1589 4004 stellas
1610 3989 1629 4019 ,
1661 3941 1715 4004 si
1743 3945 1923 4024 potes
1954 3963 1970 4004 ι
2003 3941 2096 4005 sic
2125 3942 2247 4006 erit

698 4064 921 4111 semen
944 4052 1155 4112 tuum.
1187 4069 1219 4108 n
1254 4046 1627 4112 Pollicitatio
1670 4048 1936 4112 seminis
1971 4048 2244 4112 carnalis

698 4154 861 4217 facta
887 4159 983 4218 est
1010 4155 1089 4219 ad
1117 4155 1443 4220 Abraham
1463 4203 1481 4235 ,
1514 4156 1668 4237 quia
1699 4172 1717 4219 ε
1763 4179 1794 4216 «ι
1823 4154 1931 4220 Sic
1975 4155 2095 4221 erit
2138 4174 2244 4220 se-

698 4277 848 4324 men
888 4265 1078 4326 tuum
1120 4283 1137 4326 t
1169 4283 1200 4322 n
1236 4262 1606 4344 pollicitatio
1651 4262 1941 4327 similiter
1984 4263 2245 4328 seminis

699 4366 1047 4449 spiritualis
1063 4369 1121 4433 ei
1144 4369 1312 4432 facta
1338 4372 1470 4448 est,
1500 4387 1576 4432 eo
1597 4370 1768 4451 quod
1787 4369 1812 4406 '¹
1839 4392 1870 4430 α
1886 4374 2069 4453 pater
2086 4371 2246 4435 mul-

700 4477 915 4541 tarum
958 4477 1254 4558 gentium
1295 4498 1327 4536 ›>
1379 4494 1492 4559 per
1535 4477 1727 4542 fidem
1770 4477 2030 4542 futurus
2083 4481 2241 4542 erat.

700 4581 858 4650 Caro
885 4582 1214 4648 Abraham
1255 4585 1586 4665 generavit
1624 4601 1841 4648 semen
1864 4632 1885 4663 ,
1925 4587 1990 4648 et
2025 4583 2243 4648 multi-

699 4691 1007 4775 plicatum
1043 4696 1137 4756 est
1180 4691 1687 4771 multiformiter3
1728 4693 1872 4774 ejus
1915 4691 2247 4774 generatio

701 4800 1050 4883 spiritualis
1063 4799 1210 4880 fuit,
1221 4803 1285 4863 et
1299 4800 1633 4882 generavit
1647 4799 2060 4881 spiritualiter
2073 4816 2248 4863 men-

704 4910 768 4971 te
811 4908 1178 4973 foecundata
1233 4907 1685 4990 pullulationes
1738 4906 2247 4991 speculationum

705 5015 1050 5081 orientium
1073 5034 1155 5080 ex
1181 5015 1329 5094 fide,
1351 5015 1871 5079 transcendentes
1895 5013 2248 5078 claritatem

706 5121 1010 5188 siderum.
1058 5121 1238 5188 Unde
1263 5120 1286 5157 ⁸
1317 5142 1333 5187 ε
1373 5145 1405 5183 α
1441 5121 1715 5187 Sustulit
1756 5139 1862 5186 me
1903 5121 1976 5185 in
2018 5120 2249 5203 spiritu

773 5323 786 5351 ¹
819 5321 861 5370 ΙΙ
897 5319 1078 5384 mess„
1103 5330 1163 5382 11,
1198 5322 1271 5371 10.
1302 5344 1358 5356 -
1386 5319 1412 5354 ²
1438 5319 1598 5381 Rom„
1631 5330 1750 5385 vlu,
1778 5322 1943 5371 35·39.
1971 5345 2033 5358 —
2059 5319 2079 5349 ⁸
2108 5318 2247 5370 Psal.

710 5403 965 5452 Lxxxvm,
985 5395 1033 5443 6.
1053 5419 1115 5430 —
1136 5392 1154 5422 ⁴
1176 5391 1319 5454 Gen„
1347 5401 1388 5454 1,
1407 5392 1454 5441 8.
1474 5417 1536 5429 —
1556 5392 1579 5428 ⁸
1600 5391 1741 5442 ldem
1757 5404 1930 5456 supra,
1948 5404 2110 5442 serm.
2129 5401 2250 5456 vm,

709 5478 765 5530 p.
798 5466 877 5515 70.
897 5489 963 5502 -
988 5464 1010 5495 ⁸
1035 5463 1177 5528 Gen„
1203 5474 1291 5528 xv,
1320 5464 1370 5514 5.
1389 5487 1453 5502 —·
1475 5462 1498 5498 ⁷
1528 5462 1672 5527 Gen„
1702 5474 1831 5528 xvn,
1862 5466 1909 5514 4.
1937 5488 2002 5503 -
2026 5461 2049 5498 ⁸
2071 5462 2225 5524 Apoc.
2247 5498 2268 5528 ,

2351 597 2418 661 in
2461 602 2746 663 montem
2789 615 3106 679 magnum
3138 602 3201 663 et
3215 596 3430 662 altum
3444 645 3466 678 ,
3495 600 3560 662 et
3581 596 3714 665 vidi
3740 594 3892 664 Hie·

2348 705 2623 770 rusalem
2650 707 3155 772 descendentem.
3185 727 3216 766 ι)
3252 705 3332 772 Et
3359 707 3528 791 quod
3559 730 3592 768 α
3615 707 3894 772 habebat

2348 812 2683 877 duodecim
2724 818 2972 895 portas,
3003 819 3067 878 et
3111 832 3305 896 super
3347 814 3696 897 quamlibet
3740 833 3890 897 por-

2349 924 2482 985 tam
2527 921 2888 1003 margarita
2932 940 3093 999 una,
3142 926 3207 986 et
3241 926 3451 1005 portae
3499 940 3580 986 ex
3623 922 3896 1003 singulis

2349 1029 2723 1110 margaritis
2763 1048 2781 1092 t
2816 1049 2847 1088 ι)
2876 1028 2979 1093 hae
3028 1029 3489 1112 speculationes
3530 1029 3674 1093 fidei
3716 1048 3892 1093 com-

2349 1139 2661 1220 parantur
2695 1136 3037 1215 sideribuS,
3070 1140 3133 1199 et
3174 1141 3626 1220 comparantur
3651 1136 3890 1201 duode-

2349 1244 2475 1307 cim
2510 1244 2898 1325 margaritis,
2941 1242 3112 1308 Licet
3157 1244 3330 1308 enim
3372 1244 3499 1307 sint
3537 1245 3734 1309 stellae
3767 1244 3893 1308 illae

2353 1350 2885 1431 innumerabiles,
2911 1355 3124 1415 tamen
3138 1356 3294 1446 ‚sunt
3321 1352 3653 1417 duodecim
3680 1352 3889 1434 sigua,

2348 1478 2462 1542 per
2490 1478 2637 1541 quae
2666 1458 2761 1523 sol
2790 1459 3010 1522 currit.
3055 1458 3180 1522 Ista
3213 1459 3547 1524 duodecim
3574 1459 3764 1541 signa
3792 1459 3890 1523 ni-

2347 1567 2439 1631 hil
2469 1567 2641 1632 aliud
2668 1571 2854 1645 sunt,
2889 1566 3015 1629 nisi
3057 1567 3228 1649 quod
3262 1566 3494 1646 stellae,
3540 1566 3893 1631 secundum

2349 1674 2560 1740 varias
2585 1673 2838 1756 figuras
2868 1677 2932 1738 et
2966 1674 3342 1738 varietatem
3377 1674 3701 1739 luminum
3725 1723 3742 1754 ,
3774 1674 3895 1738 ha·-

2348 1783 2499 1848 bent
2539 1783 2823 1848 diversas
2864 1780 3231 1845 influentias
3273 1803 3290 1846 :
3330 1786 3393 1846 et
3437 1781 3530 1846 sol
3571 1782 3697 1846 illis
3737 1800 3889 1846 con-

2341 1894 2640 1974 junctae,
2685 1889 3080 1972 temporibus
3121 1889 3346 1966 variiS,
3394 1889 3747 1953 secundum
3792 1889 3890 1952 di-

2351 2018 2565 2065 versas
2607 1997 2974 2062 influentias
2992 2046 3010 2074 ,
3042 1997 3234 2061 habet
3277 1998 3479 2061 vitam
3528 1996 3895 2061 ministrare

2348 2106 2416 2169 iu
2449 2106 2715 2170 mundo.
2747 2104 2862 2169 11ae
2891 2108 3142 2184 autem,
3171 2113 3246 2168 ut
3271 2105 3513 2169 dictum
3541 2109 3660 2183 est,
3689 2105 3896 2169 orien-

2348 2219 2444 2280 tes
2470 2214 2932 2298 speculationes
2956 2232 3037 2278 ex
3077 2214 3203 2277 fide
3228 2217 3682 2296 comparantur
3704 2214 3896 2278 clari-

2349 2321 3030 2411 tatimargaritarum,
3061 2321 3212 2403 quia
3238 2327 3390 2384 sunt
3423 2320 3713 2402 fulgidae‚
3748 2321 3900 2386 vivi-

2348 2435 2522 2509 ficae,
2542 2430 2848 2515 jucundae
2866 2479 2882 2510 ,
2914 2429 2995 2494 ad
3022 2428 3288 2493 modum
3316 2428 3716 2510 margaritae,
3748 2446 3898 2511 quae

2348 2540 2541 2604 habet
2583 2538 2940 2621 fulgorem,
2973 2537 3110 2600 sive
3147 2535 3353 2617 fulget
3384 2584 3402 2615 ,
3447 2535 3756 2599 confortat
3783 2553 3900 2618 per

2350 2647 2694 2712 efficaciam
2731 2693 2749 2724 ‚
2805 2662 2915 2709 cor
2953 2644 3290 2727 jucundat.
3350 2640 3718 2707 Secundum
3775 2642 3899 2707 hoc

2350 2755 2556 2836 igitur
2615 2753 3077 2835 ingrediuntur
3134 2752 3214 2815 ad
3259 2750 3856 2832 contemplationem
3878 2799 3896 2830 ‚

2349 2880 2469 2926 nec
2508 2864 2716 2945 potest
2774 2860 2855 2924 ad
2904 2859 3184 2925 visiones
3232 2857 3658 2940 Apocalypsis
3703 2857 3899 2922 homo

2349 2970 2565 3035 nudus
2606 2968 2902 3033 accedere
2934 3015 2951 3045 ,
3005 2966 3128 3029 nisi
3174 2964 3495 3045 intelligat
3542 2965 3685 3027 ista.
3741 2962 3899 3028 Cum

2348 3075 2553 3160 igitur
2586 3076 2668 3139 sit
2693 3081 2715 3116 ⁹
2751 3097 2783 3136 α
2822 3073 2950 3138 alia
2996 3072 3248 3136 claritas
3290 3071 3442 3134 solis
3453 3119 3474 3152 ,
3516 3070 3640 3134 alia
3684 3070 3895 3135 stella-

2349 3201 2537 3263 rum,
2568 3204 2600 3243 n
2633 3200 2751 3247 nos
2777 3182 2822 3222 ¹⁰
2866 3204 2898 3242 α
2934 3178 3258 3244 sublimati
3305 3195 3419 3260 per
3447 3177 3659 3257 fldem,
3691 3182 3898 3242 trans-

2349 3291 2705 3354 formamur
2731 3307 2770 3353 a
2797 3287 3080 3351 claritate
3108 3287 3173 3348 in
3201 3284 3588 3365 claritatem,
3612 3307 3644 3344 υ
3678 3287 3743 3349 et
3782 3284 3904 3350 hoc

2312 3427 2316 3432 ·
2360 3420 2393 3458 α
2417 3397 2700 3462 revelata
2739 3395 2934 3471 facie,
2964 3416 2995 3454 ι)
3030 3397 3105 3457 ut
3143 3392 3383 3456 similes
3425 3393 3628 3456 simus
3657 3392 3899 3457 duode-

2349 3505 2479 3570 cim
2507 3504 2703 3569 stellis
2722 3550 2740 3583 ,
2773 3505 2836 3566 et
2862 3500 3199 3567 duodecim
3224 3499 3615 3581 margaritis·
3660 3498 3899 3565 Duode—

2350 3613 2477 3678 cim
2523 3610 2985 3697 speculationes
3028 3612 3179 3673 sunt
3198 3656 3215 3688 ,
3260 3625 3421 3690 quas
3464 3607 3778 3671 habemus
3817 3627 3901 3673 ex

2352 3721 2518 3786 fide:
2551 3720 2805 3785 credere
2832 3719 3032 3783 Deum
3069 3715 3387 3799 primum,
3420 3714 3624 3779 Deum
3637 3701 3897 3780 'trinum

2353 3832 2417 3894 et
2443 3847 2682 3907 unum,
2713 3831 2776 3892 et
2814 3823 3143 3908 exemplar
3175 3841 3398 3887 rerum
3417 3872 3433 3903 ,
3476 3828 3550 3886 ut
3576 3826 3900 3887 creantem

2351 3937 2703 4014 mundum,
2750 3938 2825 3999 ut
2862 3934 3243 3998 formantem
3287 3931 3605 4009 animam;
3638 3931 3900 3996 dantem

2353 4043 2650 4126 spiritum
2665 4091 2684 4121 ,
2714 4042 2918 4106 Deum
2946 4041 3122 4106 carni
3145 4040 3401 4104 unitum
3416 4088 3439 4118 ,
3471 4038 3672 4104 Deum
3701 4041 3903 4104 cruci-

2352 4151 2561 4215 fixum
2578 4199 2595 4230 ,
2630 4146 2942 4214 medelam
2968 4148 3315 4227 mentium,
3341 4147 3536 4212 vitale
3560 4147 3897 4230 pabulum,

2353 4256 2629 4322 ultorem
2650 4256 2984 4335 scelerum,
3006 4255 3349 4338 praemium
3374 4260 3715 4321 aeternum.
3738 4255 3899 4322 Nota

2355 4364 2578 4445 etiam,
2614 4364 2788 4447 quod
2813 4363 3111 4446 quaedam
3156 4366 3306 4427 sunt
3349 4363 3679 4427 credibilia
3704 4413 3722 4443 ,
3754 4381 3902 4445 quae

2354 4476 2508 4536 sunt
2532 4470 2609 4555 (b)
2645 4469 3070 4552 intelligibilia
3096 4488 3212 4553 per
3237 4470 3576 4549 rationem,
3593 4475 3666 4535 ut
3687 4471 3900 4535 Abra-

2355 4579 2510 4644 ham
2542 4579 2769 4661 genuit
2810 4577 2984 4642 Isaac
3006 4626 3025 4656 ‚
3071 4578 3207 4642 sive
3246 4578 3412 4642 facta
3450 4577 3898 4660 particularia3

2355 4687 2653 4770 quaedam
2689 4689 2905 4750 autem
2942 4686 3266 4750 credibilia
3306 4704 3436 4751 nou
3476 4689 3627 4750 sunt
3666 4684 3903 4748 intelli-

2359 4796 2583 4876 gibilia
2615 4817 2631 4860 z
2664 4799 2728 4859 et
2770 4794 3029 4877 quando
3071 4795 3526 4877 intelliguntur
3556 4839 3578 4870 ,
3624 4792 3904 4857 rationes

2357 4903 2590 4968 solidas
2609 4902 2868 4967 babent.
2890 4901 2991 4965 Ad
3007 4902 3456 4967 sufficientiam
3483 4900 3719 4964 horum
3747 4900 3905 4965 duo-

2357 5010 2596 5090 decim,
2627 5014 2810 5090 nota,
2842 5010 3015 5092 quod
3049 5010 3302 5074 claritas
3328 5007 3474 5072 fidei
3517 5007 3907 5089 speculanda

2357 5121 2454 5183 est
2480 5167 2498 5200 ,
2545 5122 2621 5182 ut
2663 5117 2951 5184 veritatis
2976 5116 3436 5200 praeexistentis
3458 5162 3477 5193 ,
3503 5117 3580 5179 ut
3616 5115 3907 5180 veritatis

2358 5302 2470 5356 xxi,
2500 5295 2579 5357 ¹0,
2608 5294 2687 5343 21.
2713 5318 2775 5330 —
2807 5292 2827 5325 ⁸
2856 5293 2876 5342 l
2906 5291 3046 5355 Cor„
3073 5302 3160 5355 xv,
3195 5293 3273 5341 4¹.
3300 5314 3364 5327 -
3393 5290 3429 5320 ¹⁰
3461 5289 3503 5338 11
3541 5287 3681 5350 eor„
3711 5300 3797 5354 111,
3823 5291 3903 5341 38.

2389 5389 2491 5474 ſsa)
2522 5390 2646 5442 coet.
2674 5389 2799 5441 edit.
2825 5390 2916 5457 qui
2940 5395 3068 5442 erat.
3099 5415 3165 5431 —·
3189 5387 3261 5455 (ὁ)
3294 5387 3418 5440 Goet.
3448 5387 3569 5440 edit.
3608 5387 3904 5454 credibilia,

2357 5473 2488 5514 sive.
