4196 6294
174 4062 311 4103 Com·

133 4121 321 4176 punctio
331 4144 344 4154 ·

134 4184 205 4227 nin
248 4195 353 4238 gra-

1658 492 2021 559 PSALMUS
2064 491 2323 559 cxvul.

943 758 1271 804 vnsmums
1308 758 1385 800 lv.

467 919 591 975 148.
637 917 1009 974 Proevenerunt
1052 918 1196 973 oculi
1220 917 1327 971 mei
1362 914 1436 971 ad
1468 919 1539 984 te,
1570 916 1676 970 etc.
1723 912 1933 971 Animo

394 1010 704 1084 purificato
744 1025 851 1084 per
885 1010 1020 1067 vitae
1047 1008 1381 1083 puritatem,
1413 1006 1704 1065 Altissimo
1742 1008 1936 1066 hono-

395 1103 620 1162 rificato
648 1120 756 1177 per
783 1103 893 1161 viae
918 1103 1310 1174 securitatem,
1339 1101 1614 1176 proximo
1643 1101 1934 1159 aedificato

395 1214 502 1272 per
528 1197 987 1256 conversationis
1023 1197 1448 1268 maturitatem,
1476 1196 1784 1254 revertitur
1812 1194 1935 1252 ani-

395 1307 529 1347 mus
556 1291 635 1348 ad
663 1290 922 1365 seipsum
967 1291 1293 1365 implorans
1337 1291 1629 1348 internam
1669 1289 1935 1348 saturita-

395 1386 533 1442 tem.
582 1384 921 1459 imploratio
965 1385 1211 1460 quidem
1253 1387 1365 1444 ista
1409 1384 1491 1441 sic
1536 1383 1864 1442 ostenditur
1899 1401 1937 1442 a

393 1477 696 1537 Psalmista
724 1497 739 1535 ε
771 1481 1180 1549 Proevenerunt,
1224 1483 1359 1550 etc.,
1390 1478 1560 1553 quasi
1598 1477 1755 1535 dicat
1786 1496 1799 1534 t
1832 1481 1937 1535 Ex-

395 1571 637 1631 teriores
664 1572 821 1631 oculi
858 1577 1269 1648 praevenerunt
1293 1573 1436 1646 solis
1482 1573 1825 1644 adventum,
1872 1576 1936 1631 ut

394 1665 698 1725 interiores
736 1667 1112 1740 pervenirent
1153 1668 1233 1725 ad
1271 1665 1514 1724 interius
1555 1665 1896 1724 alimentum
1913 1686 1932 1740 3

392 1760 507 1818 hoc
551 1764 665 1832 est,
713 1761 1090 1835 compunctio
1155 1760 1440 1835 praevenit
1486 1761 1934 1835 contemplatio·

394 1855 554 1927 nem,
581 1858 646 1911 ut
671 1854 976 1914 meditatio
995 1855 1326 1937 perveniret
1344 1856 1423 1913 ad
1443 1855 1931 1931 consolationem,

393 1964 499 2007 seu
526 1947 983 2007 consolatoriam
1028 1949 1523 2007 illuminationem
1554 1967 1569 2005 :
1602 1964 1735 2008 ecce
1778 1967 1929 2024 qua-

394 2043 698 2119 dripartita
742 2044 931 2117 gratia
973 2031 1070 2102 hic
1116 2047 1419 2114 contenta,
1467 2044 1688 2103 scilicet
1744 2046 1933 2119 gratia

391 2137 883 2212 compunctionis,
923 2137 1434 2212 contemplationis
1443 2181 1463 2210 ,
1511 2138 1927 2212 meditationiS,

391 2238 447 2290 et
475 2231 913 2292 consolationis.
941 2235 1079 2303 Quae
1117 2236 1394 2290 notantur
1431 2249 1540 2308 per
1572 2234 1931 2292 exteriorum

389 2328 701 2385 oculorum
730 2330 1115 2402 praeventum,
1148 2344 1256 2403 per
1282 2328 1423 2386 solis
1454 2328 1798 2396 adventum,
1823 2345 1930 2404 per

389 2422 701 2480 oculorum
727 2422 1073 2481 interiorum
1110 2426 1479 2496 perventum,
1510 2439 1618 2498 per
1655 2423 1929 2482 intrinse-

389 2533 525 2574 cum
546 2517 915 2575 alimentum.

883 2676 1167 2732 Articulus
1197 2678 1433 2747 primus.

456 2800 715 2859 Primum
735 2800 1146 2875 praetenditur,
1188 2817 1325 2859 cum
1362 2800 1576 2860 dicitur
1606 2820 1621 2860 ε
1654 2806 1927 2863 Praevene-

384 2901 514 2953 runt
541 2897 683 2954 oculi
705 2899 814 2952 mei
842 2895 916 2952 ad
944 2901 1014 2952 te.
1046 2895 1112 2953 Hi
1138 2899 1275 2952 sunt
1312 2896 1470 2953 oculi
1494 2898 1795 2957 exterioris
1822 2900 1929 2958 ho·-

386 2989 595 3063 miniS,
642 2990 860 3065 quibus
903 2989 1251 3064 exprimitur
1290 2989 1479 3062 gratia
1522 2994 1928 3065 compunctio-

383 3084 495 3158 nia,
522 3100 655 3160 quai
695 3083 872 3142 debet
912 3082 1236 3159 praevenire
1275 3083 1528 3157 gratiam
1563 3087 1928 3162 contempla-

385 3180 579 3253 tioniS,
610 3180 897 3255 quoniam
927 3185 1129 3253 oportet
1162 3184 1458 3253 praevenire
1494 3184 1655 3239 solem
1681 3184 1754 3241 ad
1782 3185 1930 3243 bene-

385 3272 701 3341 dictionem,
746 3273 810 3328 ut
854 3269 1126 3327 scribitur
1177 3270 1215 3328 ¹.
1263 3270 1420 3327 Sicut
1456 3271 1615 3328 enim
1659 3273 1928 3330 israelitae

383 3366 649 3423 carnales
676 3364 1116 3440 praeveniebant
1138 3365 1331 3445 solem
1359 3364 1716 3434 sensibilem,
1750 3371 1814 3424 ut
1838 3368 1928 3426 in-

383 3460 651 3518 venirent
693 3459 1073 3517 refectionem
1116 3459 1499 3529 exteriorem,
1539 3460 1622 3516 sic
1657 3463 1927 3522 israelitae

384 3553 715 3628 spirituales
740 3552 1065 3628 praevenire
1106 3552 1328 3609 debent
1362 3552 1554 3610 solem
1586 3554 1925 3628 intelligibi-

383 3647 534 3718 lem,
578 3650 871 3721 quatenus
913 3645 1219 3703 inveniant
1256 3645 1636 3705 refectionem
1680 3649 1924 3708 interio-

382 3759 527 3800 rem.
551 3742 705 3812 Quid
733 3746 931 3799 autem
958 3743 1042 3798 est
1057 3740 1148 3798 sol
1161 3739 1568 3814 intelligibilis,
1598 3742 1711 3800 nisi
1738 3746 1926 3817 gratia

384 3834 935 3910 contemplationis?
993 3834 1144 3903 Quid
1200 3834 1440 3917 interior
1490 3836 1759 3909 refectio,
1811 3839 1927 3897 nisi

381 3930 570 4005 gratia
610 3927 1029 3988 consolationis
1040 3971 1060 4000 ,
1108 3945 1213 3987 seu
1257 3929 1667 3989 consolatoriae
1709 3931 1928 3990 illumi-

380 4025 670 4084 nationis?
706 4027 772 4082 Et
806 4028 977 4095 nota,
1008 4025 1175 4098 quod
1219 4024 1408 4098 gratia
1452 4029 1927 4099 compunctionis

383 4124 758 4195 comparatur
786 4119 972 4178 oculis
1006 4118 1217 4194 lippis,
1246 4118 1487 4192 aquosis
1496 4161 1516 4190 ‚
1547 4121 1924 4198 columbiniS,

382 4214 525 4290 quia
549 4213 1025 4288 compunctionis
1054 4213 1244 4286 gratia
1269 4216 1356 4271 est
1384 4214 1446 4271 in
1472 4216 1763 4293 principio
1791 4219 1928 4277 hor-

380 4308 533 4380 rida,
548 4307 822 4365 inmedio
837 4306 1087 4381 liquida,
1110 4307 1171 4363 in
1190 4306 1308 4363 fine
1324 4306 1529 4366 nitida.
1552 4312 1630 4367 De
1644 4312 1839 4384 primo
1859 4314 1881 4347 ¹
1904 4333 1923 4371 ε

387 4421 415 4455 α
443 4400 542 4459 Lia
568 4403 693 4458 erat
719 4399 897 4473 lippis
930 4399 1147 4473 oculis;
1177 4400 1393 4459 Rachel
1419 4402 1637 4461 decora
1663 4404 1811 4462 facie
1844 4425 1859 4463 ε
1890 4426 1918 4463 n

380 4510 487 4568 per
512 4492 829 4552 Rachelem
852 4494 1140 4567 figuratur
1161 4495 1348 4567 gratia
1376 4497 1921 4573 contemplationis3

378 4604 486 4662 per
512 4586 672 4645 Liam
699 4586 889 4659 gratia
930 4588 1419 4661 compunctioniS.
1464 4590 1621 4649 Sicut
1659 4591 1834 4663 igitur
1861 4594 1922 4652 in

377 4681 559 4740 Jacob
586 4681 920 4755 patriarcha
959 4681 1174 4755 copula
1201 4682 1312 4739 Lite
1338 4685 1619 4758 praevenit
1645 4686 1924 4760 copulam

378 4774 676 4846 Rachelis3
734 4773 818 4831 sic
868 4773 931 4831 in
980 4773 1156 4833 nobis
1215 4777 1402 4847 gratia
1454 4780 1924 4852 compunctionis

377 4870 697 4946 praevenire
726 4869 903 4927 debet
927 4871 1178 4943 gratiam
1206 4872 1741 4947 contemplationi&
1767 4875 1924 4935 Sicut

378 4965 479 5022 ille
508 4980 631 5023 non
660 4963 989 5021 abhorrens
1019 4964 1328 5023 horrorem
1356 4984 1463 5041 per
1490 4968 1759 5026 laborem
1781 4987 1919 5044 per-

376 5058 536 5116 venit
561 5058 641 5115 ad
669 5056 964 5129 decorem,
987 5056 1071 5115 sic
1102 5074 1214 5117 nos
1232 5074 1353 5117 non
1382 5061 1768 5121 abhorrentes
1780 5063 1920 5121 hor-

376 5168 572 5212 rorem
597 5150 1097 5225 compunctioniS,
1143 5169 1250 5227 per
1293 5152 1566 5215 laborem
1611 5157 1920 5231 investiga·

443 5304 452 5331 ⁸
480 5302 619 5367 Sap„
647 5314 764 5367 xvi,
796 5303 874 5352 28.
897 5328 961 5340 —-
983 5302 1007 5335 ¹
1034 5302 1176 5365 Gen„
1208 5316 1363 5370 xxix,
1394 5308 1469 5359 17.
1504 5335 1557 5344 -
1588 5308 1607 5338 ³
1630 5310 1796 5373 Cant„
1826 5321 1917 5373 vn,

384 5376 423 5422 t.
458 5400 518 5412 —
555 5373 578 5408 ⁸
610 5374 779 5433 Cant„
808 5384 856 5434 ι,
890 5376 967 5423 14.
1000 5400 1061 5412 -
1094 5375 1117 5410 ⁸
1144 5375 1323 5438 Eccti„
1356 5389 1545 5441 xxx1x,
1573 5382 1619 5429 6.
1655 5406 1718 5419 -
1752 5381 1773 5412 ⁸
1805 5379 1914 5443 Iob,

380 5457 489 5509 viii,
512 5447 611 5496 5-7.
638 5470 694 5483 —
727 5447 742 5475 ⁷
768 5444 875 5508 Job,
905 5458 1017 5511 xm,
1045 5450 1092 5497 9.

3470 501 3584 562 507

2047 628 2224 686 tionis
2248 629 2558 703 pervenire
2599 631 2889 690 debemus
2931 631 3012 690 ad
3057 632 3336 690 decorem
3369 631 3587 690 illumi-

2045 723 2300 782 nationis
2332 742 2346 781 :
2378 739 2512 781 ecee
2532 725 2688 782 oculi
2706 725 2878 801 lippi.
2900 729 2976 784 De
2996 725 3258 784 secundo
3274 728 3296 762 ³
3329 745 3343 784 ε
3372 746 3400 780 α
3420 727 3586 801 Oculi

2046 818 2132 875 tui
2154 819 2302 876 sicut
2310 818 2547 892 piscinae
2567 820 2630 876 in
2645 822 2911 879 Hesebon
2935 823 3000 895 (α)
3009 865 3027 895 ,
3044 838 3171 895 quoe
3189 821 3397 879 suntin
3414 825 3586 896 porta

2046 911 2183 970 filiae
2205 911 2616 970 multitudinis.
2635 934 2665 969 n
2680 914 2779 972 Hic
2808 915 2963 973 oculi
2979 918 3399 990 comparantur
3413 913 3587 989 pisci-

2045 1006 2158 1079 niS,
2186 1005 2329 1080 quia
2369 1006 2519 1065 sicut
2556 1008 2618 1064 in
2653 1008 2893 1083 piscinis
2934 1014 3019 1067 est
3062 1009 3236 1083 copia
3270 1025 3585 1084 aquarum,

2045 1100 2130 1159 sic
2156 1100 2219 1157 in
2247 1100 2436 1173 gratia
2462 1102 2933 1177 compunctionis
2962 1103 3136 1177 copia
3162 1102 3583 1177 lacrymarum.

2046 1196 2447 1265 Quamobrem
2483 1197 2575 1255 hae
2606 1198 2846 1272 piscinae
2879 1199 2943 1255 in
2976 1200 3245 1257 Hesebon
3284 1215 3408 1258 esse
3456 1215 3588 1258 nar-

2047 1294 2279 1361 rantur,
2311 1290 2476 1364 quod
2506 1296 2762 1363 cogitatio
2796 1297 3035 1349 moeroris
3062 1292 3491 1367 interpretatur.
3522 1296 3589 1351 Et

2048 1385 2096 1441 si
2126 1400 2305 1442 causa
2338 1385 2608 1442 moeroris
2637 1386 2945 1460 quaeritur,
2981 1386 3248 1461 protinus
3281 1387 3538 1461 aperitur
3568 1408 3583 1443 :

2051 1500 2078 1532 α
2107 1481 2246 1548 Quae
2272 1479 2493 1536 suntin
2537 1485 2709 1553 porta
2747 1480 2885 1538 filiae
2924 1480 3346 1549 multitudinis3
3383 1503 3411 1533 n
3446 1497 3588 1539 nam

2044 1589 2253 1630 revera
2294 1572 2385 1629 vis
2423 1573 2612 1630 visiva
2658 1573 2848 1631 existit
2887 1576 3062 1648 porta
3102 1573 3588 1647 concupiscentiae

2045 1666 2423 1725 multiformis
2473 1686 2488 1724 ε
2543 1683 2678 1725 ecce
2720 1667 2877 1725 oculi
2918 1667 3148 1742 aquosi.
3194 1671 3272 1725 De
3319 1667 3529 1725 tertio*
3566 1686 3583 1725 z

2051 1781 2077 1816 α
2104 1765 2245 1819 Ecce
2276 1764 2338 1818 tu
2361 1761 2610 1835 pulchra
2638 1777 2733 1830 eS,
2761 1761 2954 1819 amica
2974 1777 3137 1831 mea;
3168 1776 3301 1818 ecce
3345 1764 3409 1818 tu
3451 1761 3588 1834 pul-

2045 1855 2187 1912 chra
2200 1871 2262 1912 es
2278 1855 2346 1928 (ὸ)
2372 1873 2387 1911 ε
2408 1854 2563 1913 oculi
2581 1854 2663 1911 tui
2673 1854 3087 1913 columbarum
3097 1874 3114 1928 3
3131 1875 3158 1909 »
3182 1853 3325 1928 quia
3336 1854 3589 1930 pulchra

2045 1954 2132 2007 est
2150 1949 2350 2007 anima
2365 1937 2656 2024 quantum
2668 1948 2748 2007 ad
2763 1949 3203 2022 conscientiam,
3226 1953 3284 2007 et
3296 1952 3585 2023 quantum

2043 2045 2124 2103 ad
2149 2043 2623 2116 intelligentiam,
2670 2060 2804 2117 quae
2850 2044 3076 2103 nitescit
3116 2060 3226 2118 per
3267 2059 3588 2117 compunc-

2042 2137 2217 2197 tionis
2231 2138 2488 2212 gratiam
2517 2156 2532 2195 :
2566 2154 2699 2195 ecce
2729 2137 2887 2196 oculi
2916 2137 3267 2196 columbini.

2523 2300 2798 2356 Articulus
2829 2298 3108 2356 secundus.

2113 2424 2447 2483 Secundum
2477 2423 2880 2496 subtenditur,
2913 2439 3050 2481 cum
3078 2421 3356 2496 adjicitur
3386 2440 3401 2480 ε
3429 2426 3587 2481 Dilu-

2041 2522 2158 2576 culo
2188 2536 2209 2575 :
2236 2534 2370 2576 ecce
2399 2518 2645 2592 quando
2673 2519 3085 2592 praevenerunt
3103 2558 3124 2587 ,
3155 2520 3213 2574 et
3251 2517 3400 2591 quid
3436 2533 3586 2591 prae-
3663 2524 3669 2530 ’

2038 2617 2359 2685 venerunt3
2386 2613 2528 2686 quia
2558 2611 2819 2669 diluculo
2847 2614 3286 2685 praevenerunt,
3309 2613 3368 2668 et
3393 2603 3585 2670 solem

2037 2708 2467 2781 praevenerunt.
2494 2705 2656 2764 Oculi
2680 2702 3155 2779 compunctionis
3174 2708 3585 2778 praevenerunt

2039 2800 2228 2858 solem
2256 2798 2769 2873 contemplationis
2785 2818 2802 2870 3
2831 2798 3107 2868 fortasse,
3140 2798 3187 2854 si
3215 2813 3338 2855 non
3364 2813 3587 2871 praeve-

2040 2894 2262 2952 nissent
2278 2936 2297 2966 ,
2348 2892 2549 2951 cibum
2596 2891 2977 2949 intrinsecum
3028 2907 3151 2948 non
3195 2891 3582 2963 invenissent,

2041 2988 2192 3045 sicut
2216 2986 2476 3061 populus
2512 2985 2790 3061 antiquus
2816 2985 3016 3043 cibum
3041 2984 3434 3044 extrinsecum
3460 3001 3584 3044 non

2040 3081 2295 3152 invenit,
2326 3080 2431 3155 qui
2469 3078 2734 3137 diluculo
2762 3094 2886 3136 non
2922 3079 3221 3155 praevenit.
3273 3083 3340 3137 Et
3372 3085 3583 3138 notan-

2043 3180 2190 3236 dum
2231 3178 2388 3236 circa
2430 3177 2763 3235 diluculum
2786 3218 2806 3247 ,
2852 3176 3020 3250 quod
3066 3175 3279 3249 legitur
3316 3177 3581 3237 diluculo
3647 3216 3824 3260 Dilucu-

2034 3274 2229 3346 J'ustus
2257 3272 2533 3345 vigilare,
2559 3276 2708 3330 Deus
2737 3271 3042 3344 evigilare,
3066 3270 3346 3329 diabolus
3374 3272 3583 3331 oculos
3611 3277 3722 3323 lum.

2042 3367 2267 3442 opilare
2296 3385 2311 3423 ε
2341 3366 2485 3442 quia
2505 3366 2784 3423 nimirum
2805 3367 2998 3437 justus
3019 3364 3228 3437 vigilat
3264 3365 3342 3422 ad
3370 3381 3584 3439 rogan-

2041 3462 2222 3533 dum3
2259 3465 2408 3519 Deus
2448 3459 2692 3533 evigilat
2733 3454 2812 3516 ad
2850 3458 3223 3532 erogandum
3242 3477 3260 3531 3
3306 3458 3582 3518 diabolus

2043 3554 2250 3613 oculos
2295 3553 2479 3627 opilat
2526 3553 2605 3611 ad
2652 3552 2938 3611 malitiam
2988 3551 3462 3626 prorogandum.
3502 3556 3582 3612 De

2039 3649 2267 3724 prim0,
2298 3648 2403 3707 ubi
2435 3647 2648 3705 dicitur
2676 3647 2751 3704 de
2775 3647 2935 3719 justo
2963 3647 2985 3681 ⁶
3013 3663 3028 3702 ε
3064 3665 3094 3699 α
3124 3647 3238 3704 Cor
3265 3662 3440 3704 suum
3469 3650 3582 3705 tra-

2041 3743 2143 3800 det
2171 3742 2248 3800 ad
2277 3740 2645 3815 vigilandum
2687 3738 2950 3797 diluculo
2986 3739 3067 3797 ad
3102 3738 3446 3813 Dominum,
3477 3741 3582 3815 qui

2038 3836 2174 3895 fecit
2208 3837 2409 3907 illum,
2438 3840 2496 3892 et
2534 3835 2597 3892 in
2630 3836 2948 3908 conspectu
2974 3833 3247 3891 Altissimi
3299 3833 3581 3908 depreca-

2039 3932 2244 3991 bitur:
2276 3953 2304 3983 ι»
2348 3946 2483 3988 ecce
2518 3930 2709 4001 justus
2756 3925 3022 3985 diluculo
3071 3928 3328 4001 vigilans
3371 3927 3452 3986 ad
3490 3946 3582 3987 ro-

2039 4025 2325 4098 gandum.
2373 4026 2449 4080 De
2495 4020 2760 4080 secundo
2788 4021 2809 4054 ⁶
2850 4038 2864 4078 :
2904 4040 2932 4075 α
2956 4020 3015 4078 Si
3045 4020 3305 4079 dilaculo
3344 4037 3582 4080 consur-

2035 4121 2257 4180 rexeris
2302 4117 2382 4178 ad
2430 4122 2644 4187 Deum,
2681 4120 2737 4173 et
2761 4116 3236 4191 omnipotentem
3275 4116 3453 4174 fueris
3481 4117 3583 4175 dc-

2036 4217 2308 4290 precatus
2322 4231 2341 4285 3
2365 4211 2415 4269 si
2441 4211 2700 4269 mundus
2729 4214 2786 4267 et
2811 4214 3003 4268 rectus
3030 4210 3357 4280 incesseriS,
3387 4211 3582 4268 statim

2036 4308 2338 4381 evigilabit
2359 4305 2437 4365 ad
2455 4314 2531 4378 te,
2554 4308 2610 4363 et
2636 4307 2912 4379 pacatum
2937 4303 3149 4361 reddet
3174 4302 3581 4361 habitaculum

2030 4406 2268 4478 justitiae
2300 4407 2409 4461 tum
2440 4420 2454 4458 ε
2486 4402 2549 4458 in
2595 4403 2855 4470 tantum,
2886 4402 2952 4457 ut
2996 4400 3045 4456 si
3072 4400 3276 4474 priora
3322 4403 3423 4459 tua
3460 4401 3581 4458 suo·

2038 4500 2157 4557 rint
2182 4513 2400 4573 parva,
2429 4498 2486 4553 et
2519 4493 2842 4553 novissima
2870 4497 2973 4553 tua
2998 4493 3465 4568 multiplicentur
3490 4495 3580 4551 ni-

2038 4595 2153 4652 mis
2187 4613 2200 4649 ;
2240 4612 2268 4649 n
2305 4606 2438 4648 ecce
2486 4593 2637 4647 Deus
2689 4588 2953 4645 diluculo
3002 4588 3292 4661 evigilans
3329 4588 3411 4645 ad
3454 4604 3582 4646 ero-

2036 4685 2324 4761 gandum.
2354 4686 2432 4742 De
2456 4683 2624 4741 tertIo
2637 4724 2659 4754 ,
2689 4681 2793 4739 ubi
2818 4680 3093 4740 scribitur
3132 4682 3208 4739 de
3235 4681 3482 4740 diabolo
3509 4684 3531 4718 ⁷
3561 4701 3576 4740 ε

2040 4804 2067 4836 α
2116 4779 2281 4839 Oculi
2332 4778 2487 4849 ejuS,
2534 4781 2597 4833 ut
2647 4774 2947 4850 palpebrae
2999 4774 3268 4832 diluculi.
3324 4795 3353 4831 »
3402 4776 3578 4834 Plane

2036 4874 2193 4934 oculi
2225 4870 2452 4932 diaboli
2479 4872 2615 4927 sunt
2640 4874 2707 4927 ut
2732 4868 3032 4943 palpebroe
3055 4867 3333 4940 diluculi,
3362 4884 3488 4927 non
3515 4874 3580 4928 ut

2034 4966 2280 5044 pupillae
2307 4965 2454 5036 diei,
2487 4963 2630 5038 quia
2668 4961 2851 5020 clausi
2880 4965 3018 5019 sunt
3043 4961 3233 5032 oculi,
3259 4977 3384 5020 non
3411 4978 3579 5037 aper-

2036 5066 2110 5134 ti3
2141 5060 2306 5135 ligati
2333 5064 2498 5135 sunt,
2527 5073 2650 5116 non
2688 5055 2884 5114 soluti.
2926 5058 2991 5113 ln
3017 5054 3202 5112 oculis
3231 5058 3446 5130 apertis
3472 5072 3580 5132 ap-

2030 5161 2240 5233 parent
2267 5153 2545 5230 pupilloe3
2579 5152 2641 5209 in
2669 5149 2884 5208 clausis
2910 5164 3036 5208 non
3062 5153 3296 5226 patent,
3316 5149 3430 5208 nisi
3453 5150 3579 5224 pal-

2030 5252 2252 5328 pebrae.
2278 5246 2459 5322 Ligati
2482 5249 2619 5303 sunt
2639 5261 2748 5320 per
2765 5243 3068 5305 vinculum
3091 5244 3428 5320 impietatiS,
3449 5260 3576 5304 non

2093 5378 2164 5439 (a)
2194 5376 2318 5428 Coet.
2354 5373 2478 5425 edit.
2517 5372 2751 5437 Esebon,
2791 5373 2843 5421 et
2870 5372 2943 5421 sic
2971 5371 3219 5438 deincep&
3249 5397 3311 5410 -
3349 5368 3417 5435 (b)
3447 5368 3571 5421 eoet.

2026 5451 2150 5515 edit.
2181 5463 2275 5499 non
2303 5446 2483 5497 liabent
2513 5458 2586 5495 es.
