4196 6294
1618 493 1978 560 PSALMUS
2021 494 2280 561 CXVIII.

358 639 511 694 trare
554 636 899 706 noscuntur,
946 632 1089 707 quia
1139 632 1219 707 (a)
1263 630 1442 690 sacris
1491 629 1899 688 execrabiliter

358 729 701 788 abutuntur.

831 799 1114 857 Articulus
1150 799 1429 857 secundus.

431 920 605 975 Actus
631 914 870 992 malitiae
892 916 1261 987 subnotatur,
1291 931 1429 972 cum
1454 912 1764 972 subditur:
1791 914 1899 985 Op-

355 1013 634 1084 probrium
649 1053 669 1083 ,
698 1010 813 1068 hoc
851 1012 938 1068 est
966 1010 1275 1084 opinatum
1300 1008 1509 1066 vitium
1530 1049 1548 1077 ,
1591 1006 1758 1081 quod
1785 1022 1900 1080 pu-

359 1107 514 1163 tatur
543 1104 665 1162 odii
691 1104 1092 1161 seminarium.
1123 1106 1476 1176 Frequenter
1507 1101 1668 1159 enim
1690 1099 1901 1159 accidit

359 1201 528 1278 quod
574 1201 719 1261 mali
762 1205 1006 1277 propter
1046 1200 1472 1276 impatientiam
1513 1198 1901 1273 correptionis

359 1296 679 1370 opinantur
703 1295 866 1354 mala
887 1295 964 1353 de
989 1294 1187 1367 honiS,
1218 1299 1275 1353 et
1290 1311 1365 1351 ex
1390 1293 1715 1351 temeritate
1744 1292 1901 1350 illius

359 1389 658 1464 opinionis
724 1392 1036 1463 generatur
1103 1388 1401 1447 temeritas
1452 1385 1898 1459 indignationis.

357 1485 424 1541 Et
450 1489 626 1556 nota,
666 1482 833 1558 quod
874 1487 958 1540 est
985 1482 1379 1558 opprobrium
1404 1496 1527 1539 non
1553 1479 1901 1546 ferendum.-

359 1577 752 1652 opprobrium
797 1575 1232 1642 auferendum.-
1287 1574 1682 1651 opprobrium
1726 1573 1902 1632 suffe-

356 1669 611 1729 rendum
640 1688 657 1727 τ
686 1671 948 1742 primum
971 1670 1226 1744 pertinet
1250 1670 1331 1727 ad
1357 1668 1736 1728 infectionem
1756 1685 1777 1741 3
1810 1683 1902 1727 se-

358 1763 622 1822 cundum
641 1807 660 1836 ,
690 1764 771 1822 ad
804 1763 1311 1839 imperfectionem
1325 1782 1343 1836 ;
1380 1763 1637 1835 tertium,
1661 1762 1741 1820 ad
1766 1778 1903 1837 per·

356 1857 686 1917 tectionem.
729 1860 808 1916 De
842 1857 1038 1932 primo
1065 1861 1084 1895 ¹
1117 1878 1132 1915 ε
1168 1857 1344 1916 «Noli
1367 1857 1560 1916 facere
1600 1857 1903 1916 stultitiam

355 1951 541 2022 han03
571 1968 684 2026 ego
712 1952 872 2012 enim
924 1951 1076 2011 ferre
1104 1967 1230 2010 non
1255 1955 1464 2026 potero
1508 1951 1903 2027 opprobrium

354 2062 572 2103 meum.
605 2067 633 2101 n
667 2045 858 2104 Verba
884 2050 1023 2104 sunt
1045 2045 1318 2118 Thamar,
1347 2045 1567 2103 sororis
1595 2045 1856 2103 Absalon
1880 2089 1897 2111 ,

356 2157 543 2214 quam
570 2140 864 2216 oppressit
900 2140 1079 2200 frater
1120 2157 1260 2199 suus
1308 2147 1541 2199 Amnon
1579 2158 1596 2199 ι
1628 2156 1762 2199 ecce
1796 2156 1902 2214 op-

354 2235 670 2308 probrium
704 2251 828 2294 non
853 2234 1187 2294 ferendum.
1220 2237 1297 2294 De
1325 2235 1587 2293 secundo
1615 2232 1639 2267 ²
1669 2253 1683 2292 ε
1721 2253 1751 2290 ι
1779 2239 1899 2293 Au-

353 2328 501 2385 feret
518 2328 796 2387 Dominus
818 2344 1060 2387 omnem
1077 2329 1406 2403 lacrymam
1430 2330 1509 2387 ab
1537 2329 1700 2387 omni
1727 2329 1902 2401 facie,

355 2426 413 2478 et
439 2421 831 2497 opprobrium
857 2422 1067 2497 populi
1106 2423 1196 2480 sui
1240 2421 1465 2482 auferet
1501 2424 1577 2481 de
1625 2423 1901 2481 universa

355 2518 529 2573 terra.
557 2534 587 2568 »
616 2506 875 2573 Primum
900 2515 1039 2573 facit
1063 2516 1370 2588 Dominus,
1393 2516 1540 2574 dum
1565 2521 1733 2575 sanat
1760 2531 1903 2574 con-

353 2609 520 2666 tritos
529 2628 548 2682 ;
578 2609 928 2680 secundum,
961 2609 1107 2667 dum
1134 2609 1310 2667 solvit
1336 2610 1705 2685 compeditos
1732 2629 1748 2667 ε
1779 2610 1900 2668 illic

354 2707 573 2778 purgat
613 2702 857 2761 infectos
871 2722 890 2776 3
940 2702 1038 2761 hic
1062 2704 1292 2776 perficit
1317 2705 1689 2779 imperfectos
1719 2721 1734 2761 ε
1766 2719 1900 2763 ecce

357 2797 752 2873 opprobrium
771 2796 1180 2856 auferendum.
1206 2801 1283 2856 De
1311 2799 1480 2857 tertio
1500 2799 1770 2874 psallitur
1794 2815 1902 2873 per

358 2892 713 2966 Prophetam
730 2894 752 2929 ⁸
773 2910 788 2949 ε
816 2912 846 2946 α
868 2894 1108 2966 Propter
1129 2896 1185 2951 te
1205 2892 1455 2951 sustinui
1476 2893 1897 2967 opprobrium3

357 2987 590 3061 operuit
616 2985 885 3045 confusio
936 2986 1150 3045 faciem
1176 3002 1394 3045 meam.
1420 3008 1448 3042 n
1482 2986 1641 3045 Istud
1677 3003 1900 3063 oppro-

358 3079 560 3138 brium
602 3080 847 3140 infertur
890 3080 1355 3157 vituperabiliter
1394 3100 1413 3154 ;
1470 3080 1577 3139 sed
1630 3081 1904 3140 suffertur

358 3175 772 3235 venerabiliter
799 3194 813 3234 ε
847 3192 984 3235 ecce
1013 3176 1408 3262 opprobrium
1436 3175 1861 3235 sufferendum.

861 3340 1152 3396 Articulus
1193 3340 1405 3395 tertius.

430 3468 603 3523 Actus
670 3463 937 3522 falsitatis
989 3447 1327 3532 annotatur,
1381 3477 1519 3520 eum
1566 3459 1840 3519 subditur
1885 3479 1900 3516 z

364 3559 519 3627 Quod
537 3562 842 3631 suspicatus
863 3574 1001 3614 sum.
1016 3560 1160 3614 Ecce
1182 3555 1332 3614 falsa
1348 3554 1630 3629 suspicio,
1650 3570 1771 3629 qua
1782 3570 1905 3612 me-

362 3652 647 3710 ticulosus
686 3651 920 3709 animus
946 3650 1273 3724 suspicatur
1319 3648 1393 3706 de
1411 3647 1709 3723 proximo,
1738 3648 1906 3724 quod

363 3746 591 3804 malum
617 3745 889 3820 opinetur
912 3744 986 3802 de
1003 3744 1134 3819 ipso
1158 3761 1172 3801 ε
1195 3743 1312 3802 hoc
1339 3743 1427 3800 illi
1453 3742 1603 3801 falso
1630 3742 1902 3817 imputat,

363 3839 532 3915 quod
571 3840 672 3898 ille
709 3839 869 3897 hunc
919 3837 1147 3897 malum
1199 3840 1383 3912 putat.
1429 3838 1610 3910 Hujus
1649 3836 1903 3910 falsitaS,

363 3935 528 4006 cujus
556 3937 642 3993 est
664 3933 884 3992 falsum
909 3932 1201 4005 imputare
1218 3974 1237 4004 ,
1300 3930 1552 4006 imputat
1597 3930 1687 3988 illi
1733 3929 1905 3989 mali-

364 4028 506 4085 tiam
527 4071 545 4100 ,
582 4027 750 4100 cujus
795 4030 882 4084 est
920 4026 1147 4084 malum
1183 4028 1410 4100 putare.
1460 4027 1527 4082 Et
1560 4029 1704 4082 nota
1743 4023 1907 4099 quod

366 4121 652 4195 contingit
676 4120 960 4195 suspicari
999 4118 1323 4194 tripliciter,
1359 4117 1636 4176 videlicet
1677 4117 1907 4177 irratio-

365 4214 667 4287 nabiliter,
692 4213 1103 4290 probabiliter,
1133 4212 1467 4272 violenter-2
1497 4212 1692 4287 prima
1716 4211 1908 4286 suspi-

368 4308 461 4368 cio
507 4308 844 4367 nullatenus
890 4308 1130 4366 excusat
1160 4325 1179 4379 ;
1221 4304 1486 4364 secunda
1536 4305 1908 4379 aliquatenus

366 4405 633 4476 excusat3
671 4402 842 4461 tertia
884 4416 1127 4476 prorsus
1176 4404 1429 4458 excusat.
1474 4401 1552 4456 De
1597 4397 1793 4472 primo
1813 4399 1853 4468 ,ὅ
1890 4417 1905 4457 :

375 4517 403 4550 α
428 4496 763 4571 Suspicatus
802 4499 888 4554 est
914 4510 1020 4554 rex
1061 4494 1395 4552 societatem
1436 4492 1770 4565 deserturos
1811 4493 1911 4550 Ju-

369 4591 531 4650 daeos
561 4609 576 4649 2
607 4612 636 4646 »
667 4589 834 4665 quod
858 4590 969 4648 fuit
993 4588 1395 4648 irrationabile
1414 4629 1437 4659 ,
1456 4586 1614 4644 sicut
1629 4588 1800 4660 patet
1825 4585 1912 4643 in-

369 4685 623 4761 spectori
647 4685 924 4743 historiae.
954 4683 1118 4741 Unde
1153 4682 1493 4741 nullatenus
1532 4685 1839 4740 excusatur
1876 4695 1913 4738 a

371 4782 704 4855 perpetrato
740 4777 978 4835 scelere.
1019 4780 1097 4834 De
1125 4776 1387 4835 secundo
1410 4779 1430 4813 ⁸
1473 4795 1487 4834 :
1524 4798 1553 4829 «
1578 4775 1756 4834 ludas
1782 4791 1912 4832 sus--

369 4875 600 4948 picatus
626 4876 713 4931 est
738 4888 937 4944 eam,»
970 4870 1187 4928 scilicet
1201 4871 1451 4929 Thamar
1475 4886 1694 4928 nurum
1721 4884 1912 4942 suam,

380 4989 407 5023 ι
421 4967 786 5025 meretricem
801 4981 927 5024 esse
943 4968 1285 5039 :operuerat
1302 4965 1461 5023 enim
1470 4964 1701 5022 vultum
1716 4979 1912 5035 suum,

373 5079 449 5120 ne
486 5064 963 5134 cognosceretur.
1003 5078 1032 5114 »
1077 5061 1207 5116 llaec
1242 5058 1499 5134 suspicio
1540 5057 1917 5132 aliquatenus

377 5158 614 5213 excusat
646 5153 813 5211 illam
840 5150 1311 5211 commistionem
1327 5194 1346 5224 ,
1375 5151 1595 5210 seilicet
1628 5153 1918 5225 quantum

377 5247 458 5307 ad
483 5247 808 5319 incestum,
838 5262 966 5305 non
993 5241 1282 5321 quantum
1317 5245 1398 5304 ad
1441 5245 1915 5310 fornicationem.

448 5374 465 5407 ¹
505 5375 547 5425 11
590 5374 728 5439 neq„
770 5384 896 5438 1111,
946 5374 1024 5423 13.
1063 5396 1118 5409 -
1166 5370 1185 5401 ²
1225 5371 1343 5433 Isca,
1379 5382 1500 5436 ην,
1540 5373 1589 5423 8.
1627 5396 1690 5410 -
1730 5372 1749 5403 ³
1780 5371 1918 5424 Psal.

382 5456 568 5509 uvm,
602 5449 647 5496 8.
680 5471 741 5483 -
764 5445 784 5476 ⁴
814 5447 855 5497 ll
884 5444 1069 5508 flach„
1101 5456 1152 5507 v,
1180 5447 1258 5494 11.
1286 5467 1349 5483 ·-
1374 5444 1397 5480 ⁸
1424 5443 1565 5507 Gen„
1593 5456 1814 5508 xxxvut,
1840 5447 1917 5495 15.

3434 500 3545 559 371

2005 633 2083 688 De
2111 630 2281 688 tertio
2309 628 2330 664 ⁸
2363 647 2377 687 ε
2414 651 2445 685 ι
2473 628 2626 687 Dixit
2650 643 2755 686 rex
2783 626 2960 685 lsrael
2988 626 3069 685 ad
3095 627 3376 703 Josaphat
3406 645 3421 684 t
3451 630 3553 687 Su-

2003 741 2103 783 me
2147 740 2343 798 arma,
2386 727 2443 782 et
2490 720 2802 796 ingredere
2842 719 3114 794 praelium
3132 763 3152 792 ,
3202 726 3259 780 et
3301 721 3551 781 induere

2004 819 2268 878 vestibus
2288 818 2455 876 meis.
2478 820 2661 875 Porro
2680 831 2785 874 rex
2807 813 2985 872 lsrael
3003 814 3254 873 mutavit
3279 815 3550 874 habitum

2006 930 2219 987 suum,
2248 918 2305 972 et
2331 914 2628 987 ingressus
2654 914 2743 969 est
2767 909 3018 968 bellum.
3057 913 3182 968 Rex
3220 916 3419 969 autem
3448 913 3551 985 Sy-

2004 1007 2109 1067 riae
2156 1011 2514 1083 proeceperat
2554 1005 2925 1081 principibus
2987 1020 3274 1062 curruum
3317 1004 3554 1078 triginta

2007 1101 2248 1161 duobus
2267 1147 2284 1169 ,
2316 1102 2518 1160 dicens
2544 1119 2559 1158 ε
2591 1103 2720 1159 Non
2752 1096 3096 1173 pugnabitis
3134 1102 3341 1158 contra
3367 1099 3553 1173 majo-

2004 1212 2134 1255 rem
2162 1201 2219 1254 et
2242 1195 2538 1254 minorem
2558 1194 2904 1269 quempiam
2921 1234 2944 1263 ,
2967 1192 3082 1251 nisi
3112 1196 3320 1251 contra
3347 1208 3555 1266 regem

2005 1290 2184 1350 lsrael
2209 1289 2424 1348 solum.
2455 1291 2604 1348 Cum
2630 1304 2772 1361 ergo
2792 1286 3076 1345 vidissent
3094 1286 3393 1361 principes
3420 1302 3553 1346 cur-

2004 1398 2184 1443 ruum
2207 1384 2518 1459 Josapbat,
2546 1381 2823 1457 suspicati
2850 1385 3019 1454 sunt,
3044 1380 3216 1456 quod
3243 1381 3371 1455 ipse
3401 1385 3557 1439 esset

2004 1493 2113 1538 rex
2137 1479 2341 1551 Israel,
2370 1500 2398 1531 υ
2431 1481 2540 1536 etc.
2571 1479 2685 1535 Ista
2710 1476 2820 1534 fuit
2860 1475 3119 1550 suspicio
3157 1474 3459 1546 violenta,
3487 1474 3552 1531 id

2008 1575 2124 1643 est,
2150 1588 2272 1645 qua
2295 1570 2589 1646 principes
2619 1569 2875 1629 excusati
2897 1569 3174 1639 tuissent,
3200 1569 3248 1626 si
3274 1568 3555 1642 Josaphat

2009 1665 2381 1725 occidissent.

2488 1807 2770 1863 Articulus
2805 1808 3053 1877 quartus.

2078 1951 2252 2006 Actus
2268 1947 2548 2007 bonitatis
2570 1948 2905 2019 denotatur,
2932 1962 3071 2005 cum
3099 1945 3549 2020 superadditur:

2010 2042 2156 2111 Quia
2167 2042 2384 2114 jndicio
2411 2046 2506 2100 tua
2520 2042 2787 2114 jncunda.
2811 2041 3009 2114 Plane,
3028 2041 3179 2100 sicut
3204 2040 3554 2115 praedictum

2008 2145 2115 2212 est,
2144 2140 2423 2199 bonitatis
2445 2144 2609 2199 actus
2637 2143 2727 2198 est
2752 2140 2986 2199 bonum
3014 2142 3290 2214 reputare
3320 2156 3334 2196 z
3365 2138 3440 2197 de
3462 2140 3554 2197 his

2008 2234 2168 2293 enim
2186 2277 2207 2308 ,
2236 2251 2371 2309 quae
2410 2234 2573 2293 hona
2601 2238 2979 2309 reputamus,
3024 2232 3289 2306 jucunde
3325 2233 3555 2305 judica·

2006 2344 2160 2386 mus.
2189 2332 2358 2400 Nota,
2388 2328 2556 2403 quod
2583 2327 2864 2387 bonitatis
2888 2326 3115 2400 jndicia
3133 2330 3270 2386 sunt
3286 2326 3557 2399 jucunda

2006 2421 2222 2496 triplici
2251 2422 2326 2481 de
2349 2412 2532 2481 ‘causa
2563 2440 2579 2480 ι
2610 2422 2752 2498 quia
2777 2420 3047 2495 judicant
3072 2436 3211 2478 cum
3238 2420 3512 2496 aequitate
3533 2464 3552 2493 ,

2009 2532 2145 2575 cum
2190 2516 2470 2589 veritate,
2514 2511 2652 2575 eum
2692 2515 2990 2574 charitate.
3033 2518 3111 2574 De
3153 2514 3350 2591 primo
3396 2516 3555 2574 Psal-

2008 2612 2182 2670 mista
2234 2612 2490 2687 loquens
2544 2610 2619 2669 de
2674 2611 2924 2670 Domino
2962 2652 2982 2681 ,
3029 2609 3133 2685 qui
3182 2613 3269 2668 est
3319 2609 3556 2669 bonitas

2008 2722 2280 2779 summa,
2330 2706 2414 2764 sic
2462 2705 2542 2764 ait
2562 2707 2585 2742 ⁷
2615 2724 2630 2763 z
2666 2723 2694 2759 α
2720 2705 3022 2778 Cognovi,
3069 2704 3315 2762 Domine
3334 2746 3354 2775 ,
3405 2720 3556 2779 quo-

2008 2805 2174 2864 niam
2206 2805 2451 2879 aequitas
2490 2802 2718 2876 ,iudicia
2743 2807 2846 2862 tua
2875 2820 2937 2860 ε»
2959 2818 3093 2860 ecce
3104 2802 3395 2875 judicium
3420 2820 3557 2862 cum

2009 2900 2303 2976 oequitate.
2354 2902 2428 2956 De
2467 2897 2732 2956 secundo
2782 2896 3097 2971 Apostolus
3131 2896 3154 2933 ⁸
3186 2914 3201 2955 ε
3241 2916 3270 2951 α
3296 2896 3554 2969 Scimus,

2010 2993 2299 3069 quoniam
2311 2992 2608 3066 jndicium
2620 2990 2723 3050 Dei
2739 2995 2826 3050 est
2837 2991 3166 3049 secundum
3178 2990 3509 3049 veritatem:
3522 3012 3551 3045 ι»

2010 3103 2147 3146 ecce
2189 3086 2483 3162 judicium
2512 3102 2647 3144 cum
2693 3085 2955 3144 veritate.
2999 3087 3078 3143 De
3104 3084 3275 3144 tertio
3301 3083 3325 3117 ⁹
3352 3103 3368 3142 ε
3405 3105 3435 3139 α
3461 3087 3558 3143 Vae

2010 3181 2187 3241 vobis
2224 3181 2531 3241 Pharisoeis
2549 3224 2570 3255 ‚
2622 3181 2728 3256 qui
2774 3180 3078 3238 decimatis
3114 3179 3454 3252 mentham,
3500 3183 3560 3238 et

2010 3281 2236 3349 rutam,
2258 3280 2315 3334 et
2336 3292 2513 3336 omne
2542 3274 2713 3348 olus;
2743 3279 2802 3333 et
2817 3274 3120 3348 praeteritis
3139 3273 3469 3347 judicium,
3500 3276 3558 3331 et

2013 3370 2355 3430 charitatem
2378 3371 2515 3429 Dei:
2545 3390 2574 3426 »
2608 3385 2743 3428 ecce
2767 3368 3063 3443 judicium
3090 3385 3228 3428 cum
3253 3367 3552 3428 charitate.

2654 3531 2911 3598 Epilogus.

2086 3657 2155 3712 Et
2177 3655 2293 3713 hoe
2319 3658 2405 3711 est
2434 3651 2604 3727 quod
2631 3651 2712 3711 ait
2738 3652 3032 3727 Propheta
3055 3654 3119 3709 in
3144 3668 3412 3726 personae
3437 3653 3558 3712 for-

2015 3748 2326 3807 midolosae
2363 3747 2557 3820 figura
2587 3764 2603 3803 ε
2632 3749 2910 3820 Amputa,
2938 3749 3226 3819 quantum
3252 3745 3333 3804 ad
3359 3751 3556 3806 actum

2012 3843 2273 3902 veritatis
2292 3886 2312 3916 ,
2360 3842 2528 3915 cujus
2572 3846 2660 3900 est
2698 3840 2916 3899 falsum
2954 3843 3296 3915 amputare3
3342 3842 3555 3915 oppro-

2017 3938 2194 3996 briam
2214 3979 2232 4006 ,
2263 3938 2552 4011 quantum
2596 3934 2676 3993 ad
2706 3938 2904 3992 actum
2947 3934 3185 3992 malitiae
3205 3977 3225 4005 ,
3270 3936 3361 4007 cuj
3370 3951 3438 3992 us
3473 3939 3559 3994 est

2014 4030 2244 4090 malum
2267 4034 2508 4105 putare3
2552 4029 2706 4097 Quod
2739 4031 3046 4101 suspicatus
3072 4043 3228 4099 sum,
3268 4030 3559 4102 quantum

2016 4126 2098 4185 ad
2126 4130 2323 4184 actum
2346 4123 2611 4182 falsitatis
2629 4164 2648 4194 ,
2678 4122 2846 4194 quus
2871 4125 2958 4179 est
2983 4120 3200 4179 falsum
3226 4121 3553 4197 imputare3

2019 4219 2166 4288 Quia
2194 4219 2416 4291 ‚iudicia
2443 4226 2556 4286 ,tua
2588 4217 2872 4289 jucunda,
2919 4219 3209 4290 quantum
3243 4217 3324 4276 ad
3362 4221 3560 4275 actum

2016 4313 2327 4386 bonitatiS,
2354 4312 2520 4385 cuius
2546 4314 2633 4369 est
2655 4311 2885 4369 honum
2906 4315 3206 4384 reputare3
3235 4327 3304 4369 ac
3331 4311 3381 4368 si
3410 4310 3564 4368 dice·

2019 4408 2180 4463 retur
2206 4410 2406 4480 aperte
2438 4423 2453 4462 τ
2483 4406 2738 4479 Amputa
2763 4402 2981 4460 falsum
2998 4446 3018 4473 ,
3046 4403 3215 4478 quod
3239 4403 3565 4478 imputave-

2019 4512 2187 4572 ram,
2229 4501 2296 4557 ut
2332 4498 2564 4557 bonum
2589 4501 2888 4572 reputem,
2926 4512 3107 4570 quem
3135 4496 3365 4556 malum
3391 4499 3563 4569 puta-

2018 4608 2245 4652 veram.

2547 4732 2877 4777 vaustcums
2912 4733 3033 4777 vm.

2097 4876 2188 4932 40.
2206 4876 2338 4932 Ecce
2356 4877 2656 4947 concupivi,
2679 4877 2788 4933 etc.
2809 4875 2964 4934 Sicut
2979 4873 3252 4932 homines
3280 4870 3566 4930 animales

2023 4971 2304 5027 verentur
2347 4967 2790 5026 observationes
2816 4968 3046 5042 ,legales
3063 5010 3084 5039 ,
3127 4982 3203 5026 ne
3243 4964 3571 5023 reddantur

2026 5060 2225 5118 minus
2250 5060 2663 5132 honorabiles,
2690 5060 2991 5133 affabiles,
3019 5059 3341 5132 amabiles,
3369 5063 3435 5116 ut
3457 5074 3567 5134 pa·

2026 5152 2136 5211 tuit
2163 5169 2272 5227 per
2305 5157 2422 5212 tres
2456 5153 2784 5213 versiculos
2821 5155 3249 5230 proecedentes3
3278 5154 3362 5211 sic
3400 5157 3458 5212 et
3492 5169 3569 5211 ne

2027 5245 2158 5338 sint·
2172 5246 2370 5305 minus
2396 5246 2757 5307 favorabiles
2802 5248 2865 5306 in
2908 5248 3165 5324 propriis
3213 5247 3569 5308 necessitati-

2029 5397 2092 5413 —
2143 5374 2165 5405 ⁸
2214 5374 2279 5424 ιιι
2318 5373 2457 5439 aeq..
2495 5385 2636 5440 xxn,
2670 5376 2838 5426 30-32.
2882 5400 2942 5413 -
2979 5375 3003 5413 τ
3040 5374 3176 5427 Ρεαι.
3215 5351 3344 5439 ιἰοα,
3391 5377 3470 5428 75.
3514 5400 3575 5413 -

2032 5445 2054 5479 ⁸
2082 5445 2241 5510 Rom„
2271 5457 2333 5512 11,
2360 5450 2407 5498 2.
2432 5473 2496 5486 —
2522 5449 2541 5478 ⁰
2569 5448 2708 5511 Luc„
2733 5459 2807 5509 ¹1,
2843 5450 2994 5500 42.—
3023 5448 3092 5512 (a)
3114 5449 3228 5514 Leq.
3252 5448 3361 5514 qui.
