4196 6294
71 1436 290 1481 mandata

1602 440 1963 512 PSALMUS
2007 439 2205 506 cxix.

312 580 409 673 hic
438 581 716 656 quaeritur
751 595 932 655 pecus
970 581 1279 654 mysticum
1308 581 1396 654 ⁸ad
1428 580 1695 656 supernis
1724 594 1851 653 gre·

313 674 487 747 gibus
515 677 979 749 aggregandum.

800 836 1090 894 Articulus
1126 841 1372 910 quartus.

386 962 542 1035 Opus
571 960 935 1018 meritorium
963 961 1252 1036 aequitatis
1281 959 1546 1030 asseruit,
1575 957 1854 1032 superad-

309 1053 517 1126 jiciens
550 1054 729 1122 :Quia
755 1055 1017 1112 mandata
1043 1060 1138 1112 tua
1165 1071 1271 1112 non
1297 1070 1414 1111 sum
1441 1054 1672 1118 oblitus,-
1699 1066 1854 1125 quo-

314 1147 478 1206 niam
502 1151 664 1205 aetus
689 1146 978 1221 aequitatis
1003 1148 1318 1207 mandatus
1346 1150 1431 1205 est
1457 1146 1520 1204 in
1536 1144 1851 1204 mandatis

316 1241 417 1298 Hic
457 1243 657 1298 autem
704 1243 867 1298 actus
912 1257 1037 1300 non
1079 1241 1189 1299 fuit
1234 1239 1526 1300 oblivioni
1570 1238 1816 1298 traditus
1834 1280 1854 1309 ,

317 1334 458 1407 quia
502 1334 784 1392 mandata
822 1349 945 1392 non
980 1333 1089 1392 fuit
1124 1333 1359 1392 oblitus.
1388 1332 1606 1404 Quaeris
1632 1332 1858 1407 quare?

319 1431 485 1497 Pulc,
521 1426 690 1500 quod
717 1425 932 1502 triplici
960 1429 1205 1486 ratione.
1243 1431 1389 1486 Nam
1416 1427 1699 1485 mandata
1725 1429 1860 1483 sunt

316 1521 535 1580 semitoe
564 1519 912 1592 deductivae,
940 1520 1194 1579 lucernoe
1223 1520 1548 1593 directivae,
1572 1521 1769 1592 januae
1796 1519 1858 1576 in

318 1613 613 1672 coelestem
674 1613 1102 1673 beatitudinem
1157 1612 1472 1672 inductivas
1496 1635 1515 1688 ;
1572 1614 1860 1687 quoniam

319 1707 791 1783 obtemperantes
846 1706 1179 1780 deducunt,
1237 1709 1672 1767 considerantes
1726 1707 1863 1765 diri-

320 1803 496 1873 gunt,
524 1805 968 1876 perseverantes
995 1800 1305 1860 inducunt.
1336 1805 1414 1859 De
1440 1801 1636 1876 primo
1663 1799 1862 1859 scribi—

318 1898 414 1952 tur
437 1897 455 1932 ¹
475 1914 529 1952 :a
548 1895 745 1952 Deduc
759 1911 857 1953 me
883 1895 946 1953 in
966 1895 1174 1953 semita
1198 1895 1263 1952 in
1288 1894 1708 1953 mandatorum
1731 1897 1862 1953 tuo·

317 2003 486 2046 rum:
517 2008 547 2044 ιι
579 1988 676 2046 hic
698 1993 944 2063 apparet
973 1993 1205 2064 aperte,
1235 1987 1404 2062 quod
1429 1987 1703 2046 mandata
1729 1990 1865 2046 sunt

318 2082 535 2141 semitae
571 2082 918 2141 deductivae.
957 2086 1036 2141 De
1076 2083 1337 2141 secundo
1364 2084 1422 2138 ²:
1469 2101 1499 2139 α
1533 2081 1624 2140 Ad
1662 2081 1864 2139 omnia

317 2176 599 2234 mandata
632 2179 735 2235 tua
763 2176 1084 2250 dirigebar,
1111 2197 1140 2231 ιο
1178 2179 1462 2250 tanquam
1487 2175 1569 2234 ad
1596 2174 1866 2233 lucernas

320 2268 659 2337 directivas;
705 2269 847 2345 quia
869 2271 891 2305 ³
925 2289 954 2324 α
992 2270 1339 2328 mandatum
1382 2268 1626 2326 lucerna
1661 2271 1783 2339 est,
1830 2288 1858 2322 ιο

317 2362 466 2419 sicut
501 2364 782 2437 scriptum
821 2368 905 2421 est
943 2363 1276 2422 Salomonis
1324 2361 1500 2437 stylo,
1544 2362 1644 2419 Hic
1681 2361 1869 2435 liquet

318 2455 547 2527 lucide,
576 2456 744 2530 quod
776 2456 1062 2515 mandata
1094 2456 1347 2515 lucernae
1387 2460 1523 2513 sunt
1550 2454 1863 2514 directivoe.

319 2552 397 2609 De
440 2551 610 2609 tertio
637 2550 701 2608 ⁸:
740 2570 768 2604 α
804 2551 861 2610 Si
904 2551 991 2609 vis
1037 2550 1118 2609 ad
1158 2551 1344 2609 vitam
1384 2549 1650 2624 ingredi,
1698 2563 1868 2607 serva

320 2645 630 2719 mandata,
665 2666 696 2702 ιο
731 2646 900 2721 quasi
946 2645 1077 2705 coeli
1110 2647 1324 2719 januas
1371 2644 1719 2704 inductivas,
1764 2644 1866 2702 Hic

3376 451 3494 514 545

1958 577 2206 635 docetur
2233 574 2543 649 implicite,
2573 574 2741 649 quod
2768 576 3050 635 mandata
3092 583 3227 638 sunt
3251 580 3384 639 coeli
3403 581 3496 654 ia-

1961 685 2094 728 nuae
2124 668 2455 726 inductivas.

2603 821 2861 888 Epilogus.

2032 950 2436 1008 Declaraturus
2478 966 2620 1024 ergo
2679 950 3171 1028 psalmographus
3220 953 3501 1012 orationis

1962 1041 2238 1101 virtutem
2252 1085 2272 1116 ,
2313 1060 2445 1118 quae
2470 1045 2725 1117 protegit
2750 1048 3043 1103 oratorem
3058 1089 3077 1117 ,
3106 1050 3393 1122 quantum
3422 1047 3502 1105 ad

1964 1142 2196 1211 partem
2241 1136 2609 1210 inferiorem,
2655 1142 2859 1197 contra
2895 1139 3290 1198 damnationis
3333 1141 3502 1200 timo·

1964 1246 2113 1300 rem,
2145 1234 2341 1289 actum
2369 1231 2690 1306 iniquitatis
2717 1233 3038 1306 expiando,
3066 1238 3293 1292 metum
3320 1234 3504 1293 infeli-

1967 1325 2153 1384 citatis
2171 1325 2563 1398 exsufflando,
2581 1330 2880 1400 speratum
2895 1325 3179 1386 felicitatis
3194 1329 3505 1403 praemium

1966 1419 2358 1493 postuland0‚
2415 1436 2568 1495 opus
2621 1421 2907 1495 aequitatis
2950 1422 3317 1480 meritorium
3361 1421 3506 1481 alle-

1968 1513 2199 1585 gando,
2229 1513 2313 1571 sic
2344 1513 2462 1571 ait:
2505 1517 2704 1572 Erravi
2742 1520 2884 1573 sicut
2919 1518 3068 1588 ovis,
3106 1519 3393 1590 quantum
3428 1516 3508 1574 ad

1971 1611 2168 1665 actum
2195 1607 2538 1683 iniquitatis,
2558 1624 2743 1683 quam
2760 1607 2945 1666 virtus
2970 1609 3253 1668 orationis
3279 1609 3506 1684 expiat3

1973 1701 2105 1769 Quoe
2138 1706 2342 1775 periit,
2401 1705 2688 1778 quantum
2732 1702 2810 1761 ad
2864 1706 3086 1761 metum
3127 1703 3478 1762 infelicitatis
3487 1745 3507 1775 ,

1977 1811 2160 1869 quem
2196 1795 2496 1869 exsufflat3
2537 1797 2725 1864 Quoere
2757 1813 2969 1855 sewum
3009 1804 3193 1869 tumn,
3224 1801 3513 1872 quantum

1972 1889 2055 1948 ad
2079 1889 2388 1964 praemium
2416 1895 2717 1965 speratum
2750 1891 3072 1965 felicitatis,
3110 1891 3277 1966 quod
3311 1896 3512 1966 postu·

1970 1984 2084 2057 lat3
2120 1987 2265 2054 Quia
2289 1986 2549 2044 mandata
2579 1992 2675 2044 tua
2699 2003 2806 2045 non
2831 2003 2949 2046 sum
2975 1988 3196 2059 oblitus,
3225 1991 3514 2062 quantum

1973 2079 2052 2138 ad
2080 2096 2233 2154 opus
2261 2079 2548 2155 aequitatis
2574 2081 2968 2154 meritorium,
3008 2081 3178 2157 quod
3203 2081 3437 2156 allegat.

2044 2176 2113 2231 Et
2137 2174 2199 2231 in
2223 2173 2341 2232 hoc
2362 2181 2805 2234 consummatur
2829 2175 3097 2234 doctrina
3118 2175 3332 2233 Psalmi
3355 2177 3516 2232 Beati

1973 2270 2338 2340 immacutati,
2363 2268 2443 2326 ad
2472 2268 2728 2342 gloriam
2756 2270 2928 2344 Regis
2952 2269 3110 2328 beati
3130 2267 3514 2340 immaculati,

1976 2362 2111 2419 etin
2126 2362 2418 2420 honorem
2440 2362 2677 2436 Reginoe
2703 2364 2890 2422 beatas
2907 2363 3297 2423 immaculatae
3317 2382 3332 2420 ε
3351 2363 3516 2436 cujus

1977 2455 2197 2513 meritis
2226 2459 2284 2515 et
2315 2456 2591 2529 precibus
2625 2473 2739 2516 nos
2775 2457 3049 2532 dignetur
3073 2458 3283 2517 beatus
3310 2458 3368 2514 et
3400 2456 3515 2514 im-

1977 2550 2305 2608 maculatus
2341 2550 2623 2610 Dominus
2661 2551 2851 2610 beatis
2887 2556 2944 2611 et
2977 2552 3371 2611 immaculatis
3398 2551 3520 2626 spi-

1975 2643 2187 2702 ritibus
2213 2659 2558 2719 aggregare.
2589 2651 2791 2705 Amen.

593 3079 992 3152 PSALMUS
1040 3079 1307 3151 DAVID
1352 3078 1583 3149 CXIX.

405 3278 462 3335 1.
508 3272 847 3340 Canticum
874 3269 1202 3354 yraduum
1223 3268 1330 3351 (a).
1354 3267 1494 3345 Quo
1515 3266 1706 3331 modo
1720 3283 1862 3349 sep-

325 3379 495 3444 timae
525 3380 772 3445 decadis
798 3378 1044 3443 dicatur
1070 3375 1376 3442 Juhilaeus
1399 3424 1416 3455 ,
1450 3375 1519 3437 in
1556 3374 1864 3457 principio

321 3485 470 3550 libri
488 3487 509 3521 ⁵
538 3487 777 3552 dictum
798 3490 892 3551 est
900 3505 923 3568 ;
953 3490 1017 3550 et
1042 3485 1233 3549 etiam
1262 3481 1582 3566 quomodo
1600 3482 1864 3564 Septem

321 3597 526 3676 potest
551 3612 687 3660 esse
713 3594 1138 3673 accusativus,
1168 3595 1232 3656 et
1257 3591 1530 3657 dativus,
1561 3612 1596 3651 α
1619 3589 1708 3653 Da
1724 3606 1866 3671 par·

323 3704 415 3764 tes
440 3706 702 3785 septem,
732 3720 852 3766 nec
886 3719 1019 3765 non
1054 3703 1119 3765 et
1170 3703 1310 3763 octo
1329 3706 1375 3778 ⁶,
1402 3721 1432 3758 ιι
1465 3698 1531 3763 id
1571 3699 1689 3776 est,
1717 3697 1867 3763 vive

321 3809 672 3875 secundum
718 3812 1073 3890 utrumque
1123 3808 1597 3870 testamentum.
1652 3802 1814 3868 Nota
1843 3822 1862 3867 ε

323 3912 694 3991 Quindecim
718 3914 961 3996 gradus
998 3917 1180 3977 erant
1205 3913 1277 3977 in
1302 3912 1541 3996 templo
1569 3911 1821 3975 Domini
1844 3932 1862 3989 ;

322 4025 386 4085 et
413 4022 670 4103 quando
690 4021 982 4085 sacerdos
1009 4020 1383 4085 ascendebat
1409 4019 1695 4102 primum
1723 4034 1866 4098 gra·

321 4129 476 4193 dum
493 4178 514 4208 ,
586 4130 832 4194 dicebat
899 4130 1072 4193 hunc
1136 4129 1423 4211 primum
1504 4126 1860 4210 psalmum3

323 4237 580 4319 quando
592 4237 965 4302 ascendebat
982 4236 1359 4315 secundum,
1376 4235 1623 4300 dicebat
1649 4251 1867 4298 secun-

322 4344 502 4426 dum,
533 4352 597 4410 et
625 4346 717 4410 sic
742 4346 811 4410 in
838 4345 1232 4411 ascendendo
1258 4344 1505 4408 dicebat
1530 4343 1649 4407 hos
1674 4342 1866 4424 quiu-

323 4452 532 4518 decim
568 4453 871 4537 psalmos.
922 4453 1070 4519 Ideo
1109 4451 1482 4535 hujusmodi
1512 4448 1742 4533 psalmi
1770 4449 1866 4512 di-

324 4566 557 4627 cuntur
582 4560 825 4626 cantica
843 4561 1192 4642 graduum,
1211 4557 1465 4623 Glossa:
1506 4579 1538 4618 α
1565 4555 1866 4624 varietate

325 4688 544 4735 rerum
571 4670 775 4735 unita.
810 4692 842 4731 n
877 4668 1147 4747 Quidam
1177 4668 1497 4734 uniuntur
1536 4667 1606 4729 in
1633 4681 1862 4745 unum,

324 4778 430 4844 alii
455 4797 570 4863 per
612 4796 818 4842 unum
843 4827 860 4859 ,
896 4778 1004 4841 alii
1044 4777 1125 4841 ad
1163 4793 1393 4841 unum.
1427 4774 1514 4839 De
1553 4773 1763 4857 primo
1790 4772 1812 4807 ⁷
1846 4794 1862 4838 ι

328 4910 359 4948 α
371 4892 521 4951 Ecce
536 4904 733 4971 quam
746 4886 1012 4964 honum,
1026 4889 1090 4948 et
1103 4882 1690 4968 quamjucundum,
1701 4901 1732 4940 ιο
1742 4883 1863 4946 etc.

327 4994 414 5060 De
441 4995 717 5062 secundo
746 5017 762 5060 ι
801 5017 833 5055 «
861 4993 984 5060 Per
1018 4994 1390 5058 charitatem
1432 4992 1746 5058 uniuntur
1788 4992 1868 5055 fi-

328 5103 497 5169 deles
533 5123 552 5169 :
584 5125 616 5164 ιο
652 5121 805 5168 nam
846 5103 970 5168 hoc
1009 5102 1236 5184 gluten
1270 5105 1364 5166 est
1401 5098 1833 5165 indissolubile
1846 5148 1863 5178 ,

395 5303 409 5332 ⁸
439 5300 577 5352 Psal.
603 5301 723 5366 hoc,
751 5302 831 5352 35.
859 5326 923 5336 -
946 5299 1120 5361 ²1hid,
1148 5300 1256 5349 128.
1281 5324 1343 5335 —
1368 5299 1386 5328 ³
1405 5298 1570 5360 Prov„
1601 5310 1670 5361 vi,
1695 5300 1778 5348 23.
1802 5323 1866 5336 —

333 5372 358 5406 δ
378 5373 587 5435 Martii„
613 5385 723 5436 xix,
754 5373 894 5422 sl.—
921 5372 944 5407 ὅ
970 5373 1151 5435 Supra,
1181 5369 1333 5433 Proes.
1373 5374 1428 5418 in
1455 5369 1637 5433 Psalt„
1665 5383 1718 5432 p.
1749 5371 1866 5433 157,

334 5469 396 5482 —
420 5445 440 5476 ⁸
467 5445 647 5506 Eccle„
676 5455 750 5508 xi,
777 5445 824 5495 2.
854 5469 915 5480 —
939 5443 962 5479 ‘¹
990 5442 1126 5494 Psal.
1161 5453 1361 5506 cxxxii,
1388 5445 1434 5492 l.

612 5550 762 5598 Tou.
805 5551 895 5598 tx.

1973 3072 2104 3136 quo
2126 3052 2308 3118 linita
2333 3055 2482 3118 sunt
2506 3053 2689 3134 ligna
2715 3070 2904 3118 arcae.
2927 3054 3015 3118 De
3037 3055 3223 3120 tertio
3257 3076 3272 3119 ε
3304 3078 3335 3115 α
3352 3054 3513 3119 Nam

1975 3161 2242 3226 unimur
2268 3162 2349 3227 ad
2375 3161 2717 3242 Christum,
2749 3163 2830 3228 ad
2853 3181 3048 3245 quem
3082 3181 3276 3247 opera
3295 3168 3514 3229 nostra

1975 3270 2207 3335 debent
2233 3270 2573 3337 convenire
2603 3292 2619 3334 ε
2643 3293 2674 3330 ιι
2710 3271 2880 3336 unde
2903 3290 3051 3336 arca
3073 3275 3515 3338 consummata

1976 3382 2071 3441 est
2088 3377 2155 3440 in
2183 3377 2420 3442 cubito.
2450 3375 2578 3442 Nos
2613 3376 3007 3443 celebramus
3032 3384 3284 3447 octavas
3316 3379 3513 3444 Sanc·
3544 3416 3672 3460 mm,
3686 3428 3756 3459 ω.

1976 3486 2190 3548 torum
2212 3531 2233 3563 ,
2262 3485 2416 3567 quia
2449 3487 2742 3549 octavam
2756 3534 2777 3565 ,
2826 3486 3063 3551 scilicet
3100 3488 3511 3553 resurrectio·
3541 3479 3762 3525 ‘mmm‘

1976 3609 2127 3655 nem
2155 3594 2590 3674 expectamus,
2639 3591 2818 3657 Unde
2861 3598 3116 3662 octavas
3158 3594 3408 3661 Domini
3448 3596 3515 3660 in

1974 3698 2480 3765 solemnitatibus
2520 3718 2654 3764 non
2694 3701 3110 3768 observamus
3127 3752 3145 3784 ,
3179 3706 3334 3787 quia
3375 3707 3517 3788 ejus

1975 3806 2506 3871 resurrectionem
2532 3825 2664 3872 non
2691 3814 3100 3893 expectamus
3122 3832 3141 3892 ;
3165 3815 3305 3895 jam
3338 3815 3516 3878 enim

1976 3916 2354 3980 resurrexit.
2374 3915 2515 3982 Non
2544 3917 2717 3981 enim
2742 3916 2962 3983 Natale
2979 3918 3172 4009 habet
3197 3924 3509 3999 octavam,

1977 4023 2112 4087 imo
2128 4023 2450 4105 quoddam
2476 4023 2708 4089 festum
2729 4044 2842 4108 per
2868 4044 2936 4090 se
2962 4026 3510 4107 circumcisionis3

1976 4146 2093 4194 nec
2120 4127 2384 4211 Pascha,
2405 4149 2557 4195 nam
2576 4135 2800 4196 octavo
2832 4132 2933 4197 die
2961 4135 3245 4199 canitur:
3272 4159 3303 4196 α
3323 4134 3515 4213 Quasi

1976 4237 2166 4302 modo
2196 4238 2434 4320 geniti;
2464 4259 2496 4298 n
2517 4238 2676 4303 etin
2702 4243 2928 4304 octava
2968 4239 3367 4307 Pentecostes
3384 4291 3402 4322 ‚
3435 4243 3515 4307 de

1976 4349 2195 4409 sancta
2221 4344 2547 4412 Trinitate.
2579 4345 2759 4424 Quod
2786 4352 3002 4413 autem
3031 4350 3103 4414 in
3128 4351 3514 4434 quibusdam

1975 4452 2253 4518 ecclesiis
2286 4454 2451 4518 flunt
2480 4458 2723 4520 octavae
2741 4455 2811 4519 in
2829 4455 3092 4537 Pascha,
3118 4461 3183 4522 et
3205 4475 3337 4524 non
3362 4476 3515 4523 can-

1975 4561 2147 4624 tatur
2171 4582 2186 4623 :
2221 4583 2253 4621 α
2276 4560 2467 4639 Quasi
2486 4562 2676 4627 modo
2695 4564 2955 4644 geniti,u
2980 4565 3092 4629 sed
3108 4564 3186 4629 de
3202 4583 3516 4630 resurrec-

1975 4666 2186 4745 tione;
2219 4667 2298 4732 de
2322 4668 2445 4732 hoc
2471 4668 2779 4750 dicimus,
2809 4671 2982 4753 quod
3012 4674 3253 4738 octavae
3287 4672 3514 4738 Christi

1974 4778 2244 4857 possunt
2267 4775 2612 4856 observari,
2639 4778 2791 4859 quia
2812 4779 2868 4859 ej
2880 4796 2954 4842 us
2973 4784 3260 4847 octavam
3294 4798 3517 4864 expec-

1975 4889 2220 4963 tamus,
2254 4887 2326 4948 ut
2365 4887 2668 4965 resurgat
2710 4885 2780 4948 in
2818 4885 3027 4966 nobis,
3056 4905 3188 4952 non
3216 4889 3286 4952 in
3313 4906 3418 4969 se;
3448 4890 3516 4953 in

1975 4990 2317 5070 membris,
2360 5008 2491 5055 non
2547 4991 2616 5057 in
2676 4994 2901 5077 capite.
2954 4994 3223 5072 Quidam
3280 4997 3518 5063 cadunt
3584 5038 3751 5083 cm„

1973 5100 2231 5179 propter
2265 5097 2704 5164 infirmitatem
2724 5102 3000 5184 pedum;
3042 5104 3304 5188 quidam
3330 5126 3516 5192 prop-
3541 5101 3749 5208 32¹2&

1973 5209 2071 5270 ter
2107 5204 2366 5309 alterius
2409 5207 2892 5290 impulsionem;
2943 5211 3204 5295 quidam
3258 5221 3515 5299 propter

1974 5312 2289 5394 tenebras,
2313 5313 2375 5378 id
2406 5318 2522 5392 est,
2554 5320 2810 5400 propter
2854 5318 3321 5405 ignorantiam3
3364 5326 3514 5408 qui-

2041 5441 2105 5505 (α)
2138 5441 2217 5491 ΑΙ.
2245 5441 2329 5491 Ad
2355 5442 2637 5505 Dominum,
2666 5457 2777 5492 cum
2806 5444 3100 5511 tribularer,
3131 5448 3362 5503 clamavi.

3156 5546 3234 5606 35
