4196 6294
1615 457 1872 534 CAPUT
1912 468 2042 534 vll.

242 600 428 667 debet
466 618 755 685 quaerere
797 618 915 667 nec
962 604 1361 670 considerare
1408 603 1644 670 altiora·
1678 621 1774 670 se-

241 709 524 773 cundum
568 709 1018 789 substantiam,
1063 711 1174 776 sed
1208 712 1379 794 quod
1420 730 1552 777 non
1591 711 1776 777 debet

240 816 635 882 considerare
661 835 774 896 ea,
802 835 951 900 quae
977 819 1292 885 excedunt
1325 839 1460 886 suae
1487 820 1771 886 conside-

239 923 504 988 rationis
534 924 1042 1010 possibilitatem3
1075 927 1372 1010 objicitur
1397 933 1552 993 tunc
1567 977 1589 1008 ,
1622 926 1775 1011 quia

239 1030 476 1110 omnia,
509 1049 655 1114 quae
684 1035 834 1097 sunt
859 1033 1039 1113 fidei,
1069 1040 1223 1099 sunt
1260 1053 1454 1119 supra
1478 1039 1773 1101 nostrum

240 1138 629 1205 intellectum
661 1162 676 1206 ε
708 1158 871 1222 ergo
898 1143 1253 1208 secundum
1279 1144 1404 1208 hoc
1432 1160 1565 1208 non
1589 1143 1775 1208 debet

139 1286 152 1293 ,
236 1245 590 1311 intellectus
615 1252 833 1312 noster
869 1249 1116 1331 erigere
1157 1270 1226 1316 se
1267 1251 1344 1316 ad
1387 1250 1771 1316 credendum

236 1370 335 1432 ea,
358 1369 504 1435 quae
525 1356 676 1416 sunt
697 1353 865 1419 fidei.
900 1353 1078 1435 Item,
1102 1360 1255 1420 tunc
1277 1356 1559 1429 maxime
1584 1360 1774 1421 erunt

235 1460 759 1542 reprehensibiles
778 1511 796 1543 ,
845 1464 958 1546 qui
1005 1463 1306 1529 articulos
1346 1465 1492 1530 fidei
1545 1465 1772 1531 volunt

236 1568 587 1634 discutere:
623 1588 784 1652 ergo
816 1588 1037 1636 omnes
1068 1572 1628 1655 reprehensibileS,
1658 1574 1770 1656 qui

237 1675 559 1758 disputant
620 1677 699 1741 de
760 1678 907 1743 fide.
965 1678 1331 1762 Respondeo
1395 1680 1731 1745 dicendum
1750 1730 1768 1761 ,

237 1785 407 1866 quod
449 1785 733 1852 facienda
770 1790 866 1850 est
910 1786 1009 1851 vis
1048 1788 1113 1851 in
1155 1788 1309 1867 hoc,
1353 1788 1524 1871 quod
1560 1788 1711 1852 dicit
1750 1811 1765 1852 :

235 1892 489 1976 Majora
522 1908 622 1962 se,-
658 1897 722 1957 et
757 1892 826 1956 in
863 1893 987 1958 hoc
1031 1895 1202 1977 quod
1238 1894 1386 1959 dicit
1426 1914 1444 1959 ε
1489 1896 1773 1968 Quoerere

237 2000 485 2083 majora
511 2016 577 2067 se
592 2049 611 2081 ‚
638 2004 823 2065 vocat
847 2000 954 2066 illa
990 2020 1137 2084 quae
1173 2007 1457 2066 nostram
1496 2003 1772 2068 conside-

235 2108 549 2173 rationem
575 2109 912 2188 excedunt,
942 2111 1294 2176 secundum
1320 2111 1444 2175 hoc
1470 2112 1640 2195 quod
1667 2128 1774 2175 ex-

236 2216 468 2281 cedunt
498 2238 514 2281 t
555 2217 839 2291 Qum-ere
867 2224 1050 2284 vocat
1091 2219 1416 2303 inquirere
1432 2268 1447 2299 ‚
1479 2222 1543 2284 et
1567 2220 1772 2285 discu-

236 2326 368 2389 tere
387 2346 403 2401 ;
437 2325 618 2405 quasi
641 2325 830 2405 dicat,
858 2327 1032 2409 quod
1054 2327 1324 2392 stultum
1346 2332 1444 2392 est
1464 2326 1771 2409 indagare

235 2430 399 2495 velle
428 2431 559 2511 illa,
592 2432 673 2497 ad
704 2451 850 2516 quae
878 2438 1095 2499 nostra
1122 2434 1448 2517 inquisitio
1475 2452 1607 2499 non
1632 2453 1774 2517 per-

235 2536 471 2617 tingit,
506 2544 818 2621 quantum
848 2540 930 2605 ad
959 2559 1056 2618 ea,
1093 2540 1175 2625 (α)
1207 2559 1356 2625 quae
1383 2560 1516 2607 non
1537 2543 1774 2608 sufficit

232 2650 450 2710 nostra
475 2648 907 2713 consideratio,
941 2648 1102 2714 Nam
1127 2651 1253 2715 alia
1280 2656 1459 2729 sunt,
1491 2671 1636 2735 quae
1663 2671 1772 2717 no-

232 2751 332 2816 bis
359 2757 510 2817 sunt
545 2755 882 2821 manifesta
919 2757 998 2822 de
1033 2756 1191 2837 Deo;
1225 2762 1288 2822 et
1314 2758 1422 2822 illa
1454 2776 1588 2825 non
1623 2764 1772 2825 sunt

232 2861 358 2941 mai
365 2878 478 2924 ora
502 2861 690 2926 nobis
720 2881 737 2925 :
782 2864 954 2929 unde
987 2882 1115 2930 non
1154 2866 1525 2931 dehortatur
1562 2867 1772 2932 consi-

232 2964 456 3031 derare
484 2966 708 3033 Deum.

311 3072 496 3152 Quod
541 3075 840 3160 objicitur
885 3078 963 3143 de
1006 3080 1165 3161 fide,
1211 3082 1547 3147 dicendum
1598 3084 1770 3168 quod

232 3182 366 3265 ipse
409 3202 539 3249 non
581 3185 898 3253 dissuadet
952 3190 1204 3255 credere
1218 3240 1238 3271 ,
1290 3193 1401 3257 sed
1455 3211 1766 3276 quaerere.

29 3320 141 3370 oum
231 3288 568 3374 Praeterea,
597 3294 711 3358 etsi
739 3312 838 3373 ea,
863 3315 1011 3379 quae
1035 3302 1187 3363 sunt
1207 3299 1378 3376 fidei,
1401 3304 1551 3365 sunt
1576 3319 1770 3384 supra

3 3380 201 3424 untfldei

0 3455 6 3496 [
10 3455 197 3485 ooooo
229 3403 524 3466 nostrum
578 3401 968 3470 intellectum
1026 3424 1140 3488 per
1189 3425 1257 3471 se
1301 3407 1587 3488 nudum;
1639 3427 1771 3474 non

0 3507 36 3548 10
65 3505 198 3547 ³⁰⁶⁸·
228 3508 445 3571 tamen
491 3513 640 3574 sunt
688 3529 884 3594 supra
928 3512 1316 3579 intellectum
1365 3516 1578 3596 gratia
1622 3517 1771 3581 fidei

0 3567 169 3622 ganda.

226 3611 623 3680 illustratum
658 3639 672 3681 ε
705 3619 877 3684 unde
901 3638 1189 3703 quaerere
1218 3620 1358 3701 illa,
1389 3625 1453 3686 et
1489 3622 1764 3704 credere,

227 3722 298 3782 et
322 3720 631 3802 indagare
659 3743 866 3808 usque
901 3727 982 3792 ad
1019 3727 1172 3793 illud
1214 3729 1296 3793 ad
1336 3730 1501 3811 quod
1550 3741 1636 3794 se·
1655 3750 1767 3796 ex-

227 3827 434 3892 tendit
472 3828 695 3894 lumen
731 3832 908 3912 fidei,
946 3852 1076 3899 non
1108 3840 1297 3900 estse
1323 3838 1661 3903 extendere
1690 3840 1772 3905 ad

226 3937 510 4018 majora3
543 3941 607 4002 et
632 3938 723 4003 sic
752 3941 960 4004 omnis
987 3942 1329 4025 disputatio
1360 3945 1571 4010 sobria
1597 3946 1765 4029 ipso-

226 4063 379 4111 rum
407 4043 822 4113 articulorum
856 4068 873 4112 :
903 4049 955 4114 si
983 4054 1198 4115 autem
1225 4053 1507 4133 excedat,
1538 4054 1664 4118 nisi
1689 4056 1771 4121 sit

226 4173 269 4219 a
325 4155 452 4220 Deo
469 4205 490 4235 ‚
548 4155 639 4220 sic
692 4161 787 4221 est
852 4158 1385 4240 reprehensibilis.
1445 4160 1770 4239 Quaeritur

227 4262 424 4327 etiam
453 4262 531 4327 de
569 4263 724 4342 hoc,
764 4264 938 4346 quod
978 4265 1126 4330 dicit
1166 4289 1181 4329 :
1235 4268 1390 4344 Quis
1430 4273 1663 4351 poterit
1707 4274 1771 4338 ei

230 4369 560 4450 indicare,
587 4371 752 4454 quid
773 4377 919 4454 post
950 4387 1094 4438 eum
1119 4381 1458 4443 vernarum
1490 4378 1604 4444 sub
1641 4380 1768 4447 sole

228 4480 323 4545 sit
342 4481 375 4543 P
401 4479 630 4544 Contra
658 4479 677 4513 ¹
713 4499 728 4540 ε
762 4478 832 4543 ln
859 4479 1075 4544 anima
1101 4485 1318 4547 nostra
1345 4486 1439 4547 est
1462 4488 1764 4569 potentia,

226 4601 378 4665 quae
421 4588 516 4649 est
556 4584 773 4650 omnia
805 4587 975 4667 fleri,
1008 4591 1073 4653 et
1107 4590 1325 4655 omnia
1359 4591 1562 4658 facere
1601 4615 1616 4657 t
1659 4596 1767 4660 sed

225 4691 544 4776 possibilis
586 4697 791 4775 potest
828 4712 967 4766 esse
1012 4714 1081 4760 se
1126 4697 1201 4779 (b)
1233 4699 1509 4783 recipere
1552 4703 1769 4767 omnia

221 4797 591 4883 praesentia,
611 4800 831 4865 omnia
845 4804 1186 4885 praeterita‚
1211 4809 1274 4870 et
1286 4807 1504 4872 omnia
1516 4808 1761 4874 futura:

221 4923 393 4987 ergo
435 4907 486 4969 si
527 4924 727 4988 agens
755 4912 957 4991 potest
984 4912 1282 4978 reducere
1311 4914 1522 4997 ipsum
1551 4916 1631 4980 ad
1658 4934 1762 4981 ac-

221 5021 394 5094 tum,
412 5031 573 5096 ergo
592 5033 721 5080 non
741 5019 815 5097 (c)
836 5023 1039 5099 potest
1062 5038 1176 5102 per
1193 5022 1473 5105 seipsum
1492 5042 1766 5107 cognos-

220 5140 373 5189 cere
399 5127 691 5188 ventura.
729 5122 1095 5207 Respondeo
1124 5128 1482 5210 dicendum,
1515 5132 1687 5213 quod
1712 5133 1767 5197 si

220 5248 434 5314 agens
459 5232 655 5315 possit
678 5232 1066 5314 abstrahere,
1096 5235 1230 5301 sive
1253 5238 1528 5303 formare
1551 5240 1766 5321 cogni-

221 5341 470 5404 tionem
498 5339 565 5402 in
596 5339 917 5404 intellectu
945 5341 1225 5424 possibili
1245 5393 1261 5423 ,
1294 5348 1506 5409 tamen
1536 5364 1760 5428 opera-

299 5465 310 5495 ·
351 5461 524 5528 Arist„
564 5465 636 5514 De
674 5466 861 5527 masma,
898 5465 987 5519 lib.
1029 5469 1126 5531 m,
1165 5471 1290 5520 text.
1330 5471 1405 5522 η.
1445 5496 1506 5510 -
1541 5473 1559 5502 ²
1591 5472 1767 5535 Arist„

3300 476 3420 539 635

1881 602 1971 669 tio
1997 604 2138 686 eJus
2162 604 2500 688 dependet,
2530 610 2596 670 et
2621 625 2661 672 a
2685 606 3059 672 certitudine
3093 606 3186 673 rei
3212 611 3416 690 extra,

1881 716 1945 777 et
1982 713 2152 777 intra
2194 732 2234 777 a
2275 732 2503 794 sensu3
2547 714 2699 797 quia
2738 715 3066 780 deficiente
3108 733 3209 794 re,
3255 718 3421 800 perit

1879 820 2138 886 scientia
2155 871 2171 900 ,
2228 824 2291 885 et
2343 822 2672 886 deficiente
2726 841 2919 887 sensu
2940 870 2962 903 ,
3021 840 3271 888 necesse
3322 828 3419 889 est

1880 946 2079 993 unam
2107 928 2431 993 scientiam
2468 929 2734 994 deficere
2770 951 2785 994 ε
2817 928 2971 1013 quia
3009 947 3168 1011 ergo
3204 932 3420 996 futura

1881 1035 2314 1117 contingentia
2370 1054 2501 1099 non
2558 1040 2869 1117 generant
2927 1037 3419 1104 similitudinem

1880 1141 1978 1205 sui
2006 1142 2074 1205 in
2102 1160 2328 1222 sensu,
2359 1159 2477 1206 nec
2504 1160 2619 1225 per
2646 1161 2904 1208 causam
2930 1144 3417 1210 determinatam

1879 1247 2383 1328 antecedentem,
2416 1252 2480 1312 et
2506 1249 2643 1331 ipsa
2679 1267 2810 1314 non
2835 1250 3072 1315 habent
3097 1252 3163 1315 in
3191 1269 3259 1316 se
3285 1257 3416 1318 sta-

1879 1353 2210 1435 bilitatem,
2229 1372 2378 1437 quae
2404 1354 2688 1436 exigitur
2705 1354 2784 1419 ad
2808 1357 3257 1437 cognitionem3
3279 1357 3419 1423 ideo

1878 1461 2235 1527 intellectus
2256 1466 2488 1543 noster,
2518 1464 2630 1546 qui
2658 1469 2682 1505 ¹
2702 1464 2933 1547 accipit
2968 1483 3008 1528 a
3042 1465 3257 1544 rebus,
3289 1483 3421 1531 non

1878 1572 2083 1652 potest
2110 1586 2223 1652 per
2257 1570 2422 1635 sein
2445 1588 2669 1635 eorum
2698 1571 3131 1652 cognitionem
3160 1572 3383 1637 venire
3397 1620 3417 1651 ,

1877 1678 1953 1740 ut
1980 1694 2094 1759 per
2123 1694 2273 1741 eum
2302 1678 2580 1759 cognitio
2617 1697 2751 1743 non
2777 1679 3120 1763 dependeat
3151 1699 3185 1745 a
3202 1681 3416 1745 rebus,

1958 1789 2018 1848 2.
2041 1784 2271 1851 Melius
2287 1791 2383 1853 est
2409 1801 2636 1853 nomen
2663 1786 2914 1867 bonum,
2936 1792 3054 1852 etc.
3082 1787 3418 1872 Suprapo-

1879 1892 2009 1956 suit
2027 1892 2290 1957 modum
2311 1891 2670 1958 addiscendi
2694 1914 2711 1973 ;
2746 1894 2853 1959 hic
2865 1894 3141 1959 secundo
3159 1895 3422 1978 subjun-

1880 2000 1978 2082 git
1995 2000 2376 2066 documenta
2403 2002 2751 2085 sapientiae,
2768 2020 2886 2086 per
2910 2020 3056 2086 quae
3082 2002 3423 2069 adhibetur

1879 2107 2237 2173 remedium
2291 2112 2513 2173 contra
2574 2108 2924 2175 vanitatem
2983 2109 3288 2176 stultitiae.
3342 2110 3422 2176 Et

1879 2216 2219 2299 quoniam,
2266 2216 2429 2281 sicut
2471 2216 2705 2293 dicitur
2745 2218 2790 2297 ⁸,
2833 2241 2863 2279 a
2902 2218 3209 2300 sapientia
3241 2218 3421 2284 docet

1881 2324 2286 2389 sobrietatem
2302 2372 2320 2403 ,
2352 2324 2754 2407 prudentiam
2768 2373 2785 2405 ,
2810 2324 3161 2407 justitiam,
3189 2329 3253 2390 et
3290 2325 3422 2391 vir-

1879 2435 2119 2511 tutem,
2154 2431 2290 2498 sive
2322 2431 2798 2513 fortitudinem3
2827 2455 2858 2493 n
2896 2432 3037 2497 ideo
3064 2432 3257 2498 habet
3281 2433 3422 2499 haec

1880 2557 2030 2621 pars
2055 2543 2335 2623 quatuor
2365 2543 2574 2623 partes
2614 2559 2631 2603 ε
2670 2539 2739 2604 in
2766 2539 2974 2623 prima
3013 2540 3193 2624 ponit
3221 2541 3415 2606 docu-

1879 2651 2096 2714 menta
2116 2649 2195 2714 ad
2219 2648 2579 2713 habendam
2598 2647 2969 2713 modestiam
2986 2670 3002 2727 ;
3030 2648 3097 2714 in
3117 2649 3417 2727 secunda,

1879 2756 1960 2822 ad
1997 2757 2358 2822 habendam
2396 2756 2853 2835 constantiam,
2886 2756 2977 2820 ibi
3006 2760 3105 2838 (v.
3139 2758 3208 2834 8)
3239 2779 3256 2821 z
3292 2757 3417 2824 Ca-

1879 2865 2154 2945 lumnia,
2170 2869 2316 2943 etc.;
2340 2865 2411 2928 in
2429 2865 2634 2944 tertia,
2664 2864 2746 2929 ad
2767 2862 3121 2928 habendam
3140 2864 3418 2947 pruden-

1879 2973 2057 3052 tiam,
2070 2973 2160 3037 ibi
2177 2973 2261 3056 (v.
2285 2974 2381 3056 11)
2400 2972 2514 3037 :Ne
2524 2972 2729 3050 dicas,
2747 2970 2911 3055 quid
2920 2986 3132 3038 catcsoe
3143 2977 3256 3052 est,
3270 2976 3417 3055 etc.;

1880 3081 1949 3145 in
1969 3084 2220 3165 quarta,
2242 3081 2323 3146 ad
2349 3080 2711 3146 habendam
2729 3078 3047 3163 justitiam
3067 3078 3157 3143 ibi
3183 3079 3267 3161 (v.
3285 3080 3413 3161 wi:

1878 3192 2030 3258 Noli
2061 3206 2193 3258 esse
2216 3190 2485 3257 multum
2500 3189 2758 3271 justus,
2785 3191 2905 3253 etc.
2934 3187 3032 3254 Ad
3060 3187 3420 3255 habendam

1880 3298 2257 3364 modestiam
2299 3298 2585 3381 quinque
2624 3295 2852 3360 tribuit
2889 3295 3270 3361 documenta
3300 3318 3317 3361 ι
3349 3297 3420 3361 in

1879 3406 2087 3491 primo
2129 3407 2312 3472 docet
2347 3405 2648 3490 praeferre
2694 3404 3035 3468 honestum
3077 3405 3295 3484 suavi3
3348 3405 3419 3470 in

1879 3514 2179 3594 secund0,
2210 3513 2408 3579 vitam
2435 3513 2719 3577 futuram
2748 3511 3080 3595 praesenti3
3110 3510 3179 3574 in
3206 3512 3416 3593 tertio,

1880 3621 2289 3686 afflictionem
2316 3620 2672 3704 voluptati3
2703 3620 2772 3684 in
2806 3623 3065 3703 quarto,
3096 3619 3417 3686 tristitiam

1873 3727 2286 3811 jucunditati3
2311 3727 2382 3792 in
2408 3727 2653 3811 quinto,
2681 3726 3083 3791 severitatem
3105 3726 3413 3805 mollitiei,

1880 3836 2015 3902 sive
2053 3836 2424 3902 adulationi.
2466 3834 2654 3901 Ponit
2690 3834 2894 3916 igitur
2932 3835 3413 3914 documentum,

1879 3945 1949 4008 in
1971 3963 2105 4028 quo
2136 3944 2316 4009 docet
2341 3943 2642 4027 praeferre
2661 3942 3024 4020 honestum,
3055 3944 3284 4024 utputa
3308 3959 3419 4008 no-

1879 4070 2030 4117 men
2057 4053 2299 4117 bonum
2326 4049 2512 4115 suavi
2526 4097 2544 4126 ,
2577 4050 2806 4130 utputa
2833 4053 2930 4112 est
2962 4052 3411 4130 unguentum3

1880 4148 2024 4225 ideo
2047 4158 2199 4223 dicit
2229 4179 2245 4222 ι
2275 4157 2506 4225 Melius
2544 4159 2637 4222 est
2670 4170 2912 4233 nomen,
2939 4155 3199 4236 bonum,
3229 4156 3294 4220 id
3320 4160 3419 4222 est

1879 4269 2048 4335 bona
2074 4268 2267 4347 fama,
2305 4267 2384 4331 de
2410 4283 2540 4348 quo
2564 4263 2796 4330 dicitur
2821 4262 2845 4298 ⁴
2877 4285 2892 4326 ε
2935 4286 2966 4325 α
2991 4263 3225 4329 Curam
3251 4264 3417 4331 habe

1878 4376 1957 4442 de
1984 4374 2154 4439 bono
2180 4373 2464 4452 nomine,
2493 4372 2616 4436 hoc
2641 4370 2817 4437 enim
2842 4370 3055 4453 magis
3080 4389 3414 4455 permane-

1879 4482 1972 4546 bit
2023 4481 2139 4545 tibi
2161 4529 2180 4561 ,
2232 4498 2428 4564 quam
2479 4478 2652 4543 mille
2708 4478 2993 4544 thesauri
3041 4478 3300 4561 pretiosi
3354 4484 3419 4544 et

1878 4589 2107 4671 magni
2146 4610 2161 4653 :
2192 4610 2223 4648 n
2276 4588 2477 4666 Quam
2532 4593 2862 4670 unquenta
2905 4589 3223 4669 pretiosa,
3268 4606 3416 4672 quae

1880 4695 2115 4762 scilicet
2166 4695 2443 4761 multum
2493 4694 2816 4775 redolent,
2869 4697 3062 4778 juxta
3111 4694 3267 4760 illud
3316 4694 3339 4730 ⁸
3395 4717 3412 4760 ι

1888 4828 1919 4865 α
1937 4803 2137 4870 Maria
2158 4805 2396 4887 accepit
2413 4802 2646 4868 libram
2667 4802 2983 4885 unguenti
3006 4802 3188 4867 nardi
3209 4802 3416 4885 pistici

1877 4911 2167 4996 pretiosi,
2201 4916 2265 4976 et
2291 4912 2481 4976 unxit
2505 4910 2695 4993 pedes
2720 4910 2902 4990 Jesu,
2934 4913 2998 4974 et
3022 4910 3251 4975 domus
3292 4909 3414 4972 im-

1877 5023 2047 5105 pleta
2082 5024 2180 5084 est
2218 5038 2302 5084 ex
2341 5019 2534 5084 odore
2560 5018 2883 5100 unguenti
2914 5033 2932 5078 ι
2962 5038 2994 5077 n
3028 5018 3092 5082 et
3115 5016 3261 5081 licet
3287 5035 3415 5081 un-

1881 5130 2125 5211 guenta
2148 5126 2493 5204 redoleant,
2517 5129 2734 5191 tamen
2754 5125 3000 5191 bonum
3022 5142 3261 5191 nomen
3285 5142 3418 5189 ma-

1878 5327 2068 5379 Poster.
2095 5326 2181 5379 lib.
2213 5328 2252 5378 1.
2282 5351 2345 5364 —
2377 5326 2396 5356 ⁸
2423 5327 2563 5391 Sap„
2591 5338 2714 5387 vm,
2750 5327 2797 5378 7.
2826 5353 2889 5368 -
2922 5327 2941 5357 ⁸
2967 5325 3149 5391 Recta,
3188 5337 3305 5388 xm,
3336 5329 3414 5379 ¹5.

1880 5425 1935 5437 -
1965 5400 1988 5436 ⁸
2011 5402 2177 5462 Joan„
2205 5410 2312 5462 111,
2341 5399 2390 5448 3.
2416 5423 2480 5437 -
2500 5400 2573 5461 (α)
2600 5398 2777 5466 suppl.
2812 5399 2896 5451 ad.
2927 5425 2982 5438 -
3003 5398 3075 5464 (ὁ)
3106 5399 3223 5464 Lea.
3248 5400 3416 5463 potest

1877 5472 1934 5523 in
1960 5486 2036 5524 se.
2062 5497 2126 5510 —
2155 5473 2215 5536 (c)
2244 5468 2361 5522 Del.
2395 5482 2518 5522 non.
