4196 6294
23 2065 24 2068 =
144 2040 294 2084 Dicere

1644 463 2002 535 PSALMUS
2044 465 2191 532 clx.

314 611 379 674 et
404 607 628 673 cecidit
651 609 721 673 in
749 607 963 689 lsrael,
992 629 1023 668 a
1059 609 1125 674 id
1149 612 1276 690 est,
1306 609 1457 692 quia
1484 625 1617 672 non
1644 607 1848 671 hono·

314 716 726 782 riflcaverunt
739 766 755 797 ‚
787 717 898 782 sed
923 717 1372 782 interfecerunt
1391 717 1613 781 Deum.
1636 712 1750 781 Vel
1776 712 1855 777 de

314 823 561 888 semine
585 824 793 903 verbi,
821 824 887 889 id
915 826 1032 900 est,
1063 824 1529 907 praedicatione.

393 933 495 997 24.
521 931 681 998 Caro
709 947 849 1023 mea
874 933 1215 998 immutata
1242 937 1338 999 est
1351 935 1613 1014 propter
1629 929 1852 997 oleum.

318 1038 604 1105 Christus
650 1038 910 1105 tradidit
951 1040 1365 1123 semetipsum
1401 1052 1520 1122 pro
1563 1038 1746 1104 nobis
1785 1038 1855 1100 in

318 1150 628 1226 mortem;
676 1165 794 1212 nos
832 1150 1048 1211 autem
1090 1146 1402 1212 tradimus
1440 1146 1857 1228 nosmetipsos

319 1256 398 1321 ad
426 1258 648 1323 vitam.
684 1256 912 1325 Vivere
938 1258 1111 1324 enim
1126 1289 1134 1295 ·
1150 1258 1402 1341 incipit,
1431 1256 1686 1339 quando
1714 1254 1859 1337 quis

322 1365 542 1449 incipit
578 1368 744 1433 mori
775 1386 892 1451 pro
924 1368 1191 1432 Christo.
1225 1366 1402 1431 Unde
1443 1384 1590 1430 cum
1628 1365 1857 1428 solem-

322 1473 572 1538 nizatur
623 1475 703 1540 de
748 1479 952 1539 morte
999 1475 1269 1557 alicujus
1309 1475 1536 1553 sancti,
1583 1472 1853 1536 dicitur:

331 1604 362 1642 α
391 1579 580 1662 Deus,
616 1581 696 1665 (a)
727 1584 838 1666 qui
865 1583 960 1647 tui
987 1583 1186 1647 sancti
1212 1581 1495 1646 natalitia
1521 1580 1809 1645 colimus

628 1824 1027 1896 PSALMUS
1073 1824 1344 1894 DAVID
1390 1825 1556 1895 CIX.

405 2020 435 2077 1
450 2061 466 2077 .
488 2014 685 2081 Dixit
712 2015 1023 2082 Dominus
1045 2015 1312 2082 Domino
1332 2030 1488 2082 meo.
1512 2015 1728 2080 Dicere
1756 2012 1864 2078 Dei

98 2169 124 2206 t,
158 2105 170 2144 ¹
229 2104 295 2208 ξιξ
327 2120 544 2186 multis
591 2121 795 2186 modis
830 2123 1174 2205 accipitur:
1201 2140 1371 2187 'nam
1416 2141 1534 2206 pro
1573 2124 1864 2205 qiqnere,

97 2228 442 2345 gjgugce1-pro
467 2226 832 2310 disponere,
863 2247 981 2312 pro
1013 2230 1216 2308 facere
1229 2246 1257 2309 ;
1283 2232 1348 2293 et
1375 2229 1478 2292 his
1503 2229 1707 2293 tribus
1735 2245 1866 2291 mo·

324 2335 423 2400 dis
458 2336 802 2418 exponitur
838 2335 964 2400 hic.
1006 2335 1399 2419 Quandoque
1438 2355 1555 2420 pro
1593 2338 1861 2419 promit-

328 2448 473 2524 tere,
501 2446 577 2508 ut
601 2444 708 2508 hic
734 2445 792 2509 ¹:
834 2468 865 2505 a
891 2444 1061 2509 Dixit
1085 2444 1416 2525 DominuS,
1449 2450 1512 2508 et
1538 2446 1710 2510 stetit
1734 2444 1863 2527 spi-

324 2551 486 2617 ritus
507 2552 822 2635 procellae.
844 2573 876 2613 ιι
894 2552 1019 2618 Pro
1040 2553 1316 2621 Domino
1334 2568 1492 2631 meo,
1515 2553 1621 2618 hic
1637 2553 1869 2617 dicitur

325 2659 394 2724 in
424 2659 640 2742 glossa
666 2661 795 2727 sic:
834 2684 866 2723 α
897 2661 1019 2743 Qui
1048 2661 1356 2726 Dominus
1386 2679 1568 2727 meus
1599 2665 1726 2740 est,
1767 2679 1864 2726 se-

324 2767 606 2833 cundum
625 2769 796 2851 quod
824 2769 1043 2845 hom0,
1063 2769 1128 2833 id
1147 2773 1261 2848 est,
1290 2769 1403 2853 qui
1420 2770 1496 2853 (b)
1526 2770 1721 2834 homo
1739 2773 1863 2850 est;

323 2875 434 2940 sed
460 2893 594 2940 non
620 2894 702 2940 ex
727 2894 833 2954 ec,
872 2877 1043 2959 quod
1070 2876 1287 2941 homo.
1318 2899 1350 2936 ι)
1390 2876 1513 2941 Sed
1538 2895 1752 2941 nonne
1775 2881 1870 2942 est

321 2988 515 3067 caput
531 2983 1221 3070 Ecclesiae,·secundum
1245 2987 1416 3069 quod
1438 2986 1676 3051 homo?
1696 2985 1868 3069 Ergo

323 3092 633 3160 Dominus
655 3098 872 3160 noster
910 3095 1264 3160 secundum
1302 3095 1474 3179 quod
1504 3095 1717 3161 homo.
1759 3095 1867 3158 Di-

321 3202 552 3283 cimus,
577 3204 751 3286 quod
776 3204 831 3268 si
858 3204 1209 3270 secundum
1234 3209 1415 3270 notat
1439 3205 1867 3270 conditionem

320 3311 638 3393 privatam
667 3312 1027 3394 specialem,
1058 3312 1292 3377 scilicet
1321 3313 1476 3396 quia
1501 3312 1646 3377 talis
1674 3302 1868 3378 homo

317 3421 447 3498 est,
478 3417 714 3483 scilicet
739 3418 967 3501 plenus
991 3423 1083 3483 est
1111 3421 1351 3502 gratia,
1379 3424 1595 3485 noster
1619 3424 1716 3483 est
1741 3420 1863 3485 Do-

323 3524 567 3606 minae,
598 3526 951 3591 secundum
981 3526 1152 3609 quod
1176 3526 1407 3605 homo;
1441 3527 1496 3590 si
1521 3528 1868 3594 secundum

317 3635 496 3697 notet
534 3633 961 3699 conditionem
1005 3634 1372 3715 generalem
1389 3684 1408 3716 ,
1442 3654 1576 3701 non
1610 3641 1706 3701 est
1744 3637 1867 3703 Do-

313 3740 536 3806 minus
575 3745 793 3807 noster
837 3742 1190 3807 secundum
1237 3744 1420 3826 quod*
1439 3744 1636 3811 homo
1650 3795 1667 3826 ‚
1715 3747 1870 3830 quia

311 3847 540 3912 eadem
576 3848 822 3915 ratione
844 3899 860 3929 ‚
901 3850 1073 3931 quod
1113 3850 1327 3916 homo.
1350 3850 1459 3916 Vel
1498 3853 1631 3917 sic:
1673 3852 1740 3918 Si
1768 3871 1864 3922 se-

312 3954 602 4023 cundum
641 3959 820 4022 notet
857 3956 1356 4024 instrumentum
1372 4009 1389 4040 ‚
1428 3963 1525 4024 est
1560 3960 1869 4040 Dominus

313 4064 536 4127 noster
562 4062 850 4128 Christus
877 4064 1229 4129 secundum
1257 4068 1431 4149 quod
1457 4068 1682 4149 homo;
1713 4070 1867 4153 quia

313 4187 434 4253 per
459 4169 697 4250 omnia,
721 4189 869 4254 quae
891 4171 1088 4253 gessit
1112 4172 1181 4236 in
1205 4191 1420 4253 carne,
1439 4182 1535 4239 est
1559 4177 1867 4242 Dominus

313 4281 556 4343 noster.
597 4277 666 4343 Si
702 4282 880 4345 notet
920 4297 1179 4345 causam
1219 4282 1588 4362 generalem
1602 4329 1624 4361 ,
1668 4284 1732 4347 id
1771 4290 1868 4349 est

223 4457 232 4468 ,
312 4385 473 4469 quia
502 4385 731 4467 home,
755 4404 890 4452 non
928 4392 1024 4452 est
1054 4387 1357 4454 Dominus
1381 4395 1598 4455 noster
1635 4408 1860 4457 secun-

311 4494 477 4559 dum
511 4494 685 4577 quod
712 4494 930 4560 homo.

398 4600 567 4669 Sede
592 4618 635 4668 a
655 4600 912 4670 dextris
941 4606 1121 4671 meis.
1134 4603 1304 4682 Quot
1326 4605 1531 4670 modis
1560 4606 1868 4690 accipitur

313 4708 531 4789 sedes,
577 4710 756 4793 prius
812 4711 1056 4776 dictum
1102 4716 1235 4777 est:
1284 4713 1397 4777 sed
1448 4716 1603 4777 nota
1617 4761 1635 4794 ,
1692 4714 1866 4797 quod

90 4822 286 4867 caram,
314 4808 607 4885 Christus
647 4818 823 4884 sedet
862 4818 945 4883 ad
981 4818 1311 4886 dexteram
1354 4818 1589 4900 Patris,
1636 4838 1865 4887 secun·

78 4895 281 4993 αῗῗιῗξ.
313 4926 474 4990 dum
518 4924 691 5009 quod
729 4925 790 4990 ei
836 4926 1141 5010 aequalis,
1184 4931 1250 4993 et
1291 4927 1646 4993 secundnm
1694 4929 1866 5011 quod

79 5011 285 5119 “2⁸:2¹⁹
315 5032 536 5111 homo,
562 5032 714 5116 quia
738 5032 937 5098 homo
954 5032 1025 5098 in
1050 5034 1405 5117 potioribus
1424 5034 1633 5100 Patris
1656 5036 1862 5116 bonis,

99 5136 275 5249 {³3¹2
314 5142 555 5208 scilicet
590 5160 740 5226 quae
781 5141 968 5207 Pater
1005 5143 1178 5208 dedit
1212 5144 1607 5210 hominibus.
1651 5143 1867 5210 Sancti

94 5235 273 5319 quohe-
315 5253 537 5316 autem
562 5250 865 5316 dicuntur
889 5249 1108 5317 sedere
1144 5251 1224 5316 ad
1265 5252 1594 5318 dexteram
1630 5252 1833 5318 Patris
1846 5299 1863 5328 ‚

77 5326 283 5435 ἴωὼ
316 5377 451 5424 non
483 5360 553 5443 (c)
583 5364 899 5451 quantum
926 5360 1006 5425 ad
1041 5359 1470 5443 aequalitatem
1488 5409 1510 5441 ,
1549 5365 1866 5445 quantum

387 5487 408 5519 ¹
432 5485 568 5538 Psol.
598 5496 701 5549 cvr,
730 5488 810 5538 25.
839 5513 900 5525 -
931 5486 950 5516 ²
982 5485 1154 5551 Heor„
1183 5498 1266 5550 ιιι,
1296 5489 1370 5538 13.
1398 5512 1462 5526 -
1489 5487 1511 5523 ⁸
1539 5486 1679 5539 Psal.
1704 5497 1868 5548 cxxu,

601 5593 750 5640 rou.
791 5593 879 5642 ιι.

3387 484 3506 548 289

1965 602 2046 665 ad
2078 603 2395 668 donorum
2433 605 2724 670 omnium
2750 606 3247 692 plenitudinem3
3278 614 3387 679 sed
3418 616 3502 698 (d)

1966 714 2277 789 quantum
2306 711 2386 776 ad
2410 713 2630 778 multae
2665 714 2893 795 gratiae
2916 715 3344 802 collationem,
3377 742 3509 789 non

1965 816 2197 881 omniS.
2222 817 2384 883 Nota
2408 837 2427 883 ε
2452 820 2521 884 Si
2543 820 2744 886 Filius
2760 822 2934 888 sedet
2950 824 3032 888 ad
3049 825 3375 893 dexteram
3399 831 3511 897 Pa-

1966 924 2107 1000 tris,
2128 925 2282 1006 quia
2297 930 2389 991 est
2401 928 2692 1011 aequalis3
2709 946 2867 1012 ergo
2885 928 3073 997 Pater
3090 933 3172 998 ad
3185 934 3511 1003 dexteram

1969 1028 2153 1094 Filii?
2192 1031 2383 1100 Forte
2437 1040 2614 1101 notat
2665 1061 2697 1098 ιι
2724 1037 2940 1103 sedere
2984 1040 3064 1105 ad
3119 1042 3448 1110 dexteram
3471 1068 3503 1106 n

1969 1139 2399 1220 aequalitatem
2442 1148 2506 1207 et
2536 1146 3027 1227 processionem.
3330 1201 3335 1206 .

2050 1247 2274 1314 Donec.
2331 1249 2626 1335 Quinque
2695 1254 2903 1320 modis
2961 1255 3268 1338 accipitur
3309 1279 3325 1325 :
3395 1280 3513 1345 pro

1969 1356 2292 1437 quandiu,
2321 1360 2490 1424 unde
2517 1361 2857 1444 Apostolus
2883 1365 2907 1400 ¹
2930 1387 2944 1427 :
2979 1387 3009 1425 α
3037 1365 3245 1432 Donec
3272 1388 3511 1451 cogno·
3587 1373 3753 1476 ⁰2:33

1972 1462 2256 1528 minatur
2289 1466 2477 1532 hodie
2495 1516 2511 1546 ‚
2541 1490 2573 1528 n
2608 1468 2675 1533 id
2701 1476 2825 1550 est,
2869 1474 3152 1554 quandiu
3181 1476 3369 1543 durat
3396 1480 3511 1545 bo-
3543 1446 3630 1540 (ἐξ

1973 1565 2093 1646 die,
2110 1572 2329 1638 tandiu
2346 1573 2414 1655 (e)
2428 1574 2615 1640 durat
2632 1576 2755 1641 hoc
2771 1579 3101 1645 saeculum.
3124 1581 3515 1670 Quandoque

1974 1692 2090 1756 pro
2118 1683 2215 1755 ut,
2241 1681 2413 1746 unde
2440 1682 2561 1747 hoc
2583 1688 2637 1747 ³:
2670 1707 2701 1744 e
2725 1684 2904 1750 Oculi
2929 1690 3126 1754 nostri
3156 1685 3409 1776 semper
3433 1697 3514 1762 ad

1977 1779 2336 1864 Dominum,
2367 1789 2567 1854 donec
2594 1792 2971 1860 misereatur
2996 1800 3220 1863 nostri.
3252 1822 3282 1860 n
3311 1800 3517 1906 Quan-

1973 1888 2181 1973 doque
2209 1911 2325 1975 pro
2353 1902 2434 1974 et,
2465 1899 2640 1963 unde
2658 1900 2713 1965 ⁴:
2740 1925 2771 1962 (ι
2796 1901 3031 1986 Joseph
3058 1924 3190 1972 non
3217 1913 3519 1992 cognovit

1976 1994 2273 2081 Mariam,
2308 2004 2508 2070 donec
2539 2010 2804 2091 peperit.
2834 2034 2865 2072 υ
2898 2012 3291 2100 Quandoque
3317 2022 3520 2102 posito

1976 2115 2420 2192 consequenti,
2474 2116 2735 2197 ponitur
2783 2124 3190 2205 antecedens,
3234 2131 3309 2192 ut
3350 2130 3473 2195 hoc
3501 2154 3517 2198 :

1984 2235 2015 2272 α
2045 2213 2185 2279 Non
2206 2216 2448 2304 legam,
2483 2223 2680 2288 donec
2708 2229 2961 2294 veneris
2985 2233 3065 2297 ad
3092 2247 3218 2314 me,
3249 2257 3281 2296 n
3307 2237 3375 2301 id
3400 2246 3516 2320 est,

1977 2339 2126 2386 cum
2147 2328 2418 2409 veneria,
2440 2329 2682 2412 legam.
2707 2334 3096 2422 Quandoque
3120 2362 3237 2425 pro
3260 2351 3515 2415 oelemo.

1976 2427 2091 2492 His
2117 2431 2369 2498 duobus
2390 2439 2593 2503 modis
2619 2435 2960 2525 exponitur
2984 2446 3091 2512 hic
3119 2450 3387 2517 ultimus
3409 2455 3516 2538 (f).

1978 2535 2054 2601 Et
2080 2544 2253 2622 nota,
2271 2545 2445 2625 quod
2471 2546 2578 2611 hic
2603 2551 2697 2613 est
2724 2550 3108 2621 inclusivum
3137 2577 3517 2641 permanen-

1979 2645 2083 2711 tiae
2111 2649 2429 2732 sessionis,
2461 2658 2527 2719 et
2552 2657 2952 2727 exclusivum
2979 2665 3435 2735 occultationis

2056 2755 2417 2824 Scaoeuum
2457 2762 2696 2843 pedum
2736 2771 3015 2836 tuorum.
3063 2771 3174 2837 Est
3215 2776 3523 2860 subjectio
3570 2788 3762 2862 ,subiec-

3548 2854 3610 2896 ao
3640 2853 3758 2895 mul·

1975 2864 2327 2931 secundum
2350 2869 2798 2954 conditionem,
2830 2877 2983 2958 quia
3009 2896 3172 2962 opus
3197 2900 3315 2949 suo
3342 2904 3518 2952 crea-
3547 2915 3702 2969 tiplex.

1969 2971 2101 3035 ‘tori
2119 2972 2323 3054 debet,
2347 2980 2421 3041 ut
2438 2979 2624 3060 cujus
2651 2981 2727 3065 (9)
2751 2983 3268 3067 dispositionibus
3286 2996 3522 3062 obtem·

1975 3084 2173 3161 peret.
2196 3080 2308 3146 Est
2334 3085 3018 3169 subjectio-secundum
3045 3101 3515 3172 necessitatem:

1974 3207 2128 3253 nam
2167 3191 2245 3257 de
2288 3197 2504 3276 pravis
2546 3198 3025 3286 voluntatibus,
3057 3214 3356 3291 quamvis
3375 3219 3517 3299 jus-

1973 3296 2262 3364 sionibus
2305 3301 2416 3367 Dei
2460 3309 2775 3375 contraire
2814 3313 3150 3397 nituntur;
3200 3327 3264 3386 et
3306 3329 3520 3392 tamen

1975 3422 2088 3486 per
2108 3406 2495 3475 ineffabilem
2515 3416 2656 3496 ejus
2671 3416 3147 3501 dispositionem
3165 3435 3513 3518 arctantur,

1974 3515 2047 3577 ut
2088 3514 2251 3579 nihil
2287 3518 2425 3583 sine
2453 3522 2595 3602 ejus
2637 3528 2806 3590 nutu
2845 3528 2925 3592 ad
2962 3531 3261 3600 effectum
3289 3540 3518 3609 ducere

1974 3625 2232 3702 queant.
2285 3621 2394 3688 Est
2432 3628 2740 3709 subiectio
2789 3638 3136 3704 secundum
3178 3644 3475 3715 timorem
3492 3702 3513 3731 ,

1975 3727 2231 3809 quando
2258 3732 2397 3813 ejus
2414 3743 2729 3821 praecepta
2746 3759 2877 3807 non
2899 3762 3136 3828 amore,
3162 3752 3272 3816 sed
3289 3754 3518 3823 timore

1974 3836 2396 3919 complentur.
2441 3841 2549 3908 Est
2594 3846 2902 3929 subjectio
2946 3857 3296 3924 secundum
3322 3864 3513 3931 dilec-

1974 3943 2214 4010 tionem
2227 3993 2248 4024 ,
2282 3948 2540 4029 quando
2570 3950 2928 4022 voluntarie
2950 3960 3093 4040 ejus
3116 3964 3517 4045 iussionibus

1973 4050 2508 4135 obtemperamus.
2553 4056 2641 4122 De
2678 4062 2889 4142 primo
2918 4072 2940 4106 ⁸
2971 4088 2985 4129 :
3029 4092 3060 4129 α
3103 4071 3330 4141 Omnia
3356 4082 3515 4146 sub-

1966 4159 2174 4240 jecisti
2200 4162 2324 4225 sub
2350 4163 2617 4246 pedibus
2641 4171 2816 4251 ejus,
2846 4176 2910 4236 et
2934 4192 3110 4258 ovae,
3141 4184 3207 4245 et
3232 4182 3445 4253 boves.
3475 4213 3507 4251 n

1974 4266 2063 4330 De
2104 4270 2379 4336 secundo
2425 4291 2444 4335 ε
2499 4296 2531 4335 α
2570 4274 2802 4343 Omnia
2838 4285 3129 4352 serviunt
3167 4290 3332 4376 Deo,
3380 4300 3514 4367 sive

1972 4374 2198 4455 nolint,
2229 4378 2364 4444 sive
2390 4380 2614 4446 velint.
2642 4382 2805 4450 Nam
2832 4390 3026 4458 etiam
3049 4397 3284 4466 diaboli
3308 4411 3514 4473 castra

1973 4481 2084 4546 Dei
2126 4490 2298 4565 sunt,
2347 4491 2412 4552 et
2449 4488 2575 4555 Deo
2621 4493 2916 4563 militant.
2966 4522 2998 4559 »
3047 4502 3136 4570 De
3181 4511 3389 4593 tertie,
3438 4523 3512 4582 ut

1972 4589 2053 4654 de
2078 4589 2210 4671 illo,
2245 4595 2359 4676 qui
2386 4596 2567 4662 timet
2592 4601 2926 4671 serviliter.
2949 4607 3035 4675 De
3061 4621 3312 4697 quarto,
3333 4626 3406 4686 ut
3436 4624 3515 4690 de

1973 4697 2105 4777 illo,
2134 4701 2248 4781 qui
2272 4701 2618 4785 initialiter,
2645 4709 2749 4773 vel
2774 4712 3050 4781 finaliter
3074 4721 3278 4790 timet.
3311 4726 3509 4799 Nota:

1973 4805 2079 4870 hic
2105 4807 2411 4889 subjectio
2440 4816 2649 4894 potest
2673 4819 2976 4900 appellari
3003 4830 3295 4898 servitus.

2055 4919 2116 4979 3.
2183 4915 2404 4982 Tecum
2459 4922 2886 5008 principium.
2952 4928 3064 4996 Hic
3117 4948 3517 5014 commendat

1976 5021 2299 5087 Christum
2349 5042 2388 5088 a
2440 5032 2718 5109 quatuor
2776 5055 2791 5095 z
2824 5035 2907 5100 ab
2952 5043 3351 5132 aequalitate,
3403 5057 3518 5121 ubi

1974 5129 2126 5195 dicit
2156 5152 2171 5193 ι
2220 5131 2488 5205 Tecum,-
2517 5154 2556 5199 a
2583 5138 2850 5222 deitate,
2884 5146 2997 5211 ubi
3030 5152 3221 5222 dicit:
3260 5160 3515 5234 Princi-

1975 5271 2023 5320 2.
2049 5294 2111 5307 -
2145 5269 2167 5302 ⁸
2194 5270 2399 5331 Mami„
2430 5285 2466 5335 ι,
2505 5277 2586 5326 25.
2608 5303 2670 5315 -
2693 5280 2715 5314 ⁸
2739 5282 2876 5334 Psal.
2910 5298 3032 5354 vm,
3061 5295 3107 5345 8.
3145 5321 3207 5334 -—
3244 5301 3312 5366 (a)
3339 5305 3515 5374 suppl,

1975 5341 2221 5405 concede,
2245 5347 2304 5392 ut
2327 5357 2514 5395 nos.—
2542 5346 2609 5411 (ὁ)
2644 5350 2767 5401 Cot.
2797 5354 2917 5408 edit.
2951 5362 3152 5424 quia.-—
3169 5372 3223 5434 (ς)
3247 5373 3369 5426 cm,
3396 5382 3518 5434 edu,

1976 5412 2107 5461 deest
2132 5425 2254 5463 non.
2282 5443 2337 5449 —
2362 5416 2431 5479 (d)
2460 5419 2581 5469 Item
2602 5419 2738 5470 deest
2765 5426 2947 5477 sed.-
2969 5432 3032 5497 (e)
3053 5437 3165 5503 Leq.
3192 5442 3431 5507 quandiu,
3462 5481 3517 5490 .-

1980 5484 2046 5546 (Γ)
2079 5484 2193 5548 Leq.
2225 5485 2429 5538 ultimis.
2462 5516 2525 5528 —
2552 5492 2618 5555 (9)
2652 5492 2765 5559 Leq.
2790 5498 2915 5561 ejus.

3168 5609 3244 5670 19
