4196 6294
528 4526 538 4536 .
632 4470 905 4535 derium.
940 4468 1117 4535 Unde
1144 4469 1236 4533 ait
1261 4468 1582 4553 Propheta
1607 4471 1630 4506 ⁹
1665 4492 1681 4535 ε

650 466 769 531 126

644 600 817 679 lere,
861 601 927 663 et
960 595 1313 680 posteriora
1350 591 1664 661 oblivisci.
1701 615 1733 654 σ
1757 591 2194 659 Extendamus

644 709 828 785 nos¹‚
860 726 892 767 n
925 708 1051 770 etc.
1080 703 1104 739 ⁸
1133 701 1492 785 «Sapientis
1513 700 1726 765 oculi
1708 719 1779 764 ιιι
1797 701 2000 783 capite
2025 703 2190 785 ejus.

643 814 667 850 ⁸
694 813 814 879 Cor
847 811 1149 895 sapientis
1196 811 1266 874 in
1303 810 1564 875 dextera
1597 810 1763 890 ejus.
1792 831 1823 868 n
1875 806 2010 873 Hoc
2051 813 2192 873 stu-

645 919 826 985 dium
853 918 1155 1001 sapientis
1174 966 1192 996 ,
1221 921 1449 982 utnon
1473 914 1743 980 declinet
1769 915 2050 979 studium
2078 934 2191 981 no-

645 1033 876 1105 strum,
907 1026 1030 1089 nisi
1055 1025 1136 1090 ad
1163 1024 1386 1102 Deum,
1418 1022 1533 1105 qui
1556 1026 1651 1086 est
1675 1026 1846 1086 totus
1873 1022 2192 1087 desidera-

643 1135 810 1200 bilis.
841 1134 992 1199 Haec
1017 1136 1298 1215 quatuor
1320 1134 1474 1195 sunt
1499 1128 1869 1194 difficillima
1888 1176 1905 1207 ,
1935 1129 2059 1193 nisi
2081 1130 2192 1194 ha·

642 1242 913 1306 beantur
942 1241 1154 1324 prima
1187 1238 1396 1304 studia
1413 1285 1431 1316 ,
1462 1241 1526 1302 et
1564 1255 1715 1301 cum
1766 1236 1867 1299 his
1910 1241 2062 1301 sunt
2096 1238 2192 1301 fa-

643 1348 900 1413 cillima.
929 1346 1109 1412 Unde
1144 1345 1325 1409 facile
1367 1347 1465 1408 est
1504 1348 1662 1409 tunc
1695 1342 1937 1408 habere
1982 1344 2190 1408 domi-

618 1457 826 1520 'nium
873 1473 1070 1537 supra
1120 1453 1465 1538 passiones.
1538 1451 1715 1516 Unde
1767 1451 1997 1515 dicitur
2038 1456 2064 1491 ⁴
2111 1451 2189 1516 de

642 1563 922 1646 quodam
968 1559 1384 1646 philosopho,
1421 1559 1535 1641 qui
1580 1559 1742 1624 dixit
1786 1576 1975 1624 servo
2016 1577 2183 1624 suo:

650 1693 684 1732 ι
710 1669 853 1753 Ego
876 1674 941 1736 te
984 1669 1342 1751 affligerem
1363 1715 1382 1747 ,
1413 1666 1470 1731 si
1496 1683 1629 1731 non
1664 1684 1869 1732 essem
1895 1667 2120 1732 iratus.
2147 1688 2179 1726 n

1170 1914 1457 1984 SERMO
1502 1913 1656 1983 XX.

642 2093 755 2159 Quo
793 2093 1082 2163 seponitur
1119 2094 1317 2162 quarta
1357 2090 1713 2147 consideratio
1754 2090 1821 2147 de
1861 2091 2188 2163 contempla-

715 2184 885 2249 tione,
913 2196 1029 2252 quae
1048 2183 1109 2251 fit
1131 2197 1233 2253 per
1260 2180 1471 2237 modum
1498 2181 1794 2244 diversum,
1825 2194 1927 2251 quo
1963 2181 2097 2251 soli,
2134 2187 2186 2237 et

713 2270 881 2334 lunoe,
910 2274 961 2326 et
994 2272 1162 2327 stellis
1204 2273 1576 2342 comparatum
1608 2285 1673 2325 ac
1702 2270 1768 2325 de
1791 2272 1995 2325 visione
2020 2271 2183 2328 intel-

715 2358 949 2429 liqentiae
969 2376 1071 2432 per
1099 2361 1601 2432 contemplationem
1628 2373 1912 2431 suspensoe.

720 2533 742 2566 ⁸
773 2532 965 2599 Dixit
990 2548 1234 2614 quoque
1263 2533 1428 2596 Deus
1453 2577 1469 2606 ‚
1501 2530 1672 2610 fiant
1706 2528 2064 2595 luminaria
2107 2531 2185 2594 in

639 2640 1038 2718 firmamento
1074 2638 1217 2704 coelz'
1235 2685 1258 2716 ,
1288 2642 1349 2703 et
1381 2639 1521 2702 sint
1552 2638 1626 2701 in
1659 2637 1890 2718 siqua,
1924 2643 1988 2703 et
2024 2644 2180 2702 tcm-

632 2763 816 2830 pora,
849 2754 912 2815 et
934 2747 1108 2826 dies,
1140 2755 1201 2813 et
1222 2761 1450 2825 annos,
1488 2750 1547 2811 et
1571 2744 1881 2811 dividant
1912 2744 2081 2811 diem
2108 2763 2183 2811 ac

637 2861 901 2921 noctem.
924 2855 1008 2920 Ει
1027 2855 1181 2934 fecit
1201 2854 1364 2919 Deus
1381 2853 1510 2919 duo
1528 2869 1765 2935 maqna
1782 2851 2184 2918 luminaria:

637 2961 954 3028 luminare
994 2960 1241 3043 modus,
1280 2964 1352 3026 ut
1379 2967 1677 3042 proecsset
1704 2958 1861 3039 diei,
1895 2964 1952 3025 et
1983 2958 2183 3024 lumi-

637 3087 793 3137 nare
840 3072 1090 3150 minus,
1130 3074 1202 3135 ut
1245 3073 1545 3151 proeesset
1588 3069 1762 3134 nocti
1780 3086 1804 3132 .·
1840 3073 1901 3134 et
1939 3068 2175 3133 stellas.

635 3179 718 3246 Et
728 3181 951 3260 posuit
977 3178 1127 3245 illas
1157 3180 1233 3244 in
1263 3177 1681 3257 firmamento.
1705 3175 1983 3242 Etvidit
2011 3178 2181 3241 Deus

634 3287 808 3369 quod
843 3291 1003 3354 esset
1038 3286 1296 3366 bonum,
1328 3291 1389 3351 et
1415 3289 1658 3365 tactum
1691 3291 1787 3351 est
1811 3299 2091 3366 vespere,
2121 3289 2182 3350 et

635 3411 823 3461 mane
876 3394 1015 3463 dies
1070 3399 1361 3476 quartus.
1419 3392 1668 3457 Dictum
1723 3398 1817 3457 oet
1865 3412 2060 3477 supra
2112 3394 2134 3428 ⁸
2158 3443 2176 3473 ,

635 3503 807 3586 quod
840 3509 863 3544 ⁷
914 3524 945 3563 α
986 3502 1154 3567 Deus
1198 3501 1369 3566 dedit
1408 3500 1646 3565 Danieli
1690 3500 2177 3582 intelligentiam

634 3611 930 3676 omnium
973 3610 1317 3676 visionum.
1357 3632 1388 3669 n
1447 3608 1542 3673 Ex
1586 3610 1912 3675 occasione
1953 3610 2175 3692 hujus,

635 3717 943 3782 distinctae
978 3735 1093 3782 sex
1136 3717 1416 3782 visiones
1444 3718 1935 3800 correspondent
1961 3718 2178 3801 operi-

634 3825 756 3889 bus
810 3843 925 3890 sex
977 3825 1249 3890 dierum.
1307 3823 1490 3889 Nunc
1550 3823 1887 3889 dicendum
1944 3829 2043 3889 est
2098 3825 2178 3889 de

635 3936 864 4014 quarta
880 3981 902 4012 ,
958 3932 1192 3997 scilicet
1235 3932 1440 4014 specie
1492 3930 1935 4013 intelligentiae
1962 3981 1981 4012 ,
2039 3932 2179 3998 sive

635 4040 904 4119 visione,
926 4058 1041 4122 per
1057 4039 1654 4122 contemplationem
1673 4057 2023 4124 suspensas.
2050 4039 2177 4104 Sed

634 4146 1152 4228 intelligendum,
1187 4147 1359 4229 quod
1399 4147 1564 4212 hanc
1602 4137 1913 4213 visionem
1958 4147 2178 4212 nullus

632 4254 827 4319 habet
847 4303 864 4334 ‚
893 4255 1019 4319 nisi
1049 4255 1131 4319 sit
1159 4254 1182 4290 ⁸
1211 4256 1319 4322 vir
1346 4254 1865 4337 desideriorum;
1902 4274 2021 4320 nec
2048 4271 2175 4338 po-

632 4366 755 4427 test
814 4380 956 4426 eam
998 4361 1233 4426 hahere
1250 4409 1269 4442 ‚
1310 4362 1435 4426 nisi
1482 4381 1598 4445 per
1639 4380 1956 4444 magnum
2003 4362 2176 4427 desi-

1729 4494 1761 4533 «
1788 4471 2045 4536 Gustata
2061 4521 2082 4553 ,
2113 4478 2177 4539 et

631 4578 839 4645 videte
866 4578 1171 4661 quoniam
1191 4577 1407 4642 suavis
1426 4582 1520 4643 est
1545 4577 1871 4642 Dominus.
1900 4602 1931 4640 ι)
1957 4578 2174 4647 Primo

631 4686 780 4751 dicit
822 4705 841 4751 ι
889 4687 1151 4754 Gustate
1180 4703 1203 4750 .·
1249 4689 1482 4766 gustus
1536 4685 1711 4750 enim
1764 4688 1986 4753 suavis
2041 4708 2173 4754 non

630 4799 729 4862 est
744 4844 762 4876 ,
804 4794 926 4858 nisi
984 4793 1301 4877 praecedat
1345 4793 1662 4876 appetitus
1712 4794 2046 4875 gustabilis
2091 4800 2172 4864 ad

631 4901 946 4987 gustabile
985 4899 1486 4983 suscipiendum.
1533 4899 1685 4964 Haec
1724 4904 1937 4965 autem
1981 4903 2176 4969 intel-

629 5009 899 5090 ligentia
939 5026 1249 5092 suspensa
1301 5007 1486 5072 debet
1527 5008 1800 5089 intelligi
1847 5027 1963 5092 per
2008 5029 2173 5095 opus

630 5120 877 5201 quartas
920 5116 1087 5196 diei,
1129 5115 1203 5179 in
1238 5132 1367 5198 qua
1405 5115 1751 5181 luminaria
1791 5116 1958 5181 facta
1995 5124 2169 5186 sunt.

694 5317 707 5348 ¹
739 5316 813 5367 Ex
838 5314 1102 5380 Apostolo,
1123 5312 1333 5379 Philip„
1362 5326 1444 5379 111,

627 5388 650 5424 ⁸
676 5386 858 5452 secte„
884 5398 940 5450 x,
970 5388 1020 5436 2.
1042 5412 1106 5425 -
1141 5386 1313 5451 *Cic.,
1352 5385 1563 5452 Tuscul„
1602 5386 1693 5437 lib.
1724 5387 1808 5449 tv,
1841 5400 1947 5437 non
1988 5389 2169 5453 procul

627 5474 659 5512 ι
682 5459 815 5524 fine,
842 5457 908 5510 de
943 5457 1149 5511 archita
1181 5459 1407 5522 Tarent.;
1441 5457 1551 5510 val.
1588 5459 1749 5520 Max..
1783 5457 1872 5509 lib.
1912 5460 1998 5523 lv,
2029 5473 2076 5511 c.
2107 5472 2166 5525 ι,

1474 5316 1551 5366 13.
1571 5340 1633 5354 -
1657 5314 1677 5346 ²
1701 5313 2080 5380 Eccle.,11,14.
2105 5343 2169 5355 —

1695 453 2369 524 ILLUMINATIONES
2410 457 2807 526 ECCLESIAE

2310 593 2541 658 Anima
2567 600 2785 660 autem
2809 594 2918 659 illa
2942 595 3078 660 sola
3101 613 3219 679 per
3245 596 3845 680 contemplationem
3923 616 4076 661 anim.

2303 720 2619 784 suspensa
2642 706 2768 780 aet,
2798 719 2946 785 quae
2985 701 3178 767 habet
3214 703 3450 783 solem,
3493 710 3557 769 et
3594 706 3842 787 lunam,
3870 691 4079 798 Ρῖωζοι.“’

2304 812 2366 874 et
2396 809 2660 874 stellas
2644 829 2714 873 m
2749 811 3155 873 firmamento
3202 829 3346 874 suo.
3376 811 3750 895 Considera,
3789 804 4078 921 51ξὲθᾷ

2302 917 2494 981 modo
2521 934 2654 980 non
2679 921 2844 980 oeset
2871 916 2988 997 sol,
3021 921 3085 981 et
3108 917 3284 998 luna,
3316 923 3381 982 et
3409 919 3650 985 stellae
3635 940 3702 985 m
3728 924 3840 988 fir-

2301 1029 2627 1089 mamento
2648 1074 2666 1103 ‚
2706 1025 2863 1107 quid
2909 1031 3071 1090 esset
3110 1028 3440 1092 mundus?
3486 1027 3627 1095 Non
3682 1037 3847 1099 esset

2301 1132 2424 1196 nisi
2451 1132 2748 1214 quaedam
2777 1151 2990 1197 massa
3015 1135 3350 1199 tenebrosa
3379 1141 3445 1201 et
3472 1137 3838 1203 horribilis:

2301 1240 2394 1302 sic
2418 1244 2514 1304 est
2541 1240 2620 1304 de
2656 1240 2902 1320 anima,
2934 1259 3082 1324 quae
3128 1260 3257 1306 non
3283 1243 3527 1308 habens
3567 1248 3844 1326 gratiam

2300 1349 2871 1432 contemplationiS‚
2899 1354 2996 1414 est
3014 1351 3180 1414 sicut
3197 1351 3677 1416 firmamentum
3705 1354 3843 1419 sine

2299 1455 2763 1536 luminaribus3
2819 1457 2929 1522 sed
2979 1475 3128 1539 quae
3181 1458 3376 1522 habet
3394 1505 3414 1536 ,
3471 1464 3566 1523 est
3618 1460 3840 1526 firma·

2300 1570 2594 1629 mentum
2617 1569 2918 1629 ornatum
2941 1564 3318 1629 luminibus.
3347 1564 3425 1629 Et
3449 1565 3614 1632 sicut
3632 1568 3842 1634 differt

2299 1672 2534 1736 coelum
2560 1690 2692 1736 non
2730 1672 2975 1737 habens
3009 1673 3394 1752 luminaria,
3442 1691 3484 1737 a
3523 1675 3682 1740 coelo
3719 1677 3841 1741 ha·

2298 1780 2525 1858 bente3
2570 1779 2661 1843 sic
2714 1780 2932 1843 anima
2973 1797 3107 1843 non
3157 1779 3400 1846 habens
3419 1830 3435 1862 ,
3495 1783 3576 1847 ab
3625 1784 3842 1849 anima

2297 1886 2598 1969 disposita
2624 1886 2706 1950 ad
2733 1887 2855 1951 hoc
2875 1935 2895 1966 ‚
2923 1886 3095 1950 unde
3122 1886 3336 1951 differt
3359 1888 3524 1954 sicut
3564 1891 3841 1971 angelus

2298 2012 2338 2057 a
2374 1994 2600 2057 hestia.
2636 1992 2924 2057 Bestialis
2968 1996 3063 2058 est
3101 1994 3297 2060 homo
3342 2014 3567 2060 carens
3602 1997 3707 2061 his
3728 2046 3747 2075 ‚
3777 2002 3843 2063 et

2296 2100 2538 2165 habens
2561 2101 2789 2165 faciem
2829 2101 2909 2165 ad
2952 2106 3189 2165 terram
3218 2102 3382 2167 sicut
3420 2105 3700 2183 animal;
3732 2106 3842 2171 sed

2296 2208 2525 2290 plenus
2558 2209 2912 2274 luminibus
2935 2258 2951 2287 ,
3003 2213 3100 2274 est
3142 2214 3315 2275 totus
3357 2213 3711 2293 angelicus.
3766 2215 3840 2278 In

2294 2319 2524 2397 quarto
2567 2316 2669 2379 die
2714 2317 2858 2380 fecit.
2895 2316 3063 2381 Deus
3107 2317 3337 2397 solem,
3382 2324 3445 2383 et
3487 2320 3747 2401 lunam,
3777 2325 3840 2387 et

2294 2422 2524 2486 stellas.
2567 2423 2644 2487 Et
2682 2423 2822 2488 haec
2863 2423 3025 2489 visio
3066 2427 3161 2489 est
3198 2425 3633 2508 principaliter
3674 2428 4080 2516 circaQ

2292 2530 2457 2593 tria:
2493 2529 2658 2593 circa
2682 2529 3075 2595 luculentam
3103 2520 3669 2598 considerationem
3706 2554 3834 2601 coe-
3899 2528 3974 2582 ¹²¹⁸
3946 2529 4035 2572 “¹⁰

2291 2636 2466 2700 lestis
2508 2638 2938 2717 monarchiae;
2980 2640 3149 2703 circa
3188 2639 3581 2705 luculentam
3627 2643 3833 2707 consi-
3864 2602 4080 2706 ιιρξᾜέι

2292 2742 2682 2808 derationem
2725 2745 3056 2809 militantis
3090 2746 3423 2826 Eccloeiae;
3456 2748 3623 2812 circa
3647 2748 3834 2815 lucu·
3865 2715 3965 2758 ω’

2291 2850 2530 2915 lentam
2598 2852 3164 2919 considerationem
3230 2798 3464 2918 mentis
3530 2856 3835 2923 humanae

2292 2958 2789 3024 hierarchizatae.
2839 2959 2970 3025 Nisi
3018 2960 3191 3024 enim
3240 2961 3602 3043 speculetur
3651 2982 3832 3031 sum·

2294 3083 2466 3128 mam
2514 3068 2950 3132 monarchiam
2969 3117 2991 3149 ,
3041 3073 3102 3133 et
3147 3074 3526 3136 contueatur
3567 3071 3832 3137 descen-

2292 3192 2439 3238 sum
2493 3174 2785 3240 Ecclesiae
2843 3176 3173 3241 militantis
3221 3178 3303 3241 ab
3358 3198 3433 3241 ea
3450 3227 3471 3257 ,
3530 3183 3596 3243 et
3646 3200 3833 3246 suam

2289 3281 2490 3364 ipsius
2529 3282 2909 3347 hierarchiae
2941 3283 3418 3349 adornationem
3438 3334 3459 3365 ‚
3499 3305 3831 3371 nunquam

2288 3389 2410 3453 erit
2450 3390 2961 3473 contemplativa.
3011 3390 3090 3454 Et
3130 3395 3284 3455 tunc
3325 3392 3586 3459 habebit
3620 3395 3833 3460 lucem

2289 3497 2559 3561 solarem
2578 3543 2595 3574 ,
2624 3496 2953 3575 lunarem,
2995 3496 3336 3562 stellarem.
3370 3497 3586 3565 Prima
3623 3503 3829 3566 consi-

2288 3604 2527 3668 deratio
2582 3608 2993 3686 comparatur
3040 3603 3169 3668 luci
3219 3607 3450 3686 solari3
3510 3610 3784 3674 secunda
3804 3657 3826 3689 ,

2285 3710 2417 3775 luci
2443 3711 2685 3790 lunari;
2719 3711 2941 3790 tertia,
2986 3712 3245 3777 stellari.
3294 3712 3447 3779 Haec
3487 3715 3703 3781 anima
3733 3722 3832 3784 est

2215 3825 2218 3828 ‘
2285 3820 2459 3901 felix,
2489 3837 2637 3903 quae
2666 3838 2736 3883 se
2762 3824 3100 3885 contuetur
3135 3828 3424 3887 ornatam
3443 3874 3460 3905 ,
3493 3829 3556 3888 et
3581 3826 3829 3891 confor-

2286 3947 2460 3994 mem
2488 3929 2583 3992 illi
2621 3928 3054 4007 Hierusalem,
3085 3934 3151 3993 et
3184 3930 3611 3998 hierarchiam
3647 3934 3826 3999 illus·

2283 4041 2516 4102 tratam
2534 4087 2551 4118 ,
2596 4036 2831 4101 scilicet
2873 4037 3267 4117 angelicam,
3312 4045 3376 4104 et
3401 4040 3828 4107 hierarchiam

2284 4145 2740 4223 illustrantem,
2780 4143 3015 4208 scilicet
3040 4144 3332 4210 divinum
3359 4148 3822 4233 principatum,

2287 4271 2706 4336 personarum
2725 4251 3116 4317 luculentam
3134 4252 3626 4322 distinctionem.
3649 4258 3826 4340 Ergo

2288 4361 2703 4426 consideratio
2731 4360 2997 4424 coelestis
3024 4361 3412 4427 monarchiae
3433 4365 3826 4430 assimilatur

2283 4469 2411 4534 luci
2438 4470 2627 4533 solari
2655 4472 2912 4552 propter
2941 4469 3251 4552 triplicem
3269 4471 3612 4537 rationem:
3639 4491 3823 4556 prop-

2283 4582 2382 4642 ter
2431 4577 2752 4659 fulgorem
2793 4577 3086 4658 puritatis
3132 4580 3512 4663 praecipuae3
3563 4584 3822 4664 propter

2281 4684 2603 4765 fulgorem
2672 4685 3066 4767 limpiditatis
3135 4690 3500 4768 praeclarae3
3564 4693 3822 4773 propter

2280 4793 2602 4874 fulgorem
2643 4792 3165 4857 inflammationis
3194 4794 3487 4860 vivificae.
3521 4795 3671 4860 Haec
3701 4797 3821 4862 tria

2280 4899 2472 4964 habet
2492 4898 2602 4963 illa
2627 4899 3046 4964 consideratio
3073 4902 3319 4967 ratione
3345 4902 3604 4984 primae,
3635 4907 3699 4968 et
3724 4910 3821 4970 est

2280 5025 2553 5072 summae
2580 5006 2910 5088 dignitatis
2937 5011 3001 5073 et
3022 5009 3433 5089 excellentiae,
3456 5028 3603 5092 quae
3628 5011 3820 5078 habet

2279 5115 2652 5199 puritatem,
2690 5118 2755 5179 et
2788 5115 3128 5197 elongatur
3154 5117 3235 5179 ab
3268 5116 3449 5181 omni
3487 5117 3643 5182 faece
3676 5137 3818 5185 cor-

2277 5313 2432 5378 itcm,
2470 5316 2522 5365 et
2557 5311 2721 5363 simile
2760 5311 2919 5364 refert
2962 5312 3027 5363 de
3068 5313 3299 5364 Platone.
3317 5338 3383 5352 —
3410 5316 3432 5351 ⁸
3467 5315 3612 5379 Gen„
3653 5332 3701 5384 1,
3736 5321 3817 5371 η.

2278 5385 3813 5459 is-Serm111p41-Dan117-nan

2278 5469 2352 5522 ιι,
2379 5459 2462 5510 23.
2484 5483 2549 5498 -
2573 5454 2757 5508 ¹’.Psal
2785 5459 3053 5521 xxx111,9.
