4196 6294
773 483 891 545 482

771 619 824 672 et
845 613 1133 686 topazion,
1158 609 1445 682 quantum
1474 603 1552 662 ad
1580 603 1881 661 bonorum
1909 599 2308 659 deficientium

770 704 1228 782 superationem.

1299 916 1628 962 vssuslcnms
1664 916 1782 958 xvl.

838 1089 964 1144 128.
977 1087 1266 1159 Propterea
1286 1081 1358 1138 ad
1385 1081 1567 1138 munia
1582 1079 1864 1143 mandata,
1889 1078 1994 1134 etc.
2015 1073 2189 1143 Quod
2212 1089 2303 1131 as-

764 1180 1141 1257 pernandum
1168 1177 1242 1234 sit
1262 1176 1492 1234 bonum
1513 1172 1814 1240 deficienS,
1838 1167 2155 1227 insinuavit
2178 1184 2306 1225 ver·

766 1293 864 1332 sus
887 1272 1257 1349 praecedens3
1289 1270 1456 1345 quod
1483 1265 1948 1342 amplexandum
1975 1263 2046 1320 sit
2070 1263 2302 1320 bonum

763 1367 1101 1443 perficiens,
1147 1364 1404 1422 insinuat
1428 1379 1633 1421 versus
1659 1375 1931 1436 praesenS.
1964 1357 2119 1426 Quid
2144 1356 2302 1414 enim

764 1462 928 1519 aliud
968 1463 1138 1519 sonat
1173 1460 1295 1517 haec
1336 1457 1563 1527 littera,
1592 1459 1919 1529 Propterea,
1960 1456 2067 1510 etc.
2090 1493 2110 1522 ,
2139 1451 2252 1508 nisi
2284 1469 2299 1506 ε

764 1557 914 1626 Quia
965 1555 1314 1630 temporalia
1367 1553 1649 1628 despexi,
1703 1551 1781 1608 ad
1833 1547 2119 1612 moralia,
2169 1563 2299 1620 quae

762 1651 977 1722 dilexi,
1011 1647 1325 1708 rationalia
1348 1650 1486 1704 vota
1515 1645 1732 1715 direxi,
1762 1640 2130 1701 irrationalia
2155 1656 2298 1699 vero

761 1749 1039 1806 correxi?
1066 1751 1208 1805 Ecce
1245 1741 1620 1819 quadruplex
1652 1738 1939 1814 aequitatis
1967 1737 2120 1795 actio
2137 1780 2157 1809 ,
2191 1735 2301 1793 sci-

760 1842 895 1899 licet
942 1839 1267 1915 despectiO,
1326 1835 1591 1908 dilecti0,
1644 1833 1887 1891 directio
1904 1875 1923 1904 ,
1981 1830 2294 1902 correctio;

756 1940 1025 2010 respectu
1050 1933 1295 1992 totidem
1335 1930 1733 2003 obJ'ectorum,
1766 1925 2043 1984 videlicet
2071 1929 2298 1998 tempo-

756 2030 1002 2100 ralium,
1031 2026 1378 2097 moralium,
1405 2022 1817 2094 rationalium,
1845 2018 2293 2079 irrationalium.

1258 2183 1544 2239 Articulus
1571 2181 1799 2253 primus.

825 2316 1086 2374 Primum
1107 2316 1309 2383 sonat,
1337 2311 1505 2385 quod
1530 2304 2027 2379 psalmographus
2055 2304 2289 2360 cantat:

753 2415 1041 2483 Propterea
1058 2450 1078 2479 ,
1095 2407 1161 2465 id
1182 2410 1288 2474 est,
1316 2405 1458 2479 qula
1483 2400 1725 2477 despexi
1746 2397 2117 2472 temporalia,
2146 2396 2295 2452 sicut

752 2507 913 2579 patet
938 2519 1046 2577 per
1084 2497 1494 2576 praecedentia.
1541 2499 1609 2552 Et
1634 2496 1807 2565 nota,
1851 2492 2018 2567 quod
2060 2494 2290 2563 tempo-

750 2597 901 2655 ralia
936 2595 1256 2670 prudenter
1292 2590 1656 2667 despiciunt,
1688 2587 1791 2663 qui
1821 2585 1996 2657 vitia,
2032 2583 2287 2656 judicia,

749 2689 1041 2765 supplicia
1066 2688 1378 2761 vigilanter
1405 2684 1695 2758 aspiciunt
1732 2701 1747 2738 ε
1790 2680 1933 2755 quia
1976 2684 2290 2753 propterea

745 2784 889 2842 vitia
912 2783 1376 2856 frequentantur,
1398 2776 1625 2850 judicia
1650 2775 2030 2842 intentantur,
2058 2768 2286 2844 suppli-

746 2879 838 2936 cia
882 2877 1220 2934 dilatantur.
1264 2878 1343 2931 De
1389 2871 1617 2946 prim0,
1650 2868 1758 2926 ubi
1796 2866 2096 2924 mentione
2131 2863 2290 2920 facta

746 2974 822 3031 de
849 2970 1124 3043 avaritia,
1157 2966 1432 3027 subditur
1465 2965 1481 2998 ¹
1523 2984 1537 3021 :
1575 2985 1605 3018 «
1645 2964 1959 3037 Propterea
1988 2960 2119 3016 haec
2148 2956 2289 3014 dicit

744 3067 1025 3126 Dominus
1064 3084 1079 3122 ε
1123 3080 1257 3123 ecce
1304 3077 1415 3134 ego
1457 3058 1617 3129 dabo
1668 3058 1729 3114 in
1775 3052 2069 3129 populum
2111 3052 2287 3108 istum

744 3163 974 3232 ruinas,
1019 3165 1077 3220 et
1115 3161 1289 3219 ruent
1326 3157 1392 3214 in
1434 3156 1516 3214 eis
1562 3156 1759 3228 patres
1810 3153 1867 3207 et
1915 3147 2023 3205 filii
2074 3144 2284 3219 simul,

742 3259 972 3315 vicinus
1006 3259 1063 3314 et
1097 3252 1401 3330 proximus
1433 3246 1714 3324 peribunt
1742 3264 1756 3302 :
1794 3267 1823 3301 »
1873 3259 2008 3301 ecce
2044 3241 2288 3299 ruinosa

741 3350 1020 3408 vitiorum
1063 3344 1478 3421 frequentatiO.
1516 3346 1593 3400 De
1638 3338 1900 3399 secundo
1927 3337 1950 3370 ²
1996 3357 2010 3394 :
2063 3357 2090 3390 «
2121 3335 2287 3393 ldola

741 3443 924 3501 secuti
958 3445 1094 3500 sunt
1123 3461 1137 3498 z
1170 3442 1485 3515 propterea
1518 3436 1714 3494 adhuc
1745 3431 2101 3491 contendam
2124 3428 2284 3502 judi-

742 3537 835 3595 cio
888 3536 1236 3604 vobiscum,
1285 3531 1428 3589 dicit
1477 3529 1760 3587 Dominus
1779 3570 1799 3599 ,
1851 3531 1909 3585 et
1960 3542 2097 3583 cum
2148 3522 2286 3579 filiis

741 3631 947 3688 vestris
976 3629 1317 3703 disceptabo
1351 3646 1366 3684 ι
1406 3646 1435 3682 »
1470 3641 1603 3683 ecce
1631 3623 1940 3681 occasione
1971 3618 2286 3694 spiritualis

740 3724 1116 3796 idololatriae,
1147 3722 1366 3780 scilicet
1392 3718 1678 3783 avaritias,
1706 3715 2068 3789 judiciorum
2097 3714 2285 3770 inten-

739 3820 902 3877 tatio.
948 3822 1026 3878 De
1072 3817 1242 3876 tertio
1285 3818 1307 3852 ³
1354 3834 1367 3872 :
1422 3834 1449 3869 α
1495 3813 1732 3872 Nobiles
1770 3812 1896 3884 ejus
1939 3809 2286 3885 interierunt

738 3914 915 3984 fame,
944 3917 1001 3970 et
1021 3910 1338 3970 multitudo
1378 3909 1505 3982 ejus
1531 3907 1623 3964 siti
1651 3903 1883 3964 exaruit
1911 3923 1925 3961 ε
1966 3906 2284 3977 propterca

740 4006 1006 4065 dilatavit
1043 4006 1307 4064 internus
1344 4003 1605 4061 animam
1640 4016 1841 4071 suam,
1872 4002 1929 4056 et
1956 3995 2189 4072 aperuit
2216 4011 2284 4053 os

738 4116 913 4159 suum
937 4100 1164 4174 absque
1185 4099 1310 4156 ullo
1328 4096 1580 4156 termino
1613 4115 1627 4153 ε
1651 4116 1679 4151 ιο
1707 4110 1838 4153 ecce
1866 4092 2053 4151 fames
2081 4093 2139 4148 et
2163 4090 2284 4147 sitis

739 4195 1130 4270 cupidorum,
1158 4210 1341 4269 quam
1369 4191 1632 4266 sequitur
1663 4189 1926 4248 dilatatio
1958 4189 2280 4245 tormento-

738 4306 892 4348 rum·
1211 4361 1499 4417 Articulus
1534 4356 1814 4414 secundus.

807 4478 1143 4537 Secundum
1189 4478 1503 4551 personat,
1542 4472 1709 4548 quod
1749 4470 2092 4546 pronuntiat
2138 4488 2153 4526 :
2199 4472 2284 4526 Ad

737 4578 920 4631 omnia
974 4573 1233 4630 mandata
1281 4577 1426 4628 tua:
1480 4569 1605 4626 haec
1649 4570 1784 4624 sunt
1830 4565 2104 4637 moralia,
2148 4581 2284 4638 quse

738 4666 977 4739 dilexit,
1020 4669 1261 4741 propter
1295 4681 1428 4738 quae
1474 4659 1824 4735 temporalia
1876 4656 2160 4733 despexit.
2218 4662 2284 4715 Et

736 4765 919 4833 nota,
975 4760 1143 4835 quod
1197 4758 1480 4816 mandata
1531 4759 1667 4813 sunt
1719 4752 2025 4811 nobilibus
2071 4752 2283 4810 animae

735 4856 960 4914 viribus
1001 4853 1341 4926 diligenda3
1375 4851 1629 4922 scilicet,
1671 4847 2037 4907 intellectivae
2059 4892 2080 4919 ,
2111 4847 2281 4905 effec-

735 4950 888 5020 tivae,
916 4948 1216 5007 affectivae.
1247 4947 1493 5017 QuaeriS,
1523 4944 1745 5020 quare?
1772 4942 1919 5012 Quia
1946 4945 2079 4999 sunt
2105 4940 2281 4999 lumi-

733 5043 904 5103 naria
925 5042 1185 5101 veritatis
1199 5083 1217 5113 ‚
1249 5040 1564 5100 electuaria
1587 5038 1850 5097 sanitatis
1868 5080 1890 5109 ,
1916 5036 2279 5111 exemplaria

733 5136 1072 5196 honestatis,
1112 5139 1190 5195 De
1231 5135 1429 5211 primo
1469 5135 1490 5167 ⁴
1528 5154 1544 5192 ε
1580 5153 1610 5190 α
1641 5137 1939 5212 Ingressus
1974 5131 2277 5206 sapientias

799 5264 818 5297 ¹
841 5264 1041 5327 Ion-em„
1069 5274 1149 5325 vr,
1179 5264 1258 5312 21.
1288 5287 1351 5299 -
1375 5260 1394 5290 ²
1420 5261 1624 5323 Ivem„
1664 5272 1709 5323 1,
1740 5261 1786 5309 9.
1821 5286 1876 5295 --
1902 5258 1921 5288 ³
1952 5259 2076 5321 Ira„
2107 5270 2158 5323 V,
2198 5263 2274 5310 14.

734 5360 797 5372 —
830 5336 852 5371 δ
886 5334 1069 5398 Ereti„
1098 5346 1145 5397 1,
1172 5336 1219 5383 5.
1247 5358 1308 5370 —
1349 5334 1373 5368 ⁸
1407 5337 1570 5391 Pron„
1599 5343 1706 5394 vu,
1734 5335 1783 5380 2.
1813 5357 1874 5369 —
1911 5331 1932 5365 ⁶
1962 5331 2144 5395 Eccle„
2178 5344 2275 5394 xn,

1808 461 2224 532 EXPOSITIO
2269 460 2349 527 IN
2396 459 2922 528 PSALTERIUM.

2421 599 2703 656 mandata
2748 602 2996 665 aeterna3
3047 617 3072 647 »
3136 595 3278 668 quia
3318 596 3575 656 veritatis
3619 599 3943 661 luminaria.

2421 694 2500 749 De
2530 692 2790 750 secundo
2811 692 2869 748 ⁶:
2897 711 2924 745 «
2947 692 3128 748 Serva
3152 689 3434 749 mandata
3459 708 3617 768 mea,
3640 699 3698 754 et
3712 675 3896 770 vives3
3915 720 3939 751 n

2420 785 2563 858 quia
2597 785 2854 843 sanitatis
2892 783 3230 842 electuaria.
3272 786 3350 842 De
3381 786 3550 844 tertio
3578 788 3600 822 ⁸
3652 807 3667 846 ε
3707 807 3738 844 α
3774 792 3945 848 Deum

2418 880 2593 953 time,
2635 882 2693 938 et
2717 879 3000 940 mandata
3028 881 3155 952 ejus
3182 878 3474 953 observa3
3505 903 3533 938 »
3567 883 3711 959 quia
3747 885 3945 944 hones-

2419 974 2546 1033 tatis
2573 974 2952 1050 exemplaria.

2924 1138 3208 1193 Articulus
3239 1141 3447 1194 tertius.

2485 1261 2738 1318 Tertium
2784 1261 3048 1334 insonat,
3086 1260 3253 1335 quod
3287 1261 3545 1320 inculcat
3578 1281 3592 1320 ε
3640 1266 3944 1339 Diriyebar,

2347 1373 2352 1378 ·
2414 1353 2633 1412 scilicet
2667 1357 2955 1428 quantum
2992 1353 3072 1411 ad
3110 1354 3404 1413 desideria
3450 1356 3788 1432 rationalia,
3821 1376 3943 1433 quae

2414 1446 2746 1520 dirigebam
2792 1449 2870 1505 ad
2909 1448 3074 1505 bona
3098 1449 3350 1508 moralia
3386 1450 3617 1525 potiuS,
3663 1468 3845 1526 quam
3870 1455 3942 1511 ad

2412 1542 2760 1616 temporalia
2811 1543 3234 1617 comparanda.
3283 1547 3347 1600 Et
3392 1548 3557 1616 nota,
3592 1546 3760 1619 quod
3799 1547 3943 1605 circa

2413 1636 2705 1695 desideria
2739 1638 3002 1696 humana
3039 1640 3232 1713 potest
3279 1656 3402 1697 esse
3452 1641 3697 1700 directio
3743 1643 3943 1717 tripar-

2410 1731 2556 1789 tita:
2617 1733 2757 1806 quia
2802 1732 2976 1805 dirigi
3030 1737 3222 1806 potest
3268 1735 3447 1792 homo
3495 1752 3532 1793 a
3575 1736 3827 1795 Domino
3839 1780 3859 1809 ,
3909 1754 3943 1796 a

2409 1825 2707 1899 proximO,
2729 1843 2764 1884 a
2787 1827 3002 1900 seipso.
3034 1828 3316 1884 Dominus
3343 1828 3544 1902 dirigit
3573 1829 3913 1903 inspirando
3923 1850 3940 1903 3

2407 1920 2714 1993 proximus
2727 1963 2747 1992 ,
2776 1921 3128 1994 imperando
3141 1941 3160 1991 ς
3195 1922 3465 1995 ipsemet,
3509 1924 3839 1998 operando.
3871 1928 3942 1982 De

2405 2014 2601 2086 primo
2626 2015 2650 2050 ⁷
2681 2035 2694 2072 :
2742 2034 2773 2069 «
2802 2019 2912 2073 Cor
2947 2015 3204 2073 hominis
3246 2017 3506 2091 disponit
3531 2018 3693 2075 viam
3739 2035 3939 2091 suam,

2405 2108 2514 2165 sed
2567 2110 2798 2167 Domini
2838 2115 2923 2167 est
2974 2110 3226 2183 dirigere
3273 2128 3508 2184 gressus
3535 2112 3661 2184 ejus
3703 2132 3778 2169 :n
3816 2130 3941 2171 ecce

2405 2201 2648 2261 directio
2709 2204 2940 2261 Domini
2994 2204 3349 2279 inspirantis.
3405 2209 3483 2264 De
3538 2208 3804 2266 secundo
3856 2211 3876 2244 ⁸
3924 2230 3939 2265 ε

2408 2314 2437 2348 «
2475 2296 2666 2369 Dirige
2707 2297 2941 2355 semitas
2974 2299 3231 2372 pedibus
3258 2300 3400 2372 tuis,
3442 2320 3470 2354 »
3511 2300 3578 2359 id
3621 2305 3740 2374 est,
3777 2302 3943 2361 affec-

2403 2388 2561 2446 tibus
2595 2390 2708 2446 tuis
2744 2409 2757 2445 ε
2808 2408 2942 2448 ecce
2992 2392 3234 2451 directio
3285 2394 3543 2468 proximi
3580 2396 3936 2470 imperantis.

2402 2483 2479 2540 De
2507 2483 2675 2541 tertio
2705 2488 2763 2542 ⁹:
2787 2506 2813 2539 α
2837 2486 3186 2560 Simplicitas
3199 2489 3221 2561 j
3231 2493 3492 2547 ustorum
3515 2490 3728 2564 diriget
3755 2508 3858 2550 eos
3879 2510 3932 2548 :n

2403 2591 2535 2635 ecce
2565 2577 2807 2636 directio
2836 2580 3048 2640 suimet
3075 2585 3387 2656 operantis,

2882 2741 3169 2796 Articulus
3207 2746 3450 2812 quartus.

2471 2864 2753 2931 Quartum
2797 2867 3062 2938 resonat,
3094 2866 3262 2940 quod
3299 2871 3475 2925 restat
3504 2887 3519 2924 ε
3554 2869 3774 2929 Omnem
3799 2876 3939 2930 viam

2398 2959 2644 3029 iniquam
2677 2959 2800 3016 odio
2845 2961 3009 3017 habui
3044 2978 3064 3017 .·
3100 2961 3225 3019 haec
3254 2968 3338 3020 est
3374 2963 3474 3020 via
3508 2964 3938 3026 desideriorum

2398 3051 2723 3109 carnalium
2794 3052 3077 3111 adversus
3145 3056 3406 3114 animam
3474 3058 3858 3118 militantium
3922 3080 3935 3119 :

2395 3146 2548 3204 hanc
2587 3150 2745 3206 viam
2782 3151 3071 3224 Propheta
3098 3168 3221 3211 non
3250 3154 3565 3228 diligebat,
3597 3156 3702 3213 sed
3744 3158 3937 3232 potius

2397 3244 2746 3317 corrigebat.
2783 3248 2846 3302 Et
2891 3251 3060 3320 nota,
3104 3248 3270 3322 quod
3309 3248 3523 3322 legitur
3555 3252 3773 3325 triplex
3816 3254 3935 3325 via,

2396 3352 2653 3410 quarum
2693 3338 2810 3397 alia
2841 3355 2950 3395 nec
2984 3340 3309 3414 polluitur,
3348 3359 3458 3402 nec
3498 3344 3794 3417 arguitur3
3827 3345 3938 3404 alia

2394 3432 2709 3505 polluitur,
2740 3433 2847 3490 sed
2891 3450 3014 3491 non
3052 3435 3344 3509 arguitur3
3384 3437 3501 3495 alia
3538 3441 3596 3495 et
3630 3438 3935 3512 polluitur,

2396 3530 2452 3582 et
2486 3527 2767 3599 arguitur.
2809 3528 3004 3586 Prima
3045 3528 3373 3604 dominica3
3425 3533 3686 3590 secunda
3733 3533 3937 3603 diabo-

2392 3618 2537 3691 lica;
2570 3622 2736 3680 tertia
2761 3622 3040 3679 humana.
3072 3626 3150 3680 De
3177 3624 3372 3698 prima
3399 3626 3441 3660 ¹⁰
3470 3645 3534 3683 z«
3561 3630 3713 3685 Deus
3740 3645 3936 3698 meus,

2393 3713 2708 3788 impolluta
2738 3716 2836 3773 via
2873 3718 3000 3789 ejus
3034 3737 3049 3774 ε
3083 3737 3112 3773 »
3147 3735 3281 3777 ecce
3318 3721 3418 3777 via
3446 3721 3775 3794 dominica,
3808 3740 3937 3798 quae

2393 3826 2503 3867 nec
2553 3811 2863 3885 polluitur,
2906 3830 3015 3871 nec
3059 3814 3342 3887 arguitur.
3395 3820 3471 3874 De
3518 3818 3787 3877 secunda
3829 3821 3870 3855 ¹¹
3920 3836 3934 3873 ε

2400 3925 2428 3958 «
2452 3905 2557 3963 Via
2582 3906 2706 3964 haec
2741 3907 2972 3981 polluta
2999 3913 3112 3982 est,
3147 3910 3253 3967 sed
3281 3915 3336 3967 et
3362 3911 3490 3986 ipsa
3521 3911 3701 3969 hodie
3729 3913 3936 3971 sancti-

2391 3999 2663 4057 ficabitur
2710 4001 2771 4057 in
2815 4002 2988 4060 vasis.
3033 4023 3061 4057 n
3110 4004 3216 4060 Via
3257 4005 3489 4078 polluta
3535 4010 3622 4063 est
3663 4006 3937 4065 voluntas

2392 4095 2716 4168 diabolica,
2744 4098 2910 4170 cujus
2936 4114 3043 4155 vas
3072 4103 3157 4156 est
3175 4099 3438 4157 humana
3465 4100 3742 4161 voluntas
3763 4122 3778 4160 ε
3803 4108 3936 4160 tunc

2390 4189 2568 4262 igitur
2593 4190 2691 4248 via
2718 4192 2968 4265 polluta,
3000 4208 3125 4250 non
3153 4194 3216 4250 in
3243 4210 3337 4266 se,
3368 4195 3472 4252 sed
3501 4195 3564 4253 in
3589 4197 3747 4254 vasis
3776 4214 3938 4255 sanc-

2392 4284 2672 4355 tificatur,
2714 4301 2852 4342 cum
2886 4286 3164 4343 voluntas
3209 4288 3466 4346 hominis
3509 4290 3722 4363 injusta
3768 4290 3935 4363 Justi-

2389 4377 2620 4447 ficatur,
2648 4380 2704 4437 et
2733 4378 3030 4438 diabolica
3066 4380 3404 4439 deificatur:
3438 4399 3571 4440 ecce
3606 4384 3706 4441 via
3734 4384 3936 4442 diabo-

2388 4473 2543 4546 lica,
2584 4490 2718 4547 quae
2754 4474 3074 4548 polluitur,
3123 4476 3264 4550 quia
3307 4494 3540 4551 semper
3585 4477 3933 4553 inquinata,

2390 4570 2500 4627 sed
2570 4585 2693 4627 non
2754 4570 3018 4642 arguitur
3044 4615 3064 4644 ,
3137 4572 3422 4647 quoniam
3485 4573 3800 4633 obstinata.
3859 4579 3933 4632 De

2390 4663 2557 4721 tertia
2573 4661 2618 4700 ²²
2646 4683 2660 4722 :
2689 4683 2716 4717 «
2735 4664 2868 4721 Vias
2894 4681 3057 4723 meas
3079 4665 3143 4722 in
3162 4670 3481 4743 conspectu
3508 4668 3637 4740 ejus
3663 4685 3930 4742 arguam,

2390 4762 2448 4815 et
2478 4759 2603 4831 ipse
2633 4758 2741 4815 erit
2767 4758 3026 4818 salvator
3053 4777 3221 4819 meus
3253 4781 3267 4819 :
3297 4782 3325 4817 i)
3363 4779 3497 4821 ecce
3524 4763 3621 4820 via
3648 4763 3931 4834 humana,

2390 4866 2522 4925 quae
2551 4867 2988 4928 nonnunquam
3030 4854 3316 4927 polluitur
3357 4873 3465 4929 per
3511 4858 3933 4931 concupiscen-

2386 4946 2551 5018 tiam,
2576 4947 2682 5004 sed
2711 4948 2974 5020 arguitur
2991 4965 3098 5023 per
3120 4951 3560 5025 conscientiam,
3587 4956 3645 5011 et
3671 4953 3933 5011 abluitur

2386 5055 2496 5113 per
2519 5041 2946 5114 poenitentiam.

2388 5190 2465 5241 13.
2495 5216 2555 5228 —
2585 5193 2600 5222 ⁷
2628 5192 2797 5254 Prov„
2830 5204 2950 5256 xVI,
2978 5194 3024 5243 9.
3061 5218 3124 5230 -
3163 5196 3181 5224 ⁸
3215 5199 3376 5259 Prov„
3407 5207 3479 5259 Ν,
3509 5200 3588 5247 26.
3617 5223 3680 5235 -
3705 5200 3724 5229 ⁰
3760 5199 3926 5258 prov„

2387 5272 2476 5326 xl,
2516 5265 2567 5314 3.
2597 5289 2660 5299 —
2698 5265 2740 5299 ¹⁰
2773 5264 2910 5315 Psal.
2949 5277 3086 5328 xvn,
3123 5270 3201 5317 31.
3229 5294 3293 5304 —
3324 5271 3359 5304 ¹¹
3403 5271 3417 5317 Ι
3457 5269 3594 5332 Req.,
3631 5281 3750 5334 xxi,
3786 5273 3838 5320 5.
3870 5297 3924 5306 -

2390 5334 2428 5370 ¹²
2453 5334 2574 5397 lob,
2600 5347 2720 5399 xm,
2755 5339 2831 5387 15.
