<?xml version="1.0" encoding="UTF-8"?>
<!DOCTYPE html PUBLIC "-//W3C//DTD XHTML 1.0 Transitional//EN"
    "http://www.w3.org/TR/xhtml1/DTD/xhtml1-transitional.dtd">
<html xmlns="http://www.w3.org/1999/xhtml" xml:lang="en" lang="en">
 <head>
  <title>
</title>
<meta http-equiv="Content-Type" content="text/html;charset=utf-8" />
  <meta name='ocr-system' content='tesseract 3.04.00' />
  <meta name='ocr-capabilities' content='ocr_page ocr_carea ocr_par ocr_line ocrx_word'/>
</head>
<body>
  <div class='ocr_page' id='page_1' title='image "./srecardinalissb00cargoog_0722.png"; bbox 0 0 4196 6294; ppageno 0'>
   <div class='ocr_carea' id='block_1_1' title="bbox 784 392 906 455">
    <p class='ocr_par' dir='ltr' id='par_1_1' title="bbox 784 392 906 455">
     <span class='ocr_line' id='line_1_1' title="bbox 784 392 906 455; baseline 0 -2"><span class='ocrx_word' id='word_1_1' title='bbox 784 392 906 455; x_wconf 71' lang='lat'>664</span> 
     </span>
    </p>
   </div>
   <div class='ocr_carea' id='block_1_2' title="bbox 787 519 2340 3091">
    <p class='ocr_par' dir='ltr' id='par_1_2' title="bbox 787 519 2340 3091">
     <span class='ocr_line' id='line_1_2' title="bbox 867 519 2324 602; baseline -0.002 -15"><span class='ocrx_word' id='word_1_2' title='bbox 867 527 928 587; x_wconf 82' lang='lat'>5.</span> <span class='ocrx_word' id='word_1_3' title='bbox 957 521 1074 587; x_wconf 78' lang='lat' dir='ltr'>Est</span> <span class='ocrx_word' id='word_1_4' title='bbox 1096 520 1335 586; x_wconf 83' lang='lat' dir='ltr'>malum</span> <span class='ocrx_word' id='word_1_5' title='bbox 1357 520 1533 602; x_wconf 79' lang='lat' dir='ltr'>quod</span> <span class='ocrx_word' id='word_1_6' title='bbox 1555 521 1717 601; x_wconf 79' lang='lat' dir='ltr'>vidi,</span> <span class='ocrx_word' id='word_1_7' title='bbox 1738 526 1856 585; x_wconf 89' lang='lat' dir='ltr'>etc.</span> <span class='ocrx_word' id='word_1_8' title='bbox 1877 519 2200 601; x_wconf 79' lang='lat' dir='ltr'><strong>Tangitur</strong></span> <span class='ocrx_word' id='word_1_9' title='bbox 2218 519 2324 584; x_wconf 90' lang='lat' dir='ltr'>hic</span> 
     </span>
     <span class='ocr_line' id='line_1_3' title="bbox 787 626 2323 711; baseline -0.002 -17"><span class='ocrx_word' id='word_1_10' title='bbox 787 628 1166 707; x_wconf 85' lang='lat' dir='ltr'>secundum,</span> <span class='ocrx_word' id='word_1_11' title='bbox 1192 626 1425 692; x_wconf 86' lang='lat' dir='ltr'>scilicet</span> <span class='ocrx_word' id='word_1_12' title='bbox 1450 628 1792 693; x_wconf 90' lang='lat' dir='ltr'>stultorum</span> <span class='ocrx_word' id='word_1_13' title='bbox 1808 629 2124 711; x_wconf 84' lang='lat' dir='ltr'>promotio</span> <span class='ocrx_word' id='word_1_14' title='bbox 2144 629 2323 693; x_wconf 90' lang='lat' dir='ltr'>inor-</span> 
     </span>
     <span class='ocr_line' id='line_1_4' title="bbox 787 734 2323 817; baseline 0 -17"><span class='ocrx_word' id='word_1_15' title='bbox 787 736 1022 815; x_wconf 86' lang='lat' dir='ltr'>dinata,</span> <span class='ocrx_word' id='word_1_16' title='bbox 1054 738 1195 800; x_wconf 89' lang='lat' dir='ltr'>tum</span> <span class='ocrx_word' id='word_1_17' title='bbox 1225 738 1486 817; x_wconf 88' lang='lat' dir='ltr'>propter</span> <span class='ocrx_word' id='word_1_18' title='bbox 1510 734 1822 800; x_wconf 85' lang='lat' dir='ltr'>defectum</span> <span class='ocrx_word' id='word_1_19' title='bbox 1849 735 2154 816; x_wconf 83' lang='lat' dir='ltr'>scientiae,</span> <span class='ocrx_word' id='word_1_20' title='bbox 2184 739 2323 800; x_wconf 89' lang='lat' dir='ltr'>tum</span> 
     </span>
     <span class='ocr_line' id='line_1_5' title="bbox 787 845 2325 932; baseline -0.002 -20"><span class='ocrx_word' id='word_1_21' title='bbox 787 851 1046 932; x_wconf 87' lang='lat' dir='ltr'>propter</span> <span class='ocrx_word' id='word_1_22' title='bbox 1074 846 1389 912; x_wconf 88' lang='lat' dir='ltr'>defectum</span> <span class='ocrx_word' id='word_1_23' title='bbox 1426 846 1576 911; x_wconf 84' lang='lat' dir='ltr'>vitae</span> <span class='ocrx_word' id='word_1_24' title='bbox 1619 865 1637 910; x_wconf 75' lang='grc' dir='ltr'>ε</span> <span class='ocrx_word' id='word_1_25' title='bbox 1675 847 1827 930; x_wconf 87' lang='lat' dir='ltr'>quia</span> <span class='ocrx_word' id='word_1_26' title='bbox 1860 845 2036 912; x_wconf 88' lang='lat' dir='ltr'>stulti</span> <span class='ocrx_word' id='word_1_27' title='bbox 2071 849 2136 910; x_wconf 98' lang='lat' dir='ltr'>et</span> <span class='ocrx_word' id='word_1_28' title='bbox 2171 845 2325 910; x_wconf 88' lang='lat' dir='ltr'>mali</span> 
     </span>
     <span class='ocr_line' id='line_1_6' title="bbox 788 953 2326 1038; baseline -0.003 -18"><span class='ocrx_word' id='word_1_29' title='bbox 788 954 1228 1038; x_wconf 62' lang='lat' dir='ltr'>praeficiuntur</span> <span class='ocrx_word' id='word_1_30' title='bbox 1241 1002 1258 1033; x_wconf 90' lang='lat'>,</span> <span class='ocrx_word' id='word_1_31' title='bbox 1291 953 1401 1019; x_wconf 87' lang='lat' dir='ltr'>sed</span> <span class='ocrx_word' id='word_1_32' title='bbox 1427 954 1743 1036; x_wconf 81' lang='lat' dir='ltr'>sapientes</span> <span class='ocrx_word' id='word_1_33' title='bbox 1777 957 1842 1018; x_wconf 87' lang='lat' dir='ltr'>et</span> <span class='ocrx_word' id='word_1_34' title='bbox 1876 953 2103 1018; x_wconf 83' lang='lat' dir='ltr'>divites</span> <span class='ocrx_word' id='word_1_35' title='bbox 2142 953 2326 1017; x_wconf 87' lang='lat' dir='ltr'>bonis</span> 
     </span>
     <span class='ocr_line' id='line_1_7' title="bbox 789 1061 2320 1145; baseline -0.001 -19"><span class='ocrx_word' id='word_1_36' title='bbox 789 1061 1077 1126; x_wconf 88' lang='lat' dir='ltr'>moribus</span> <span class='ocrx_word' id='word_1_37' title='bbox 1110 1061 1589 1144; x_wconf 87' lang='lat' dir='ltr'>deprimuntur;</span> <span class='ocrx_word' id='word_1_38' title='bbox 1624 1065 1882 1145; x_wconf 89' lang='lat' dir='ltr'>propter</span> <span class='ocrx_word' id='word_1_39' title='bbox 1922 1061 2094 1145; x_wconf 86' lang='lat' dir='ltr'>quod</span> <span class='ocrx_word' id='word_1_40' title='bbox 2131 1061 2320 1125; x_wconf 88' lang='lat' dir='ltr'>dicit:</span> 
     </span>
     <span class='ocr_line' id='line_1_8' title="bbox 788 1167 2328 1251; baseline -0.002 -17"><span class='ocrx_word' id='word_1_41' title='bbox 788 1169 909 1237; x_wconf 84' lang='lat' dir='ltr'>Est</span> <span class='ocrx_word' id='word_1_42' title='bbox 947 1168 1185 1234; x_wconf 80' lang='lat' dir='ltr'>malum</span> <span class='ocrx_word' id='word_1_43' title='bbox 1223 1167 1397 1251; x_wconf 81' lang='lat' dir='ltr'>quod</span> <span class='ocrx_word' id='word_1_44' title='bbox 1431 1168 1579 1235; x_wconf 80' lang='lat' dir='ltr'>vidi</span> <span class='ocrx_word' id='word_1_45' title='bbox 1611 1169 1727 1235; x_wconf 81' lang='lat' dir='ltr'>sub</span> <span class='ocrx_word' id='word_1_46' title='bbox 1775 1168 1936 1247; x_wconf 79' lang='lat' dir='ltr'>sole,</span> <span class='ocrx_word' id='word_1_47' title='bbox 1976 1167 2042 1233; x_wconf 90' lang='lat' dir='ltr'>id</span> <span class='ocrx_word' id='word_1_48' title='bbox 2082 1171 2211 1248; x_wconf 86' lang='lat' dir='ltr'>est,</span> <span class='ocrx_word' id='word_1_49' title='bbox 2256 1168 2328 1231; x_wconf 90' lang='lat' dir='ltr'>in</span> 
     </span>
     <span class='ocr_line' id='line_1_9' title="bbox 789 1279 2327 1365; baseline 0 -20"><span class='ocrx_word' id='word_1_50' title='bbox 789 1279 1089 1365; x_wconf 76' lang='lat' dir='ltr'>praesenti</span> <span class='ocrx_word' id='word_1_51' title='bbox 1104 1283 1273 1345; x_wconf 88' lang='lat' dir='ltr'>statu</span> <span class='ocrx_word' id='word_1_52' title='bbox 1294 1280 1639 1345; x_wconf 87' lang='lat' dir='ltr'>hominum</span> <span class='ocrx_word' id='word_1_53' title='bbox 1660 1302 1676 1345; x_wconf 74' lang='grc' dir='ltr'>ε</span> <span class='ocrx_word' id='word_1_54' title='bbox 1703 1279 1903 1357; x_wconf 71' lang='lat' dir='ltr'>Quasi</span> <span class='ocrx_word' id='word_1_55' title='bbox 1920 1293 2037 1362; x_wconf 75' lang='lat' dir='ltr'>per</span> <span class='ocrx_word' id='word_1_56' title='bbox 2056 1294 2327 1347; x_wconf 80' lang='lat' dir='ltr'>errorem</span> 
     </span>
     <span class='ocr_line' id='line_1_10' title="bbox 792 1386 2328 1471; baseline -0.003 -17"><span class='ocrx_word' id='word_1_57' title='bbox 792 1387 1135 1471; x_wconf 72' lang='lat' dir='ltr'>eqrediens,</span> <span class='ocrx_word' id='word_1_58' title='bbox 1164 1405 1295 1453; x_wconf 92' lang='lat' dir='ltr'>non</span> <span class='ocrx_word' id='word_1_59' title='bbox 1322 1405 1437 1470; x_wconf 89' lang='lat' dir='ltr'>per</span> <span class='ocrx_word' id='word_1_60' title='bbox 1465 1404 1748 1452; x_wconf 88' lang='lat' dir='ltr'>errorem</span> <span class='ocrx_word' id='word_1_61' title='bbox 1776 1386 2126 1452; x_wconf 89' lang='lat' dir='ltr'>secundum</span> <span class='ocrx_word' id='word_1_62' title='bbox 2154 1387 2328 1453; x_wconf 86' lang='lat' dir='ltr'>veri-</span> 
     </span>
     <span class='ocr_line' id='line_1_11' title="bbox 790 1493 2327 1578; baseline 0 -19"><span class='ocrx_word' id='word_1_63' title='bbox 790 1498 986 1559; x_wconf 81' lang='lat' dir='ltr'><strong>tatem</strong></span> <span class='ocrx_word' id='word_1_64' title='bbox 1013 1542 1031 1572; x_wconf 90' lang='lat'>,</span> <span class='ocrx_word' id='word_1_65' title='bbox 1077 1493 1188 1557; x_wconf 87' lang='lat' dir='ltr'>sed</span> <span class='ocrx_word' id='word_1_66' title='bbox 1243 1497 1621 1578; x_wconf 80' lang='lat' dir='ltr'><strong>apparenter</strong></span> <span class='ocrx_word' id='word_1_67' title='bbox 1673 1511 1787 1576; x_wconf 88' lang='lat' dir='ltr'>per</span> <span class='ocrx_word' id='word_1_68' title='bbox 1836 1511 2119 1558; x_wconf 88' lang='lat' dir='ltr'>errorem</span> <span class='ocrx_word' id='word_1_69' title='bbox 2141 1543 2159 1573; x_wconf 90' lang='lat'>,</span> <span class='ocrx_word' id='word_1_70' title='bbox 2220 1495 2327 1559; x_wconf 91' lang='lat' dir='ltr'>sed</span> 
     </span>
     <span class='ocr_line' id='line_1_12' title="bbox 790 1602 2328 1695; baseline 0 -26"><span class='ocrx_word' id='word_1_71' title='bbox 790 1610 1008 1669; x_wconf 88' lang='lat' dir='ltr'>tamen</span> <span class='ocrx_word' id='word_1_72' title='bbox 1056 1602 1410 1667; x_wconf 87' lang='lat' dir='ltr'>secundum</span> <span class='ocrx_word' id='word_1_73' title='bbox 1445 1605 1700 1695; x_wconf 23' lang='lat' dir='ltr'>justam·</span> <span class='ocrx_word' id='word_1_74' title='bbox 1726 1602 2177 1669; x_wconf 81' lang='lat' dir='ltr'>discussionem</span> <span class='ocrx_word' id='word_1_75' title='bbox 2210 1627 2225 1668; x_wconf 91' lang='lat'>:</span> <span class='ocrx_word' id='word_1_76' title='bbox 2271 1605 2328 1669; x_wconf 82' lang='lat' dir='ltr'>A</span> 
     </span>
     <span class='ocr_line' id='line_1_13' title="bbox 790 1710 2327 1794; baseline -0.003 -16"><span class='ocrx_word' id='word_1_77' title='bbox 790 1713 959 1794; x_wconf 73' lang='lat' dir='ltr'>facie</span> <span class='ocrx_word' id='word_1_78' title='bbox 983 1711 1340 1794; x_wconf 74' lang='lat' dir='ltr'>principis,</span> <span class='ocrx_word' id='word_1_79' title='bbox 1368 1710 1540 1774; x_wconf 87' lang='lat' dir='ltr'>illius</span> <span class='ocrx_word' id='word_1_80' title='bbox 1567 1710 1821 1790; x_wconf 88' lang='lat' dir='ltr'>scilicet,</span> <span class='ocrx_word' id='word_1_81' title='bbox 1850 1728 1891 1773; x_wconf 92' lang='lat' dir='ltr'>a</span> <span class='ocrx_word' id='word_1_82' title='bbox 1914 1728 2043 1792; x_wconf 85' lang='lat' dir='ltr'>quo</span> <span class='ocrx_word' id='word_1_83' title='bbox 2068 1714 2163 1774; x_wconf 90' lang='lat' dir='ltr'>est</span> <span class='ocrx_word' id='word_1_84' title='bbox 2184 1729 2327 1775; x_wconf 93' lang='lat' dir='ltr'>om-</span> 
     </span>
     <span class='ocr_line' id='line_1_14' title="bbox 793 1815 2331 1901; baseline 0 -19"><span class='ocrx_word' id='word_1_85' title='bbox 793 1819 896 1883; x_wconf 90' lang='lat' dir='ltr'>nis</span> <span class='ocrx_word' id='word_1_86' title='bbox 920 1820 1212 1901; x_wconf 85' lang='lat' dir='ltr'>potestas,</span> <span class='ocrx_word' id='word_1_87' title='bbox 1244 1816 1358 1899; x_wconf 81' lang='lat' dir='ltr'>qui</span> <span class='ocrx_word' id='word_1_88' title='bbox 1383 1819 1559 1899; x_wconf 87' lang='lat' dir='ltr'>justo</span> <span class='ocrx_word' id='word_1_89' title='bbox 1586 1815 1829 1899; x_wconf 84' lang='lat' dir='ltr'>judicio</span> <span class='ocrx_word' id='word_1_90' title='bbox 1857 1816 1965 1880; x_wconf 89' lang='lat' dir='ltr'>dat</span> <span class='ocrx_word' id='word_1_91' title='bbox 1989 1816 2331 1899; x_wconf 88' lang='lat' dir='ltr'>aliquando</span> 
     </span>
     <span class='ocr_line' id='line_1_15' title="bbox 795 1923 2333 2008; baseline -0.001 -17"><span class='ocrx_word' id='word_1_92' title='bbox 795 1927 996 1991; x_wconf 89' lang='lat' dir='ltr'>malos</span> <span class='ocrx_word' id='word_1_93' title='bbox 1037 1924 1332 2008; x_wconf 68' lang='lat' dir='ltr'>praelatos</span> <span class='ocrx_word' id='word_1_94' title='bbox 1377 1924 1397 1959; x_wconf 83' lang='lat'>²</span> <span class='ocrx_word' id='word_1_95' title='bbox 1447 1945 1463 1987; x_wconf 75' lang='grc' dir='ltr'><strong><em>ε</em></strong></span> <span class='ocrx_word' id='word_1_96' title='bbox 1520 1946 1552 1985; x_wconf 78' lang='grc' dir='ltr'><strong>α</strong></span> <span class='ocrx_word' id='word_1_97' title='bbox 1601 1923 1771 1988; x_wconf 90' lang='lat' dir='ltr'>Dabo</span> <span class='ocrx_word' id='word_1_98' title='bbox 1824 1923 1939 1988; x_wconf 84' lang='lat' dir='ltr'>tibi</span> <span class='ocrx_word' id='word_1_99' title='bbox 1990 1943 2214 2006; x_wconf 87' lang='lat' dir='ltr'>regem</span> <span class='ocrx_word' id='word_1_100' title='bbox 2263 1926 2333 1989; x_wconf 87' lang='lat' dir='ltr'>in</span> 
     </span>
     <span class='ocr_line' id='line_1_16' title="bbox 796 2032 2334 2114; baseline 0.001 -16"><span class='ocrx_word' id='word_1_101' title='bbox 796 2035 1011 2099; x_wconf 83' lang='lat' dir='ltr'>furore</span> <span class='ocrx_word' id='word_1_102' title='bbox 1069 2051 1214 2098; x_wconf 82' lang='lat' dir='ltr'>meo</span> <span class='ocrx_word' id='word_1_103' title='bbox 1237 2081 1256 2111; x_wconf 92' lang='lat'>,</span> <span class='ocrx_word' id='word_1_104' title='bbox 1309 2035 1373 2098; x_wconf 94' lang='lat' dir='ltr'>et</span> <span class='ocrx_word' id='word_1_105' title='bbox 1426 2032 1711 2099; x_wconf 80' lang='lat' dir='ltr'><strong>auferam</strong></span> <span class='ocrx_word' id='word_1_106' title='bbox 1763 2033 1833 2095; x_wconf 91' lang='lat' dir='ltr'>in</span> <span class='ocrx_word' id='word_1_107' title='bbox 1894 2033 2334 2114; x_wconf 82' lang='lat' dir='ltr'>indignatione</span> 
     </span>
     <span class='ocr_line' id='line_1_17' title="bbox 803 2140 2330 2224; baseline 0 -17"><span class='ocrx_word' id='word_1_108' title='bbox 803 2160 965 2207; x_wconf 88' lang='lat' dir='ltr'>mea.</span> <span class='ocrx_word' id='word_1_109' title='bbox 995 2163 1026 2203; x_wconf 72' lang='grc' dir='ltr'><strong>υ</strong></span> <span class='ocrx_word' id='word_1_110' title='bbox 1061 2142 1140 2207; x_wconf 89' lang='lat' dir='ltr'>Et</span> <span class='ocrx_word' id='word_1_111' title='bbox 1172 2140 1502 2224; x_wconf 81' lang='lat' dir='ltr'>exprimit,</span> <span class='ocrx_word' id='word_1_112' title='bbox 1539 2140 1712 2223; x_wconf 85' lang='lat' dir='ltr'>quod</span> <span class='ocrx_word' id='word_1_113' title='bbox 1746 2143 1841 2204; x_wconf 86' lang='lat' dir='ltr'>est</span> <span class='ocrx_word' id='word_1_114' title='bbox 1875 2140 2032 2206; x_wconf 88' lang='lat' dir='ltr'>illud</span> <span class='ocrx_word' id='word_1_115' title='bbox 2062 2141 2330 2220; x_wconf 89' lang='lat' dir='ltr'>malum,</span> 
     </span>
     <span class='ocr_line' id='line_1_18' title="bbox 798 2249 2333 2334; baseline 0.002 -19"><span class='ocrx_word' id='word_1_116' title='bbox 798 2253 1116 2334; x_wconf 89' lang='lat' dir='ltr'>quantum</span> <span class='ocrx_word' id='word_1_117' title='bbox 1142 2251 1223 2316; x_wconf 89' lang='lat' dir='ltr'>ad</span> <span class='ocrx_word' id='word_1_118' title='bbox 1248 2250 1562 2315; x_wconf 83' lang='lat' dir='ltr'>defectum</span> <span class='ocrx_word' id='word_1_119' title='bbox 1590 2249 1869 2314; x_wconf 83' lang='lat' dir='ltr'>scientiae</span> <span class='ocrx_word' id='word_1_120' title='bbox 1899 2249 1983 2332; x_wconf 89' lang='lat' dir='ltr'>(v.</span> <span class='ocrx_word' id='word_1_121' title='bbox 2015 2250 2074 2331; x_wconf 82' lang='lat'>6)</span> <span class='ocrx_word' id='word_1_122' title='bbox 2109 2273 2122 2314; x_wconf 92' lang='lat'>:</span> <span class='ocrx_word' id='word_1_123' title='bbox 2157 2251 2333 2318; x_wconf 80' lang='lat' dir='ltr'>Posi-</span> 
     </span>
     <span class='ocr_line' id='line_1_19' title="bbox 801 2358 2329 2443; baseline -0.001 -14"><span class='ocrx_word' id='word_1_124' title='bbox 801 2367 934 2429; x_wconf 78' lang='lat' dir='ltr'>tum</span> <span class='ocrx_word' id='word_1_125' title='bbox 955 2361 1222 2428; x_wconf 74' lang='lat' dir='ltr'>stultum</span> <span class='ocrx_word' id='word_1_126' title='bbox 1248 2363 1323 2427; x_wconf 81' lang='lat' dir='ltr'>in</span> <span class='ocrx_word' id='word_1_127' title='bbox 1350 2359 1670 2443; x_wconf 70' lang='lat' dir='ltr'>diqnitate</span> <span class='ocrx_word' id='word_1_128' title='bbox 1695 2358 1957 2426; x_wconf 79' lang='lat' dir='ltr'>sublimi</span> <span class='ocrx_word' id='word_1_129' title='bbox 1986 2377 2009 2423; x_wconf 92' lang='lat'>.·</span> <span class='ocrx_word' id='word_1_130' title='bbox 2027 2362 2329 2443; x_wconf 70' lang='lat' dir='ltr'>positum,</span> 
     </span>
     <span class='ocr_line' id='line_1_20' title="bbox 800 2467 2333 2552; baseline -0.002 -18"><span class='ocrx_word' id='word_1_131' title='bbox 800 2470 961 2534; x_wconf 91' lang='lat' dir='ltr'>bene</span> <span class='ocrx_word' id='word_1_132' title='bbox 986 2467 1173 2546; x_wconf 87' lang='lat' dir='ltr'>dicit,</span> <span class='ocrx_word' id='word_1_133' title='bbox 1198 2468 1362 2551; x_wconf 61' lang='lat' dir='ltr'>{quia</span> <span class='ocrx_word' id='word_1_134' title='bbox 1397 2485 1528 2532; x_wconf 93' lang='lat' dir='ltr'>non</span> <span class='ocrx_word' id='word_1_135' title='bbox 1562 2470 1658 2532; x_wconf 89' lang='lat' dir='ltr'>est</span> <span class='ocrx_word' id='word_1_136' title='bbox 1687 2467 1777 2530; x_wconf 87' lang='lat' dir='ltr'>ibi</span> <span class='ocrx_word' id='word_1_137' title='bbox 1809 2468 1933 2531; x_wconf 88' lang='lat' dir='ltr'>nisi</span> <span class='ocrx_word' id='word_1_138' title='bbox 1970 2467 2129 2532; x_wconf 81' lang='lat' dir='ltr'>falsa</span> <span class='ocrx_word' id='word_1_139' title='bbox 2163 2470 2333 2552; x_wconf 89' lang='lat' dir='ltr'>posi-</span> 
     </span>
     <span class='ocr_line' id='line_1_21' title="bbox 799 2573 2333 2656; baseline 0.001 -17"><span class='ocrx_word' id='word_1_140' title='bbox 799 2575 888 2639; x_wconf 89' lang='lat' dir='ltr'>tio</span> <span class='ocrx_word' id='word_1_141' title='bbox 912 2578 937 2613; x_wconf 84' lang='lat'><strong>¹</strong></span> <span class='ocrx_word' id='word_1_142' title='bbox 971 2592 987 2638; x_wconf 72' lang='grc' dir='ltr'><strong><em>ε</em></strong></span> <span class='ocrx_word' id='word_1_143' title='bbox 1026 2597 1056 2635; x_wconf 77' lang='lat' dir='ltr'>c</span> <span class='ocrx_word' id='word_1_144' title='bbox 1086 2573 1358 2639; x_wconf 87' lang='lat' dir='ltr'>Posuisti</span> <span class='ocrx_word' id='word_1_145' title='bbox 1380 2575 1507 2653; x_wconf 90' lang='lat' dir='ltr'>eis;</span> <span class='ocrx_word' id='word_1_146' title='bbox 1534 2573 1811 2656; x_wconf 87' lang='lat' dir='ltr'>dejecisti</span> <span class='ocrx_word' id='word_1_147' title='bbox 1843 2593 1972 2652; x_wconf 78' lang='lat' dir='ltr'>eoS,</span> <span class='ocrx_word' id='word_1_148' title='bbox 2003 2576 2158 2639; x_wconf 92' lang='lat' dir='ltr'>dum</span> <span class='ocrx_word' id='word_1_149' title='bbox 2182 2575 2333 2640; x_wconf 91' lang='lat' dir='ltr'>alle-</span> 
     </span>
     <span class='ocr_line' id='line_1_22' title="bbox 801 2680 2334 2767; baseline 0.002 -21"><span class='ocrx_word' id='word_1_150' title='bbox 801 2686 1127 2747; x_wconf 87' lang='lat' dir='ltr'>varentur.</span> <span class='ocrx_word' id='word_1_151' title='bbox 1168 2703 1199 2742; x_wconf 74' lang='lat' dir='ltr'>n</span> <span class='ocrx_word' id='word_1_152' title='bbox 1233 2680 1348 2746; x_wconf 83' lang='lat' dir='ltr'>Vel</span> <span class='ocrx_word' id='word_1_153' title='bbox 1390 2682 1696 2765; x_wconf 74' lang='lat' dir='ltr'>positum,</span> <span class='ocrx_word' id='word_1_154' title='bbox 1726 2688 2032 2764; x_wconf 89' lang='lat' dir='ltr'>tanquam</span> <span class='ocrx_word' id='word_1_155' title='bbox 2058 2683 2334 2767; x_wconf 88' lang='lat' dir='ltr'>lapidem</span> 
     </span>
     <span class='ocr_line' id='line_1_23' title="bbox 804 2788 2337 2872; baseline 0.002 -17"><span class='ocrx_word' id='word_1_156' title='bbox 804 2791 1141 2869; x_wconf 88' lang='lat' dir='ltr'>inutilem;</span> <span class='ocrx_word' id='word_1_157' title='bbox 1186 2788 1358 2855; x_wconf 90' lang='lat' dir='ltr'>unde</span> <span class='ocrx_word' id='word_1_158' title='bbox 1402 2807 1517 2872; x_wconf 89' lang='lat' dir='ltr'>per</span> <span class='ocrx_word' id='word_1_159' title='bbox 1557 2788 1938 2872; x_wconf 89' lang='lat' dir='ltr'>Prophetam</span> <span class='ocrx_word' id='word_1_160' title='bbox 1986 2791 2215 2857; x_wconf 89' lang='lat' dir='ltr'>dicitur</span> <span class='ocrx_word' id='word_1_161' title='bbox 2261 2795 2337 2858; x_wconf 91' lang='lat' dir='ltr'>de</span> 
     </span>
     <span class='ocr_line' id='line_1_24' title="bbox 805 2896 2338 2982; baseline 0.003 -19"><span class='ocrx_word' id='word_1_162' title='bbox 805 2899 995 2964; x_wconf 88' lang='lat' dir='ltr'>stulto</span> <span class='ocrx_word' id='word_1_163' title='bbox 1022 2897 1284 2982; x_wconf 84' lang='lat' dir='ltr'>praelato</span> <span class='ocrx_word' id='word_1_164' title='bbox 1304 2901 1367 2961; x_wconf 79' lang='lat'>⁸:</span> <span class='ocrx_word' id='word_1_165' title='bbox 1400 2919 1431 2958; x_wconf 74' lang='grc' dir='ltr'><em>α</em></span> <span class='ocrx_word' id='word_1_166' title='bbox 1463 2896 1511 2961; x_wconf 91' lang='grc' dir='ltr'><strong>Ο</strong></span> <span class='ocrx_word' id='word_1_167' title='bbox 1541 2901 1754 2979; x_wconf 86' lang='lat' dir='ltr'>pastor</span> <span class='ocrx_word' id='word_1_168' title='bbox 1777 2902 1841 2962; x_wconf 85' lang='lat' dir='ltr'>et</span> <span class='ocrx_word' id='word_1_169' title='bbox 1865 2898 2134 2981; x_wconf 89' lang='lat' dir='ltr'>idolum,</span> <span class='ocrx_word' id='word_1_170' title='bbox 2165 2901 2338 2967; x_wconf 78' lang='lat' dir='ltr'>dere-</span> 
     </span>
     <span class='ocr_line' id='line_1_25' title="bbox 802 3004 2340 3091; baseline 0.003 -19"><span class='ocrx_word' id='word_1_171' title='bbox 802 3009 1098 3091; x_wconf 85' lang='lat' dir='ltr'>linquens</span> <span class='ocrx_word' id='word_1_172' title='bbox 1140 3024 1408 3088; x_wconf 83' lang='lat' dir='ltr'>gregem</span> <span class='ocrx_word' id='word_1_173' title='bbox 1421 3054 1437 3085; x_wconf 93' lang='lat'>,</span> <span class='ocrx_word' id='word_1_174' title='bbox 1481 3004 1734 3087; x_wconf 89' lang='lat' dir='ltr'>gladius</span> <span class='ocrx_word' id='word_1_175' title='bbox 1778 3024 1972 3090; x_wconf 90' lang='lat' dir='ltr'>super</span> <span class='ocrx_word' id='word_1_176' title='bbox 2004 3010 2340 3076; x_wconf 85' lang='lat' dir='ltr'>brachium</span> 
     </span>
    </p>
   </div>
   <div class='ocr_carea' id='block_1_3' title="bbox 805 3113 2349 3199">
    <p class='ocr_par' dir='ltr' id='par_1_3' title="bbox 805 3113 2349 3199">
     <span class='ocr_line' id='line_1_26' title="bbox 805 3113 2349 3199; baseline -0.004 -17"><span class='ocrx_word' id='word_1_177' title='bbox 805 3118 861 3199; x_wconf 88' lang='lat' dir='ltr'>ej</span> <span class='ocrx_word' id='word_1_178' title='bbox 870 3133 945 3181; x_wconf 87' lang='lat' dir='ltr'>us</span> <span class='ocrx_word' id='word_1_179' title='bbox 959 3164 976 3190; x_wconf 88' lang='lat'><em>‚</em></span> <span class='ocrx_word' id='word_1_180' title='bbox 1005 3116 1069 3179; x_wconf 91' lang='lat' dir='ltr'>et</span> <span class='ocrx_word' id='word_1_181' title='bbox 1098 3131 1292 3197; x_wconf 89' lang='lat' dir='ltr'>super</span> <span class='ocrx_word' id='word_1_182' title='bbox 1328 3113 1584 3179; x_wconf 91' lang='lat' dir='ltr'>oculum</span> <span class='ocrx_word' id='word_1_183' title='bbox 1616 3115 1910 3179; x_wconf 86' lang='lat' dir='ltr'>dextrum</span> <span class='ocrx_word' id='word_1_184' title='bbox 1953 3119 2094 3199; x_wconf 88' lang='lat' dir='ltr'>ejus</span> <span class='ocrx_word' id='word_1_185' title='bbox 2135 3140 2150 3181; x_wconf 91' lang='lat'>:</span> <span class='ocrx_word' id='word_1_186' title='bbox 2201 3118 2349 3185; x_wconf 88' lang='lat' dir='ltr'>bra-.</span> 
     </span>
    </p>
   </div>
   <div class='ocr_carea' id='block_1_4' title="bbox 731 3222 2343 4925">
    <p class='ocr_par' dir='ltr' id='par_1_4' title="bbox 731 3222 2343 4925">
     <span class='ocr_line' id='line_1_27' title="bbox 807 3222 2340 3304; baseline 0.003 -15"><span class='ocrx_word' id='word_1_187' title='bbox 807 3225 1026 3290; x_wconf 90' lang='lat' dir='ltr'>chium</span> <span class='ocrx_word' id='word_1_188' title='bbox 1069 3223 1210 3304; x_wconf 89' lang='lat' dir='ltr'>ejus</span> <span class='ocrx_word' id='word_1_189' title='bbox 1247 3222 1537 3288; x_wconf 87' lang='lat' dir='ltr'>ariditate</span> <span class='ocrx_word' id='word_1_190' title='bbox 1585 3222 1922 3287; x_wconf 88' lang='lat' dir='ltr'>siccabitur</span> <span class='ocrx_word' id='word_1_191' title='bbox 1945 3272 1962 3302; x_wconf 89' lang='lat'>‚</span> <span class='ocrx_word' id='word_1_192' title='bbox 2010 3227 2074 3288; x_wconf 87' lang='lat' dir='ltr'>et</span> <span class='ocrx_word' id='word_1_193' title='bbox 2117 3227 2340 3292; x_wconf 89' lang='lat' dir='ltr'>oculus</span> 
     </span>
     <span class='ocr_line' id='line_1_28' title="bbox 811 3331 2338 3413; baseline 0.004 -17"><span class='ocrx_word' id='word_1_194' title='bbox 811 3332 1032 3396; x_wconf 85' lang='lat' dir='ltr'>dexter</span> <span class='ocrx_word' id='word_1_195' title='bbox 1058 3332 1200 3413; x_wconf 86' lang='lat' dir='ltr'>ejus</span> <span class='ocrx_word' id='word_1_196' title='bbox 1225 3331 1666 3395; x_wconf 82' lang='lat' dir='ltr'>tenebrescens</span> <span class='ocrx_word' id='word_1_197' title='bbox 1688 3331 2151 3398; x_wconf 87' lang='lat' dir='ltr'>obscurabitur.</span> <span class='ocrx_word' id='word_1_198' title='bbox 2200 3358 2231 3394; x_wconf 83' lang='lat'>»</span> <span class='ocrx_word' id='word_1_199' title='bbox 2262 3336 2338 3401; x_wconf 89' lang='lat' dir='ltr'>Et</span> 
     </span>
     <span class='ocr_line' id='line_1_29' title="bbox 809 3437 2339 3532; baseline 0.007 -30"><span class='ocrx_word' id='word_1_200' title='bbox 809 3439 949 3505; x_wconf 86' lang='lat' dir='ltr'>ideo</span> <span class='ocrx_word' id='word_1_201' title='bbox 966 3442 988 3478; x_wconf 72' lang='lat'>⁶</span> <span class='ocrx_word' id='word_1_202' title='bbox 1008 3457 1028 3503; x_wconf 74' lang='lat' dir='ltr'><em>z</em></span> <span class='ocrx_word' id='word_1_203' title='bbox 1059 3463 1090 3502; x_wconf 78' lang='grc' dir='ltr'><strong>σ</strong></span> <span class='ocrx_word' id='word_1_204' title='bbox 1114 3437 1294 3504; x_wconf 87' lang='lat' dir='ltr'>Sicut</span> <span class='ocrx_word' id='word_1_205' title='bbox 1309 3439 1420 3532; x_wconf 82' lang='lat' dir='ltr'>qui</span> <span class='ocrx_word' id='word_1_206' title='bbox 1440 3440 1633 3504; x_wconf 88' lang='lat' dir='ltr'>mittit</span> <span class='ocrx_word' id='word_1_207' title='bbox 1648 3440 1921 3523; x_wconf 88' lang='lat' dir='ltr'>lapidem</span> <span class='ocrx_word' id='word_1_208' title='bbox 1950 3441 2018 3506; x_wconf 92' lang='lat' dir='ltr'>in</span> <span class='ocrx_word' id='word_1_209' title='bbox 2037 3461 2339 3511; x_wconf 83' lang='lat' dir='ltr'>acervum</span> 
     </span>
     <span class='ocr_line' id='line_1_30' title="bbox 808 3546 2338 3636; baseline 0.004 -24"><span class='ocrx_word' id='word_1_210' title='bbox 808 3546 1133 3636; x_wconf 85' lang='lat' dir='ltr'>Mercurii,</span> <span class='ocrx_word' id='word_1_211' title='bbox 1179 3547 1271 3611; x_wconf 88' lang='lat' dir='ltr'>ita</span> <span class='ocrx_word' id='word_1_212' title='bbox 1320 3548 1435 3630; x_wconf 85' lang='lat' dir='ltr'>qui</span> <span class='ocrx_word' id='word_1_213' title='bbox 1482 3548 1706 3612; x_wconf 88' lang='lat' dir='ltr'>tribuit</span> <span class='ocrx_word' id='word_1_214' title='bbox 1759 3548 2081 3631; x_wconf 86' lang='lat' dir='ltr'>insipienti</span> <span class='ocrx_word' id='word_1_215' title='bbox 2135 3551 2338 3618; x_wconf 91' lang='lat' dir='ltr'>hono-</span> 
     </span>
     <span class='ocr_line' id='line_1_31' title="bbox 808 3654 2337 3728; baseline 0.006 -9"><span class='ocrx_word' id='word_1_216' title='bbox 808 3672 967 3719; x_wconf 91' lang='lat' dir='ltr'>rem.</span> <span class='ocrx_word' id='word_1_217' title='bbox 1006 3675 1038 3714; x_wconf 74' lang='lat'>»</span> <span class='ocrx_word' id='word_1_218' title='bbox 1074 3654 1123 3719; x_wconf 90' lang='lat' dir='ltr'>E</span> <span class='ocrx_word' id='word_1_219' title='bbox 1159 3659 1381 3720; x_wconf 89' lang='lat' dir='ltr'>contra</span> <span class='ocrx_word' id='word_1_220' title='bbox 1423 3673 1441 3719; x_wconf 73' lang='grc' dir='ltr'><strong><em>ε</em></strong></span> <span class='ocrx_word' id='word_1_221' title='bbox 1474 3658 1722 3723; x_wconf 75' lang='lat' dir='ltr'>Divites</span> <span class='ocrx_word' id='word_1_222' title='bbox 1766 3657 1977 3724; x_wconf 80' lang='lat' dir='ltr'>sedere</span> <span class='ocrx_word' id='word_1_223' title='bbox 2021 3657 2337 3728; x_wconf 80' lang='lat' dir='ltr'>deorsum.</span> 
     </span>
     <span class='ocr_line' id='line_1_32' title="bbox 808 3762 2338 3850; baseline 0.003 -21"><span class='ocrx_word' id='word_1_224' title='bbox 808 3763 1085 3840; x_wconf 57' lang='lat' dir='ltr'>Divitem,</span> <span class='ocrx_word' id='word_1_225' title='bbox 1125 3762 1358 3828; x_wconf 85' lang='lat' dir='ltr'>scilicet</span> <span class='ocrx_word' id='word_1_226' title='bbox 1394 3763 1580 3828; x_wconf 88' lang='lat' dir='ltr'>bonis</span> <span class='ocrx_word' id='word_1_227' title='bbox 1615 3764 1935 3845; x_wconf 77' lang='lat' dir='ltr'>moribuS,</span> <span class='ocrx_word' id='word_1_228' title='bbox 1966 3770 2027 3830; x_wconf 87' lang='lat' dir='ltr'>et</span> <span class='ocrx_word' id='word_1_229' title='bbox 2055 3769 2338 3850; x_wconf 90' lang='lat' dir='ltr'>scientia,</span> 
     </span>
     <span class='ocr_line' id='line_1_33' title="bbox 808 3868 2341 3961; baseline 0.007 -29"><span class='ocrx_word' id='word_1_230' title='bbox 808 3873 871 3933; x_wconf 87' lang='lat' dir='ltr'>et</span> <span class='ocrx_word' id='word_1_231' title='bbox 892 3868 1122 3953; x_wconf 89' lang='lat' dir='ltr'>gratia,</span> <span class='ocrx_word' id='word_1_232' title='bbox 1151 3870 1230 3934; x_wconf 91' lang='lat' dir='ltr'>de</span> <span class='ocrx_word' id='word_1_233' title='bbox 1252 3869 1488 3953; x_wconf 89' lang='lat' dir='ltr'>quibus</span> <span class='ocrx_word' id='word_1_234' title='bbox 1513 3871 1535 3906; x_wconf 81' lang='lat'>⁸</span> <span class='ocrx_word' id='word_1_235' title='bbox 1564 3891 1580 3934; x_wconf 90' lang='lat'>:</span> <span class='ocrx_word' id='word_1_236' title='bbox 1625 3893 1656 3931; x_wconf 77' lang='grc' dir='ltr'><em>α</em></span> <span class='ocrx_word' id='word_1_237' title='bbox 1687 3869 1759 3934; x_wconf 92' lang='lat' dir='ltr'>In</span> <span class='ocrx_word' id='word_1_238' title='bbox 1788 3873 2084 3961; x_wconf 87' lang='lat' dir='ltr'>omnibus</span> <span class='ocrx_word' id='word_1_239' title='bbox 2109 3875 2341 3943; x_wconf 88' lang='lat' dir='ltr'>divites</span> 
     </span>
     <span class='ocr_line' id='line_1_34' title="bbox 807 3976 2342 4054; baseline 0.008 -14"><span class='ocrx_word' id='word_1_240' title='bbox 807 3977 953 4042; x_wconf 84' lang='lat' dir='ltr'>facti</span> <span class='ocrx_word' id='word_1_241' title='bbox 986 3977 1135 4041; x_wconf 88' lang='lat' dir='ltr'>estis</span> <span class='ocrx_word' id='word_1_242' title='bbox 1166 3976 1234 4039; x_wconf 91' lang='lat' dir='ltr'>in</span> <span class='ocrx_word' id='word_1_243' title='bbox 1260 3976 1393 4054; x_wconf 90' lang='lat' dir='ltr'>illo,</span> <span class='ocrx_word' id='word_1_244' title='bbox 1424 3978 1497 4040; x_wconf 94' lang='lat' dir='ltr'>ut</span> <span class='ocrx_word' id='word_1_245' title='bbox 1530 3976 1690 4041; x_wconf 85' lang='lat' dir='ltr'>nihil</span> <span class='ocrx_word' id='word_1_246' title='bbox 1716 3979 1898 4043; x_wconf 86' lang='lat' dir='ltr'>vobis</span> <span class='ocrx_word' id='word_1_247' title='bbox 1924 3979 2084 4045; x_wconf 90' lang='lat' dir='ltr'>desit</span> <span class='ocrx_word' id='word_1_248' title='bbox 2110 3983 2179 4047; x_wconf 94' lang='lat' dir='ltr'>in</span> <span class='ocrx_word' id='word_1_249' title='bbox 2210 3986 2342 4052; x_wconf 91' lang='lat' dir='ltr'>ulla</span> 
     </span>
     <span class='ocr_line' id='line_1_35' title="bbox 731 4083 2343 4171; baseline 0.007 -23"><span class='ocrx_word' id='word_1_250' title='bbox 731 4159 736 4164; x_wconf 42' lang='lat'>‚</span> <span class='ocrx_word' id='word_1_251' title='bbox 810 4085 1042 4168; x_wconf 90' lang='lat' dir='ltr'>gratia.</span> <span class='ocrx_word' id='word_1_252' title='bbox 1071 4107 1103 4145; x_wconf 79' lang='lat'>1&gt;</span> <span class='ocrx_word' id='word_1_253' title='bbox 1144 4084 1221 4149; x_wconf 89' lang='lat' dir='ltr'>Et</span> <span class='ocrx_word' id='word_1_254' title='bbox 1240 4085 1303 4148; x_wconf 83' lang='lat'>⁸:</span> <span class='ocrx_word' id='word_1_255' title='bbox 1344 4107 1375 4144; x_wconf 74' lang='grc' dir='ltr'>α</span> <span class='ocrx_word' id='word_1_256' title='bbox 1397 4083 1643 4150; x_wconf 80' lang='lat' dir='ltr'>Divitiae</span> <span class='ocrx_word' id='word_1_257' title='bbox 1670 4085 1910 4166; x_wconf 86' lang='lat' dir='ltr'>salutis,</span> <span class='ocrx_word' id='word_1_258' title='bbox 1943 4089 2253 4171; x_wconf 86' lang='lat' dir='ltr'>sapientia</span> <span class='ocrx_word' id='word_1_259' title='bbox 2279 4101 2343 4159; x_wconf 91' lang='lat' dir='ltr'>et</span> 
     </span>
     <span class='ocr_line' id='line_1_36' title="bbox 809 4192 2335 4281; baseline 0.005 -24"><span class='ocrx_word' id='word_1_260' title='bbox 809 4192 1085 4258; x_wconf 86' lang='lat' dir='ltr'>scientia.</span> <span class='ocrx_word' id='word_1_261' title='bbox 1153 4214 1186 4253; x_wconf 70' lang='lat' dir='ltr'>n</span> <span class='ocrx_word' id='word_1_262' title='bbox 1243 4192 1563 4271; x_wconf 85' lang='lat' dir='ltr'>Quantum</span> <span class='ocrx_word' id='word_1_263' title='bbox 1631 4194 1711 4259; x_wconf 90' lang='lat' dir='ltr'>ad</span> <span class='ocrx_word' id='word_1_264' title='bbox 1765 4194 1919 4260; x_wconf 79' lang='lat' dir='ltr'>vitae</span> <span class='ocrx_word' id='word_1_265' title='bbox 1983 4197 2293 4264; x_wconf 83' lang='lat' dir='ltr'>defectum</span> <span class='ocrx_word' id='word_1_266' title='bbox 2313 4250 2335 4281; x_wconf 92' lang='lat'>,</span> 
     </span>
     <span class='ocr_line' id='line_1_37' title="bbox 808 4298 2341 4384; baseline 0.007 -22"><span class='ocrx_word' id='word_1_267' title='bbox 808 4298 957 4364; x_wconf 87' lang='lat' dir='ltr'>dicit</span> <span class='ocrx_word' id='word_1_268' title='bbox 998 4300 1082 4383; x_wconf 84' lang='lat' dir='ltr'>(v.</span> <span class='ocrx_word' id='word_1_269' title='bbox 1129 4303 1187 4381; x_wconf 88' lang='grc'>7)</span> <span class='ocrx_word' id='word_1_270' title='bbox 1225 4320 1242 4365; x_wconf 90' lang='lat'><strong>:</strong></span> <span class='ocrx_word' id='word_1_271' title='bbox 1296 4300 1454 4367; x_wconf 81' lang='lat' dir='ltr'>Vidi</span> <span class='ocrx_word' id='word_1_272' title='bbox 1491 4317 1700 4367; x_wconf 82' lang='lat' dir='ltr'>servos</span> <span class='ocrx_word' id='word_1_273' title='bbox 1733 4304 1808 4368; x_wconf 81' lang='lat' dir='ltr'>in</span> <span class='ocrx_word' id='word_1_274' title='bbox 1841 4305 2020 4384; x_wconf 77' lang='lat' dir='ltr'>equis</span> <span class='ocrx_word' id='word_1_275' title='bbox 2060 4326 2073 4368; x_wconf 77' lang='grc' dir='ltr'>ε</span> <span class='ocrx_word' id='word_1_276' title='bbox 2124 4324 2341 4373; x_wconf 85' lang='lat' dir='ltr'>servos</span> 
     </span>
     <span class='ocr_line' id='line_1_38' title="bbox 806 4407 2341 4492; baseline 0.005 -20"><span class='ocrx_word' id='word_1_277' title='bbox 806 4407 957 4472; x_wconf 87' lang='lat' dir='ltr'>dicit</span> <span class='ocrx_word' id='word_1_278' title='bbox 990 4414 1364 4491; x_wconf 79' lang='lat' dir='ltr'>peccatoreS,</span> <span class='ocrx_word' id='word_1_279' title='bbox 1405 4410 1483 4474; x_wconf 87' lang='lat' dir='ltr'>de</span> <span class='ocrx_word' id='word_1_280' title='bbox 1526 4410 1761 4492; x_wconf 85' lang='lat' dir='ltr'>quihus</span> <span class='ocrx_word' id='word_1_281' title='bbox 1804 4416 1827 4450; x_wconf 79' lang='lat'><em>⁷</em></span> <span class='ocrx_word' id='word_1_282' title='bbox 1875 4427 1892 4472; x_wconf 88' lang='lat'><strong>:</strong></span> <span class='ocrx_word' id='word_1_283' title='bbox 1949 4435 1980 4471; x_wconf 80' lang='grc' dir='ltr'><strong>α</strong></span> <span class='ocrx_word' id='word_1_284' title='bbox 2026 4412 2148 4490; x_wconf 86' lang='lat' dir='ltr'>Qui</span> <span class='ocrx_word' id='word_1_285' title='bbox 2191 4417 2341 4480; x_wconf 89' lang='lat' dir='ltr'>facit</span> 
     </span>
     <span class='ocr_line' id='line_1_39' title="bbox 803 4519 2339 4602; baseline 0.004 -22"><span class='ocrx_word' id='word_1_286' title='bbox 803 4519 1160 4597; x_wconf 85' lang='lat' dir='ltr'>peccatum,</span> <span class='ocrx_word' id='word_1_287' title='bbox 1190 4536 1412 4582; x_wconf 87' lang='lat' dir='ltr'>servus</span> <span class='ocrx_word' id='word_1_288' title='bbox 1436 4522 1532 4582; x_wconf 85' lang='lat' dir='ltr'>est</span> <span class='ocrx_word' id='word_1_289' title='bbox 1557 4519 1815 4601; x_wconf 86' lang='lat' dir='ltr'>peccati.</span> <span class='ocrx_word' id='word_1_290' title='bbox 1844 4539 1876 4577; x_wconf 79' lang='lat'>1&gt;</span> <span class='ocrx_word' id='word_1_291' title='bbox 1919 4519 2000 4584; x_wconf 79' lang='lat' dir='ltr'>In</span> <span class='ocrx_word' id='word_1_292' title='bbox 2025 4523 2237 4602; x_wconf 79' lang='lat' dir='ltr'>equis,</span> <span class='ocrx_word' id='word_1_293' title='bbox 2271 4523 2339 4586; x_wconf 93' lang='lat' dir='ltr'>in</span> 
     </span>
     <span class='ocr_line' id='line_1_40' title="bbox 801 4623 2328 4711; baseline 0.004 -24"><span class='ocrx_word' id='word_1_294' title='bbox 801 4623 1034 4706; x_wconf 85' lang='lat' dir='ltr'>plurali</span> <span class='ocrx_word' id='word_1_295' title='bbox 1081 4625 1227 4690; x_wconf 91' lang='lat' dir='ltr'>dicit</span> <span class='ocrx_word' id='word_1_296' title='bbox 1273 4625 1353 4690; x_wconf 90' lang='lat' dir='ltr'>ad</span> <span class='ocrx_word' id='word_1_297' title='bbox 1404 4626 1875 4708; x_wconf 85' lang='lat' dir='ltr'>expressionem</span> <span class='ocrx_word' id='word_1_298' title='bbox 1927 4644 2178 4711; x_wconf 84' lang='lat' dir='ltr'>pompae</span> <span class='ocrx_word' id='word_1_299' title='bbox 2231 4634 2253 4669; x_wconf 81' lang='lat'>⁸</span> <span class='ocrx_word' id='word_1_300' title='bbox 2313 4652 2328 4692; x_wconf 90' lang='lat'>:</span> 
     </span>
     <span class='ocr_line' id='line_1_41' title="bbox 809 4731 2337 4818; baseline 0.005 -26"><span class='ocrx_word' id='word_1_301' title='bbox 809 4754 841 4792; x_wconf 78' lang='grc' dir='ltr'>α</span> <span class='ocrx_word' id='word_1_302' title='bbox 867 4731 1025 4798; x_wconf 88' lang='lat' dir='ltr'>Cum</span> <span class='ocrx_word' id='word_1_303' title='bbox 1056 4733 1250 4799; x_wconf 83' lang='lat' dir='ltr'>fuerit</span> <span class='ocrx_word' id='word_1_304' title='bbox 1279 4734 1656 4798; x_wconf 81' lang='lat' dir='ltr'>constitutus</span> <span class='ocrx_word' id='word_1_305' title='bbox 1675 4783 1695 4813; x_wconf 90' lang='lat'>‚</span> <span class='ocrx_word' id='word_1_306' title='bbox 1737 4751 1868 4798; x_wconf 90' lang='lat' dir='ltr'>non</span> <span class='ocrx_word' id='word_1_307' title='bbox 1897 4734 2337 4818; x_wconf 88' lang='lat' dir='ltr'>multiplicabit</span> 
     </span>
     <span class='ocr_line' id='line_1_42' title="bbox 801 4838 2329 4925; baseline 0.006 -25"><span class='ocrx_word' id='word_1_308' title='bbox 801 4838 922 4902; x_wconf 84' lang='lat' dir='ltr'>sibi</span> <span class='ocrx_word' id='word_1_309' title='bbox 948 4858 1169 4923; x_wconf 77' lang='lat' dir='ltr'>equos,</span> <span class='ocrx_word' id='word_1_310' title='bbox 1211 4862 1244 4902; x_wconf 68' lang='grc' dir='ltr'>ι»</span> <span class='ocrx_word' id='word_1_311' title='bbox 1288 4840 1367 4905; x_wconf 89' lang='lat' dir='ltr'>Et</span> <span class='ocrx_word' id='word_1_312' title='bbox 1411 4845 1631 4906; x_wconf 89' lang='lat' dir='ltr'>contra</span> <span class='ocrx_word' id='word_1_313' title='bbox 1678 4864 1691 4904; x_wconf 92' lang='lat'><strong>:</strong></span> <span class='ocrx_word' id='word_1_314' title='bbox 1736 4842 2066 4925; x_wconf 75' lang='lat' dir='ltr'>Principes</span> <span class='ocrx_word' id='word_1_315' title='bbox 2111 4843 2329 4910; x_wconf 77' lang='lat' dir='ltr'>ambu-</span> 
     </span>
    </p>
   </div>
   <div class='ocr_carea' id='block_1_5' title="bbox 1788 383 2959 455">
    <p class='ocr_par' dir='ltr' id='par_1_5' title="bbox 1788 383 2959 455">
     <span class='ocr_line' id='line_1_43' title="bbox 1788 383 2959 455; baseline 0.001 -3"><span class='ocrx_word' id='word_1_316' title='bbox 1788 383 2202 452; x_wconf 80' lang='lat' dir='ltr'>EXPOSITIO</span> <span class='ocrx_word' id='word_1_317' title='bbox 2247 385 2325 451; x_wconf 82' lang='grc' dir='ltr'>ΙΝ</span> <span class='ocrx_word' id='word_1_318' title='bbox 2365 386 2959 455; x_wconf 80' lang='lat' dir='ltr'>ECCLESIASTEN.</span> 
     </span>
    </p>
   </div>
   <div class='ocr_carea' id='block_1_6' title="bbox 2426 522 3920 4912">
    <p class='ocr_par' dir='ltr' id='par_1_6' title="bbox 2426 522 3908 821">
     <span class='ocr_line' id='line_1_44' title="bbox 2429 522 3908 607; baseline 0.005 -21"><span class='ocrx_word' id='word_1_319' title='bbox 2429 522 2585 587; x_wconf 86' lang='lat' dir='ltr'>lstos</span> <span class='ocrx_word' id='word_1_320' title='bbox 2609 523 2769 588; x_wconf 88' lang='lat' dir='ltr'>vidit</span> <span class='ocrx_word' id='word_1_321' title='bbox 2796 523 2979 607; x_wconf 84' lang='lat' dir='ltr'>quasi</span> <span class='ocrx_word' id='word_1_322' title='bbox 3007 541 3261 602; x_wconf 77' lang='lat' dir='ltr'>servos3</span> <span class='ocrx_word' id='word_1_323' title='bbox 3295 524 3406 589; x_wconf 85' lang='lat' dir='ltr'>sed</span> <span class='ocrx_word' id='word_1_324' title='bbox 3438 524 3508 587; x_wconf 89' lang='lat' dir='ltr'>in</span> <span class='ocrx_word' id='word_1_325' title='bbox 3531 525 3735 589; x_wconf 86' lang='lat' dir='ltr'>futuro</span> <span class='ocrx_word' id='word_1_326' title='bbox 3756 532 3908 593; x_wconf 85' lang='lat' dir='ltr'>erunt</span> 
     </span>
     <span class='ocr_line' id='line_1_45' title="bbox 2428 629 3906 714; baseline 0.005 -21"><span class='ocrx_word' id='word_1_327' title='bbox 2428 647 2464 693; x_wconf 93' lang='lat' dir='ltr'>e</span> <span class='ocrx_word' id='word_1_328' title='bbox 2490 631 2803 695; x_wconf 85' lang='lat' dir='ltr'>contrario</span> <span class='ocrx_word' id='word_1_329' title='bbox 2820 631 2882 695; x_wconf 80' lang='lat'>⁹:</span> <span class='ocrx_word' id='word_1_330' title='bbox 2921 654 2953 692; x_wconf 76' lang='grc' dir='ltr'>α</span> <span class='ocrx_word' id='word_1_331' title='bbox 2981 629 3197 696; x_wconf 87' lang='lat' dir='ltr'>Omnis</span> <span class='ocrx_word' id='word_1_332' title='bbox 3215 630 3328 714; x_wconf 83' lang='lat' dir='ltr'>qui</span> <span class='ocrx_word' id='word_1_333' title='bbox 3345 649 3416 695; x_wconf 83' lang='lat' dir='ltr'>se</span> <span class='ocrx_word' id='word_1_334' title='bbox 3441 631 3747 713; x_wconf 87' lang='lat' dir='ltr'>humiliat,</span> <span class='ocrx_word' id='word_1_335' title='bbox 3772 635 3906 700; x_wconf 79' lang='lat' dir='ltr'>exal-</span> 
     </span>
     <span class='ocr_line' id='line_1_46' title="bbox 2426 737 3841 821; baseline 0 -20"><span class='ocrx_word' id='word_1_336' title='bbox 2426 737 2667 801; x_wconf 89' lang='lat' dir='ltr'>tabitur</span> <span class='ocrx_word' id='word_1_337' title='bbox 2690 758 2707 817; x_wconf 91' lang='lat'>;</span> <span class='ocrx_word' id='word_1_338' title='bbox 2734 738 2926 821; x_wconf 85' lang='lat' dir='ltr'>etqui</span> <span class='ocrx_word' id='word_1_339' title='bbox 2952 756 3019 802; x_wconf 88' lang='lat' dir='ltr'>se</span> <span class='ocrx_word' id='word_1_340' title='bbox 3046 737 3299 816; x_wconf 86' lang='lat' dir='ltr'>exaltat,</span> <span class='ocrx_word' id='word_1_341' title='bbox 3332 738 3782 806; x_wconf 85' lang='lat' dir='ltr'>humiliabitur.</span> <span class='ocrx_word' id='word_1_342' title='bbox 3817 764 3841 801; x_wconf 73' lang='lat' dir='ltr'><strong>n</strong></span> 
     </span>
    </p>

    <p class='ocr_par' dir='ltr' id='par_1_7' title="bbox 2429 844 3920 4269">
     <span class='ocr_line' id='line_1_47' title="bbox 2509 844 3906 931; baseline 0.004 -22"><span class='ocrx_word' id='word_1_343' title='bbox 2509 844 2829 923; x_wconf 82' lang='lat' dir='ltr'>Quaeritur</span> <span class='ocrx_word' id='word_1_344' title='bbox 2846 847 2953 911; x_wconf 88' lang='lat' dir='ltr'>hic</span> <span class='ocrx_word' id='word_1_345' title='bbox 2969 849 3189 912; x_wconf 90' lang='lat' dir='ltr'>utrum</span> <span class='ocrx_word' id='word_1_346' title='bbox 3207 848 3460 929; x_wconf 86' lang='lat' dir='ltr'>justum</span> <span class='ocrx_word' id='word_1_347' title='bbox 3487 846 3589 927; x_wconf 89' lang='lat' dir='ltr'>sit,</span> <span class='ocrx_word' id='word_1_348' title='bbox 3619 849 3774 931; x_wconf 86' lang='lat' dir='ltr'>quod</span> <span class='ocrx_word' id='word_1_349' title='bbox 3792 852 3906 915; x_wconf 80' lang='lat' dir='ltr'>mali</span> 
     </span>
     <span class='ocr_line' id='line_1_48' title="bbox 2430 953 3909 1041; baseline 0.003 -24"><span class='ocrx_word' id='word_1_350' title='bbox 2430 953 2691 1036; x_wconf 82' lang='lat' dir='ltr'>praesint</span> <span class='ocrx_word' id='word_1_351' title='bbox 2715 954 2922 1018; x_wconf 89' lang='lat' dir='ltr'>bonis.</span> <span class='ocrx_word' id='word_1_352' title='bbox 2951 953 3130 1031; x_wconf 86' lang='lat' dir='ltr'>Quod</span> <span class='ocrx_word' id='word_1_353' title='bbox 3148 953 3260 1034; x_wconf 90' lang='lat' dir='ltr'>sic,</span> <span class='ocrx_word' id='word_1_354' title='bbox 3282 954 3567 1032; x_wconf 84' lang='lat' dir='ltr'>videtur,</span> <span class='ocrx_word' id='word_1_355' title='bbox 3591 956 3733 1038; x_wconf 88' lang='lat' dir='ltr'>quia</span> <span class='ocrx_word' id='word_1_356' title='bbox 3747 957 3909 1041; x_wconf 86' lang='lat' dir='ltr'>inquit</span> 
     </span>
     <span class='ocr_line' id='line_1_49' title="bbox 2429 1060 3903 1145; baseline 0.002 -21"><span class='ocrx_word' id='word_1_357' title='bbox 2429 1060 2765 1144; x_wconf 89' lang='lat' dir='ltr'>Apostolus</span> <span class='ocrx_word' id='word_1_358' title='bbox 2782 1061 2826 1101; x_wconf 82' lang='lat'>¹⁰</span> <span class='ocrx_word' id='word_1_359' title='bbox 2851 1085 2912 1127; x_wconf 72' lang='lat' dir='ltr'>:a</span> <span class='ocrx_word' id='word_1_360' title='bbox 2932 1061 3073 1127; x_wconf 88' lang='lat' dir='ltr'>Non</span> <span class='ocrx_word' id='word_1_361' title='bbox 3101 1068 3199 1127; x_wconf 90' lang='lat' dir='ltr'>est</span> <span class='ocrx_word' id='word_1_362' title='bbox 3222 1066 3497 1145; x_wconf 80' lang='lat' dir='ltr'>potestas</span> <span class='ocrx_word' id='word_1_363' title='bbox 3526 1063 3646 1127; x_wconf 88' lang='lat' dir='ltr'>nisi</span> <span class='ocrx_word' id='word_1_364' title='bbox 3671 1083 3708 1129; x_wconf 87' lang='lat' dir='ltr'><strong>a</strong></span> <span class='ocrx_word' id='word_1_365' title='bbox 3731 1064 3836 1129; x_wconf 86' lang='lat' dir='ltr'>Deo</span> <span class='ocrx_word' id='word_1_366' title='bbox 3852 1086 3903 1128; x_wconf 76' lang='lat' dir='ltr'>z»</span> 
     </span>
     <span class='ocr_line' id='line_1_50' title="bbox 2432 1170 3906 1255; baseline 0.003 -21"><span class='ocrx_word' id='word_1_367' title='bbox 2432 1188 2591 1251; x_wconf 89' lang='lat' dir='ltr'>ergo</span> <span class='ocrx_word' id='word_1_368' title='bbox 2619 1170 2772 1234; x_wconf 89' lang='lat' dir='ltr'>mali</span> <span class='ocrx_word' id='word_1_369' title='bbox 2800 1170 3118 1254; x_wconf 84' lang='lat' dir='ltr'>principes</span> <span class='ocrx_word' id='word_1_370' title='bbox 3142 1188 3275 1235; x_wconf 93' lang='lat' dir='ltr'>non</span> <span class='ocrx_word' id='word_1_371' title='bbox 3302 1170 3543 1235; x_wconf 87' lang='lat' dir='ltr'>habent</span> <span class='ocrx_word' id='word_1_372' title='bbox 3572 1175 3906 1255; x_wconf 83' lang='lat' dir='ltr'>potestatem,</span> 
     </span>
     <span class='ocr_line' id='line_1_51' title="bbox 2431 1278 3909 1359; baseline 0.005 -19"><span class='ocrx_word' id='word_1_373' title='bbox 2431 1278 2553 1341; x_wconf 90' lang='lat' dir='ltr'>nisi</span> <span class='ocrx_word' id='word_1_374' title='bbox 2578 1298 2619 1343; x_wconf 91' lang='lat' dir='ltr'><strong>a</strong></span> <span class='ocrx_word' id='word_1_375' title='bbox 2645 1279 2790 1344; x_wconf 90' lang='lat' dir='ltr'>Deo.</span> <span class='ocrx_word' id='word_1_376' title='bbox 2818 1280 2976 1345; x_wconf 89' lang='lat' dir='ltr'>ltem</span> <span class='ocrx_word' id='word_1_377' title='bbox 3003 1279 3084 1344; x_wconf 89' lang='lat'>¹¹:</span> <span class='ocrx_word' id='word_1_378' title='bbox 3112 1303 3143 1342; x_wconf 74' lang='grc' dir='ltr'><strong>α</strong></span> <span class='ocrx_word' id='word_1_379' title='bbox 3166 1278 3306 1345; x_wconf 89' lang='lat' dir='ltr'>Non</span> <span class='ocrx_word' id='word_1_380' title='bbox 3332 1281 3630 1359; x_wconf 75' lang='lat' dir='ltr'>habereS,</span> <span class='ocrx_word' id='word_1_381' title='bbox 3666 1282 3746 1345; x_wconf 83' lang='lat' dir='ltr'>ait</span> <span class='ocrx_word' id='word_1_382' title='bbox 3772 1282 3909 1347; x_wconf 87' lang='lat' dir='ltr'>Chri-</span> 
     </span>
     <span class='ocr_line' id='line_1_52' title="bbox 2432 1385 3906 1471; baseline 0.005 -22"><span class='ocrx_word' id='word_1_383' title='bbox 2432 1389 2568 1450; x_wconf 90' lang='lat' dir='ltr'>stus</span> <span class='ocrx_word' id='word_1_384' title='bbox 2596 1385 2796 1453; x_wconf 85' lang='lat' dir='ltr'>Pilato</span> <span class='ocrx_word' id='word_1_385' title='bbox 2811 1435 2833 1467; x_wconf 92' lang='lat'>,</span> <span class='ocrx_word' id='word_1_386' title='bbox 2861 1391 3235 1471; x_wconf 81' lang='lat' dir='ltr'>potestatem</span> <span class='ocrx_word' id='word_1_387' title='bbox 3261 1390 3573 1454; x_wconf 86' lang='lat' dir='ltr'>adversus</span> <span class='ocrx_word' id='word_1_388' title='bbox 3601 1408 3700 1456; x_wconf 89' lang='lat' dir='ltr'>me</span> <span class='ocrx_word' id='word_1_389' title='bbox 3724 1391 3906 1471; x_wconf 85' lang='lat' dir='ltr'>ullam,</span> 
     </span>
     <span class='ocr_line' id='line_1_53' title="bbox 2434 1493 3913 1582; baseline 0.003 -24"><span class='ocrx_word' id='word_1_390' title='bbox 2434 1493 2558 1558; x_wconf 89' lang='lat' dir='ltr'>nisi</span> <span class='ocrx_word' id='word_1_391' title='bbox 2598 1494 2867 1578; x_wconf 88' lang='lat' dir='ltr'>desuper</span> <span class='ocrx_word' id='word_1_392' title='bbox 2905 1495 3024 1559; x_wconf 87' lang='lat' dir='ltr'>tibi</span> <span class='ocrx_word' id='word_1_393' title='bbox 3062 1496 3284 1561; x_wconf 90' lang='lat' dir='ltr'>datum</span> <span class='ocrx_word' id='word_1_394' title='bbox 3323 1498 3571 1563; x_wconf 87' lang='lat' dir='ltr'>fuisset.</span> <span class='ocrx_word' id='word_1_395' title='bbox 3614 1521 3643 1558; x_wconf 76' lang='lat' dir='ltr'>n</span> <span class='ocrx_word' id='word_1_396' title='bbox 3689 1498 3913 1582; x_wconf 82' lang='lat' dir='ltr'>Exponit</span> 
     </span>
     <span class='ocr_line' id='line_1_54' title="bbox 2438 1601 3910 1688; baseline 0.005 -24"><span class='ocrx_word' id='word_1_397' title='bbox 2438 1601 2843 1682; x_wconf 86' lang='lat' dir='ltr'>Augustinus</span> <span class='ocrx_word' id='word_1_398' title='bbox 2864 1604 2909 1644; x_wconf 80' lang='lat'>¹¹</span> <span class='ocrx_word' id='word_1_399' title='bbox 2935 1602 3226 1686; x_wconf 79' lang='lat' dir='ltr'>desuper,</span> <span class='ocrx_word' id='word_1_400' title='bbox 3253 1605 3320 1670; x_wconf 90' lang='lat' dir='ltr'>id</span> <span class='ocrx_word' id='word_1_401' title='bbox 3343 1611 3475 1687; x_wconf 88' lang='lat' dir='ltr'>est,</span> <span class='ocrx_word' id='word_1_402' title='bbox 3505 1624 3546 1671; x_wconf 90' lang='lat' dir='ltr'>a</span> <span class='ocrx_word' id='word_1_403' title='bbox 3568 1607 3719 1672; x_wconf 80' lang='lat' dir='ltr'>Deo:</span> <span class='ocrx_word' id='word_1_404' title='bbox 3737 1629 3763 1667; x_wconf 77' lang='lat' dir='ltr'>n</span> <span class='ocrx_word' id='word_1_405' title='bbox 3791 1625 3910 1688; x_wconf 82' lang='lat' dir='ltr'>ergo</span> 
     </span>
     <span class='ocr_line' id='line_1_55' title="bbox 2438 1708 3909 1796; baseline 0.006 -25"><span class='ocrx_word' id='word_1_406' title='bbox 2438 1708 2493 1771; x_wconf 88' lang='lat' dir='ltr'>si</span> <span class='ocrx_word' id='word_1_407' title='bbox 2521 1708 2762 1775; x_wconf 85' lang='lat' dir='ltr'>Pilatus</span> <span class='ocrx_word' id='word_1_408' title='bbox 2796 1712 3005 1775; x_wconf 85' lang='lat' dir='ltr'>malus</span> <span class='ocrx_word' id='word_1_409' title='bbox 3038 1718 3207 1792; x_wconf 91' lang='lat' dir='ltr'>erat,</span> <span class='ocrx_word' id='word_1_410' title='bbox 3239 1718 3301 1778; x_wconf 87' lang='lat' dir='ltr'>et</span> <span class='ocrx_word' id='word_1_411' title='bbox 3330 1714 3503 1778; x_wconf 91' lang='lat' dir='ltr'>male</span> <span class='ocrx_word' id='word_1_412' title='bbox 3530 1716 3803 1780; x_wconf 85' lang='lat' dir='ltr'>utebatur</span> <span class='ocrx_word' id='word_1_413' title='bbox 3826 1732 3909 1796; x_wconf 88' lang='lat' dir='ltr'>po·</span> 
     </span>
     <span class='ocr_line' id='line_1_56' title="bbox 2432 1819 3914 1905; baseline 0.003 -25"><span class='ocrx_word' id='word_1_414' title='bbox 2432 1819 2675 1895; x_wconf 87' lang='lat' dir='ltr'>testate,</span> <span class='ocrx_word' id='word_1_415' title='bbox 2702 1835 2881 1900; x_wconf 91' lang='lat' dir='ltr'>ergo,</span> <span class='ocrx_word' id='word_1_416' title='bbox 2910 1820 3081 1902; x_wconf 87' lang='lat' dir='ltr'>quod</span> <span class='ocrx_word' id='word_1_417' title='bbox 3106 1820 3258 1885; x_wconf 88' lang='lat' dir='ltr'>mali</span> <span class='ocrx_word' id='word_1_418' title='bbox 3283 1827 3578 1905; x_wconf 81' lang='lat' dir='ltr'>praesunt</span> <span class='ocrx_word' id='word_1_419' title='bbox 3604 1823 3795 1902; x_wconf 83' lang='lat' dir='ltr'>bonis,</span> <span class='ocrx_word' id='word_1_420' title='bbox 3821 1822 3914 1886; x_wconf 83' lang='lat' dir='ltr'>hoc</span> 
     </span>
     <span class='ocr_line' id='line_1_57' title="bbox 2437 1925 3912 2010; baseline 0.003 -23"><span class='ocrx_word' id='word_1_421' title='bbox 2437 1926 2533 1987; x_wconf 88' lang='lat' dir='ltr'>est</span> <span class='ocrx_word' id='word_1_422' title='bbox 2570 1925 2802 2004; x_wconf 60' lang='lat' dir='ltr'>a„Deo.</span> <span class='ocrx_word' id='word_1_423' title='bbox 2853 1926 3010 1990; x_wconf 79' lang='lat' dir='ltr'>Item</span> <span class='ocrx_word' id='word_1_424' title='bbox 3056 1928 3099 1963; x_wconf 82' lang='lat'>¹⁸</span> <span class='ocrx_word' id='word_1_425' title='bbox 3154 1950 3171 1991; x_wconf 77' lang='grc' dir='ltr'><strong><em>ε</em></strong></span> <span class='ocrx_word' id='word_1_426' title='bbox 3216 1951 3246 1989; x_wconf 77' lang='lat' dir='ltr'>c</span> <span class='ocrx_word' id='word_1_427' title='bbox 3274 1929 3528 1994; x_wconf 89' lang='lat' dir='ltr'>Subditi</span> <span class='ocrx_word' id='word_1_428' title='bbox 3564 1934 3775 2010; x_wconf 85' lang='lat' dir='ltr'>estote,</span> <span class='ocrx_word' id='word_1_429' title='bbox 3813 1948 3912 1994; x_wconf 87' lang='lat' dir='ltr'>non</span> 
     </span>
     <span class='ocr_line' id='line_1_58' title="bbox 2436 2033 3911 2120; baseline 0.007 -27"><span class='ocrx_word' id='word_1_430' title='bbox 2436 2033 2688 2095; x_wconf 90' lang='lat' dir='ltr'>tantum</span> <span class='ocrx_word' id='word_1_431' title='bbox 2719 2033 2901 2097; x_wconf 88' lang='lat' dir='ltr'>bonis</span> <span class='ocrx_word' id='word_1_432' title='bbox 2927 2038 2991 2098; x_wconf 90' lang='lat' dir='ltr'>et</span> <span class='ocrx_word' id='word_1_433' title='bbox 3018 2035 3339 2116; x_wconf 88' lang='lat' dir='ltr'>modestis,</span> <span class='ocrx_word' id='word_1_434' title='bbox 3383 2038 3494 2101; x_wconf 86' lang='lat' dir='ltr'>sed</span> <span class='ocrx_word' id='word_1_435' title='bbox 3532 2038 3713 2102; x_wconf 90' lang='lat' dir='ltr'>etiam</span> <span class='ocrx_word' id='word_1_436' title='bbox 3734 2038 3911 2120; x_wconf 82' lang='lat' dir='ltr'>dysco-</span> 
     </span>
     <span class='ocr_line' id='line_1_59' title="bbox 2438 2136 3910 2228; baseline 0.005 -28"><span class='ocrx_word' id='word_1_437' title='bbox 2438 2136 2553 2214; x_wconf 90' lang='lat' dir='ltr'>lis;</span> <span class='ocrx_word' id='word_1_438' title='bbox 2604 2160 2636 2197; x_wconf 81' lang='lat'>1&gt;</span> <span class='ocrx_word' id='word_1_439' title='bbox 2685 2144 2747 2203; x_wconf 88' lang='lat' dir='ltr'>et</span> <span class='ocrx_word' id='word_1_440' title='bbox 2776 2141 2982 2206; x_wconf 88' lang='lat' dir='ltr'>reddit</span> <span class='ocrx_word' id='word_1_441' title='bbox 3021 2144 3332 2208; x_wconf 87' lang='lat' dir='ltr'>rationem</span> <span class='ocrx_word' id='word_1_442' title='bbox 3372 2167 3388 2209; x_wconf 90' lang='lat'>:</span> <span class='ocrx_word' id='word_1_443' title='bbox 3439 2169 3473 2207; x_wconf 80' lang='grc' dir='ltr'>α</span> <span class='ocrx_word' id='word_1_444' title='bbox 3502 2146 3751 2228; x_wconf 85' lang='lat' dir='ltr'>Propter</span> <span class='ocrx_word' id='word_1_445' title='bbox 3772 2162 3910 2209; x_wconf 82' lang='lat' dir='ltr'>oons-</span> 
     </span>
     <span class='ocr_line' id='line_1_60' title="bbox 2440 2244 3913 2331; baseline 0.004 -23"><span class='ocrx_word' id='word_1_446' title='bbox 2440 2244 2735 2309; x_wconf 87' lang='lat' dir='ltr'>cientiam</span> <span class='ocrx_word' id='word_1_447' title='bbox 2765 2265 2782 2310; x_wconf 78' lang='lat' dir='ltr'>t</span> <span class='ocrx_word' id='word_1_448' title='bbox 2818 2270 2848 2307; x_wconf 72' lang='lat' dir='ltr'>n</span> <span class='ocrx_word' id='word_1_449' title='bbox 2894 2266 3051 2330; x_wconf 88' lang='lat' dir='ltr'>ergo</span> <span class='ocrx_word' id='word_1_450' title='bbox 3085 2251 3139 2313; x_wconf 89' lang='lat' dir='ltr'>si</span> <span class='ocrx_word' id='word_1_451' title='bbox 3170 2251 3426 2331; x_wconf 86' lang='lat' dir='ltr'>justum</span> <span class='ocrx_word' id='word_1_452' title='bbox 3452 2255 3551 2316; x_wconf 86' lang='lat' dir='ltr'>est</span> <span class='ocrx_word' id='word_1_453' title='bbox 3573 2253 3662 2316; x_wconf 89' lang='lat' dir='ltr'>eis</span> <span class='ocrx_word' id='word_1_454' title='bbox 3686 2252 3913 2316; x_wconf 81' lang='lat' dir='ltr'>subditos</span> 
     </span>
     <span class='ocr_line' id='line_1_61' title="bbox 2440 2357 3912 2439; baseline 0.003 -22"><span class='ocrx_word' id='word_1_455' title='bbox 2440 2371 2598 2432; x_wconf 89' lang='lat' dir='ltr'>esse,</span> <span class='ocrx_word' id='word_1_456' title='bbox 2629 2372 2775 2418; x_wconf 90' lang='lat' dir='ltr'>cum</span> <span class='ocrx_word' id='word_1_457' title='bbox 2798 2373 2987 2420; x_wconf 93' lang='lat' dir='ltr'>omne</span> <span class='ocrx_word' id='word_1_458' title='bbox 3005 2359 3254 2438; x_wconf 88' lang='lat' dir='ltr'>justum</span> <span class='ocrx_word' id='word_1_459' title='bbox 3283 2357 3366 2421; x_wconf 86' lang='lat' dir='ltr'>sit</span> <span class='ocrx_word' id='word_1_460' title='bbox 3391 2378 3435 2422; x_wconf 95' lang='lat' dir='ltr'>a</span> <span class='ocrx_word' id='word_1_461' title='bbox 3465 2359 3610 2439; x_wconf 91' lang='lat' dir='ltr'>Deo,</span> <span class='ocrx_word' id='word_1_462' title='bbox 3638 2360 3748 2423; x_wconf 89' lang='lat' dir='ltr'>hoc</span> <span class='ocrx_word' id='word_1_463' title='bbox 3768 2359 3912 2422; x_wconf 84' lang='lat' dir='ltr'>etiam</span> 
     </span>
     <span class='ocr_line' id='line_1_62' title="bbox 2442 2461 3914 2548; baseline 0.004 -25"><span class='ocrx_word' id='word_1_464' title='bbox 2442 2461 2522 2524; x_wconf 92' lang='lat' dir='ltr'>ab</span> <span class='ocrx_word' id='word_1_465' title='bbox 2566 2462 2703 2544; x_wconf 91' lang='lat' dir='ltr'>ipso</span> <span class='ocrx_word' id='word_1_466' title='bbox 2744 2463 2882 2528; x_wconf 91' lang='lat' dir='ltr'>erit.</span> <span class='ocrx_word' id='word_1_467' title='bbox 2928 2464 3086 2528; x_wconf 87' lang='lat' dir='ltr'>Item</span> <span class='ocrx_word' id='word_1_468' title='bbox 3126 2466 3171 2505; x_wconf 74' lang='lat'>²⁸</span> <span class='ocrx_word' id='word_1_469' title='bbox 3208 2486 3228 2529; x_wconf 76' lang='lat' dir='ltr'>t</span> <span class='ocrx_word' id='word_1_470' title='bbox 3260 2488 3292 2526; x_wconf 76' lang='grc' dir='ltr'>α</span> <span class='ocrx_word' id='word_1_471' title='bbox 3338 2465 3466 2541; x_wconf 84' lang='lat' dir='ltr'>Qui</span> <span class='ocrx_word' id='word_1_472' title='bbox 3514 2467 3657 2531; x_wconf 83' lang='lat' dir='ltr'>facit</span> <span class='ocrx_word' id='word_1_473' title='bbox 3694 2483 3914 2548; x_wconf 81' lang='lat' dir='ltr'>regnare</span> 
     </span>
     <span class='ocr_line' id='line_1_63' title="bbox 2440 2567 3910 2658; baseline 0.003 -26"><span class='ocrx_word' id='word_1_474' title='bbox 2440 2567 2834 2652; x_wconf 85' lang='lat' dir='ltr'>hypocritam</span> <span class='ocrx_word' id='word_1_475' title='bbox 2880 2577 3138 2655; x_wconf 90' lang='lat' dir='ltr'>propter</span> <span class='ocrx_word' id='word_1_476' title='bbox 3174 2580 3431 2658; x_wconf 87' lang='lat' dir='ltr'>peccata</span> <span class='ocrx_word' id='word_1_477' title='bbox 3473 2597 3493 2640; x_wconf 88' lang='lat'>:</span> <span class='ocrx_word' id='word_1_478' title='bbox 3532 2598 3563 2634; x_wconf 76' lang='lat' dir='ltr'>n</span> <span class='ocrx_word' id='word_1_479' title='bbox 3598 2594 3760 2657; x_wconf 91' lang='lat' dir='ltr'>ergo.</span> <span class='ocrx_word' id='word_1_480' title='bbox 3789 2575 3910 2638; x_wconf 88' lang='lat' dir='ltr'>Cou-</span> 
     </span>
     <span class='ocr_line' id='line_1_64' title="bbox 2441 2677 3910 2762; baseline 0.006 -23"><span class='ocrx_word' id='word_1_481' title='bbox 2441 2679 2541 2739; x_wconf 85' lang='lat' dir='ltr'>tra</span> <span class='ocrx_word' id='word_1_482' title='bbox 2569 2677 2612 2713; x_wconf 82' lang='lat'>¹⁸</span> <span class='ocrx_word' id='word_1_483' title='bbox 2643 2697 2660 2741; x_wconf 90' lang='lat'><strong>:</strong></span> <span class='ocrx_word' id='word_1_484' title='bbox 2713 2678 2887 2760; x_wconf 78' lang='lat' dir='ltr'>«Ipsi</span> <span class='ocrx_word' id='word_1_485' title='bbox 2929 2688 3407 2762; x_wconf 83' lang='lat' dir='ltr'>regnaverunt,</span> <span class='ocrx_word' id='word_1_486' title='bbox 3443 2688 3510 2748; x_wconf 89' lang='lat' dir='ltr'>et</span> <span class='ocrx_word' id='word_1_487' title='bbox 3541 2702 3669 2749; x_wconf 93' lang='lat' dir='ltr'>non</span> <span class='ocrx_word' id='word_1_488' title='bbox 3703 2703 3774 2748; x_wconf 87' lang='lat' dir='ltr'>ex</span> <span class='ocrx_word' id='word_1_489' title='bbox 3807 2701 3910 2761; x_wconf 82' lang='lat' dir='ltr'>me,</span> 
     </span>
     <span class='ocr_line' id='line_1_65' title="bbox 2443 2785 3907 2873; baseline 0.004 -25"><span class='ocrx_word' id='word_1_490' title='bbox 2443 2785 2760 2869; x_wconf 88' lang='lat' dir='ltr'>principes</span> <span class='ocrx_word' id='word_1_491' title='bbox 2795 2788 3170 2868; x_wconf 86' lang='lat' dir='ltr'>extiterunt,</span> <span class='ocrx_word' id='word_1_492' title='bbox 3199 2793 3263 2854; x_wconf 89' lang='lat' dir='ltr'>et</span> <span class='ocrx_word' id='word_1_493' title='bbox 3288 2808 3414 2872; x_wconf 89' lang='lat' dir='ltr'>ego</span> <span class='ocrx_word' id='word_1_494' title='bbox 3441 2810 3571 2857; x_wconf 92' lang='lat' dir='ltr'>non</span> <span class='ocrx_word' id='word_1_495' title='bbox 3598 2791 3865 2873; x_wconf 86' lang='lat' dir='ltr'>cognovi:</span> <span class='ocrx_word' id='word_1_496' title='bbox 3887 2811 3907 2847; x_wconf 70' lang='grc' dir='ltr'><strong><em>ν</em></strong></span> 
     </span>
     <span class='ocr_line' id='line_1_66' title="bbox 2444 2894 3914 2981; baseline 0.002 -26"><span class='ocrx_word' id='word_1_497' title='bbox 2444 2910 2601 2973; x_wconf 91' lang='lat' dir='ltr'>ergo</span> <span class='ocrx_word' id='word_1_498' title='bbox 2645 2894 2926 2975; x_wconf 87' lang='lat' dir='ltr'>videtur,</span> <span class='ocrx_word' id='word_1_499' title='bbox 2957 2896 3126 2979; x_wconf 88' lang='lat' dir='ltr'>quod</span> <span class='ocrx_word' id='word_1_500' title='bbox 3166 2897 3453 2981; x_wconf 65' lang='lat' dir='ltr'>praelatio</span> <span class='ocrx_word' id='word_1_501' title='bbox 3494 2899 3788 2963; x_wconf 85' lang='lat' dir='ltr'>malorum</span> <span class='ocrx_word' id='word_1_502' title='bbox 3819 2913 3914 2959; x_wconf 91' lang='lat' dir='ltr'>non</span> 
     </span>
     <span class='ocr_line' id='line_1_67' title="bbox 2444 2997 3916 3089; baseline 0.003 -28"><span class='ocrx_word' id='word_1_503' title='bbox 2444 2997 2527 3063; x_wconf 87' lang='lat' dir='ltr'>sit</span> <span class='ocrx_word' id='word_1_504' title='bbox 2577 3017 2618 3063; x_wconf 92' lang='lat' dir='ltr'>a</span> <span class='ocrx_word' id='word_1_505' title='bbox 2656 2999 2807 3065; x_wconf 90' lang='lat' dir='ltr'>Deo.</span> <span class='ocrx_word' id='word_1_506' title='bbox 2859 3001 3016 3066; x_wconf 87' lang='lat' dir='ltr'>Item</span> <span class='ocrx_word' id='word_1_507' title='bbox 3064 3003 3336 3068; x_wconf 84' lang='lat' dir='ltr'>servitus</span> <span class='ocrx_word' id='word_1_508' title='bbox 3384 3010 3484 3070; x_wconf 87' lang='lat' dir='ltr'>est</span> <span class='ocrx_word' id='word_1_509' title='bbox 3521 3024 3701 3089; x_wconf 89' lang='lat' dir='ltr'>poena</span> <span class='ocrx_word' id='word_1_510' title='bbox 3733 3003 3916 3068; x_wconf 81' lang='lat' dir='ltr'>inflicta</span> 
     </span>
     <span class='ocr_line' id='line_1_68' title="bbox 2444 3109 3916 3195; baseline 0.003 -26"><span class='ocrx_word' id='word_1_511' title='bbox 2444 3122 2562 3188; x_wconf 87' lang='lat' dir='ltr'>pro</span> <span class='ocrx_word' id='word_1_512' title='bbox 2593 3110 2845 3190; x_wconf 85' lang='lat' dir='ltr'>peccato</span> <span class='ocrx_word' id='word_1_513' title='bbox 2880 3130 2896 3172; x_wconf 78' lang='lat' dir='ltr'>t</span> <span class='ocrx_word' id='word_1_514' title='bbox 2930 3127 3087 3192; x_wconf 85' lang='lat' dir='ltr'>ergo</span> <span class='ocrx_word' id='word_1_515' title='bbox 3129 3109 3291 3176; x_wconf 91' lang='lat' dir='ltr'>nulli</span> <span class='ocrx_word' id='word_1_516' title='bbox 3325 3116 3498 3178; x_wconf 90' lang='lat' dir='ltr'>recte</span> <span class='ocrx_word' id='word_1_517' title='bbox 3536 3116 3599 3179; x_wconf 84' lang='lat' dir='ltr'>et</span> <span class='ocrx_word' id='word_1_518' title='bbox 3616 3115 3770 3195; x_wconf 84' lang='lat' dir='ltr'>juste</span> <span class='ocrx_word' id='word_1_519' title='bbox 3795 3109 3916 3174; x_wconf 86' lang='lat' dir='ltr'>infli-</span> 
     </span>
     <span class='ocr_line' id='line_1_69' title="bbox 2450 3213 3918 3303; baseline 0.003 -27"><span class='ocrx_word' id='word_1_520' title='bbox 2450 3213 2652 3295; x_wconf 89' lang='lat' dir='ltr'>gitur,</span> <span class='ocrx_word' id='word_1_521' title='bbox 2680 3215 2803 3279; x_wconf 90' lang='lat' dir='ltr'>nisi</span> <span class='ocrx_word' id='word_1_522' title='bbox 2824 3217 3171 3299; x_wconf 90' lang='lat' dir='ltr'>peccatori:</span> <span class='ocrx_word' id='word_1_523' title='bbox 3205 3237 3365 3302; x_wconf 88' lang='lat' dir='ltr'>ergo</span> <span class='ocrx_word' id='word_1_524' title='bbox 3394 3221 3477 3285; x_wconf 92' lang='lat' dir='ltr'>ab</span> <span class='ocrx_word' id='word_1_525' title='bbox 3511 3220 3808 3303; x_wconf 83' lang='lat' dir='ltr'>oppositis,</span> <span class='ocrx_word' id='word_1_526' title='bbox 3831 3234 3918 3281; x_wconf 81' lang='lat' dir='ltr'>nec</span> 
     </span>
     <span class='ocr_line' id='line_1_70' title="bbox 2447 3320 3917 3412; baseline 0.001 -27"><span class='ocrx_word' id='word_1_527' title='bbox 2447 3320 2803 3387; x_wconf 92' lang='lat' dir='ltr'>dominium</span> <span class='ocrx_word' id='word_1_528' title='bbox 2825 3326 3000 3406; x_wconf 85' lang='lat' dir='ltr'>juste</span> <span class='ocrx_word' id='word_1_529' title='bbox 3045 3323 3262 3402; x_wconf 86' lang='lat' dir='ltr'>datur,</span> <span class='ocrx_word' id='word_1_530' title='bbox 3307 3327 3437 3392; x_wconf 80' lang='lat' dir='ltr'>nisi</span> <span class='ocrx_word' id='word_1_531' title='bbox 3468 3331 3677 3412; x_wconf 86' lang='lat' dir='ltr'>justo:</span> <span class='ocrx_word' id='word_1_532' title='bbox 3717 3345 3850 3408; x_wconf 84' lang='lat' dir='ltr'>ergo</span> <span class='ocrx_word' id='word_1_533' title='bbox 3877 3325 3917 3387; x_wconf 86' lang='lat' dir='ltr'>si</span> 
     </span>
     <span class='ocr_line' id='line_1_71' title="bbox 2447 3427 3915 3516; baseline 0.004 -25"><span class='ocrx_word' id='word_1_534' title='bbox 2447 3427 2797 3493; x_wconf 87' lang='lat' dir='ltr'>dominium</span> <span class='ocrx_word' id='word_1_535' title='bbox 2824 3431 3010 3495; x_wconf 86' lang='lat' dir='ltr'>datur</span> <span class='ocrx_word' id='word_1_536' title='bbox 3036 3434 3367 3515; x_wconf 88' lang='lat' dir='ltr'>peccatori,</span> <span class='ocrx_word' id='word_1_537' title='bbox 3400 3440 3467 3499; x_wconf 89' lang='lat' dir='ltr'>et</span> <span class='ocrx_word' id='word_1_538' title='bbox 3490 3435 3748 3501; x_wconf 85' lang='lat' dir='ltr'>servitus</span> <span class='ocrx_word' id='word_1_539' title='bbox 3763 3437 3915 3516; x_wconf 85' lang='lat' dir='ltr'>justo,</span> 
     </span>
     <span class='ocr_line' id='line_1_72' title="bbox 2446 3535 3916 3624; baseline 0.002 -27"><span class='ocrx_word' id='word_1_540' title='bbox 2446 3540 2545 3598; x_wconf 90' lang='lat' dir='ltr'>est</span> <span class='ocrx_word' id='word_1_541' title='bbox 2570 3535 2659 3599; x_wconf 92' lang='lat' dir='ltr'>ibi</span> <span class='ocrx_word' id='word_1_542' title='bbox 2685 3536 2962 3602; x_wconf 82' lang='lat' dir='ltr'>defectus</span> <span class='ocrx_word' id='word_1_543' title='bbox 2984 3539 3225 3605; x_wconf 89' lang='lat' dir='ltr'>ordinis</span> <span class='ocrx_word' id='word_1_544' title='bbox 3251 3544 3314 3604; x_wconf 92' lang='lat' dir='ltr'>et</span> <span class='ocrx_word' id='word_1_545' title='bbox 3335 3543 3636 3624; x_wconf 82' lang='lat' dir='ltr'>justitiae:</span> <span class='ocrx_word' id='word_1_546' title='bbox 3662 3559 3802 3623; x_wconf 88' lang='lat' dir='ltr'>ergo</span> <span class='ocrx_word' id='word_1_547' title='bbox 3823 3556 3916 3602; x_wconf 90' lang='lat' dir='ltr'>non</span> 
     </span>
     <span class='ocr_line' id='line_1_73' title="bbox 2448 3645 3920 3732; baseline 0.001 -24"><span class='ocrx_word' id='word_1_548' title='bbox 2448 3648 2545 3709; x_wconf 88' lang='lat' dir='ltr'>est</span> <span class='ocrx_word' id='word_1_549' title='bbox 2570 3664 2609 3709; x_wconf 90' lang='lat' dir='ltr'><strong>a</strong></span> <span class='ocrx_word' id='word_1_550' title='bbox 2633 3645 2777 3710; x_wconf 89' lang='lat' dir='ltr'>Deo.</span> <span class='ocrx_word' id='word_1_551' title='bbox 2808 3646 3140 3728; x_wconf 87' lang='lat' dir='ltr'>Praeterea‚</span> <span class='ocrx_word' id='word_1_552' title='bbox 3173 3651 3225 3713; x_wconf 91' lang='lat' dir='ltr'>si</span> <span class='ocrx_word' id='word_1_553' title='bbox 3253 3653 3531 3732; x_wconf 85' lang='lat' dir='ltr'>potestas</span> <span class='ocrx_word' id='word_1_554' title='bbox 3551 3653 3833 3716; x_wconf 88' lang='lat' dir='ltr'>malorum</span> <span class='ocrx_word' id='word_1_555' title='bbox 3850 3650 3920 3711; x_wconf 82' lang='lat' dir='ltr'>est</span> 
     </span>
     <span class='ocr_line' id='line_1_74' title="bbox 2441 3753 3919 3837; baseline 0.001 -21"><span class='ocrx_word' id='word_1_556' title='bbox 2441 3753 2649 3834; x_wconf 87' lang='lat' dir='ltr'>justa,</span> <span class='ocrx_word' id='word_1_557' title='bbox 2693 3757 2757 3818; x_wconf 90' lang='lat' dir='ltr'>et</span> <span class='ocrx_word' id='word_1_558' title='bbox 2783 3771 2823 3816; x_wconf 92' lang='lat' dir='ltr'>a</span> <span class='ocrx_word' id='word_1_559' title='bbox 2865 3754 3029 3832; x_wconf 91' lang='lat' dir='ltr'>Deo;</span> <span class='ocrx_word' id='word_1_560' title='bbox 3065 3756 3217 3837; x_wconf 89' lang='lat' dir='ltr'>quia</span> <span class='ocrx_word' id='word_1_561' title='bbox 3257 3775 3298 3820; x_wconf 90' lang='lat' dir='ltr'><strong>a</strong></span> <span class='ocrx_word' id='word_1_562' title='bbox 3340 3757 3470 3823; x_wconf 87' lang='lat' dir='ltr'>Deo</span> <span class='ocrx_word' id='word_1_563' title='bbox 3498 3758 3655 3822; x_wconf 89' lang='lat' dir='ltr'>nihil</span> <span class='ocrx_word' id='word_1_564' title='bbox 3692 3754 3919 3836; x_wconf 85' lang='lat' dir='ltr'>est,nisi</span> 
     </span>
     <span class='ocr_line' id='line_1_75' title="bbox 2440 3860 3917 3942; baseline 0.001 -20"><span class='ocrx_word' id='word_1_565' title='bbox 2440 3860 2715 3941; x_wconf 83' lang='lat' dir='ltr'>justum,</span> <span class='ocrx_word' id='word_1_566' title='bbox 2745 3878 2887 3924; x_wconf 92' lang='lat' dir='ltr'>cum</span> <span class='ocrx_word' id='word_1_567' title='bbox 2916 3862 3134 3926; x_wconf 89' lang='lat' dir='ltr'>nullus</span> <span class='ocrx_word' id='word_1_568' title='bbox 3156 3863 3378 3928; x_wconf 90' lang='lat' dir='ltr'>debeat</span> <span class='ocrx_word' id='word_1_569' title='bbox 3396 3865 3586 3930; x_wconf 89' lang='lat' dir='ltr'>alicui</span> <span class='ocrx_word' id='word_1_570' title='bbox 3605 3865 3824 3930; x_wconf 83' lang='lat' dir='ltr'>auferre</span> <span class='ocrx_word' id='word_1_571' title='bbox 3835 3863 3917 3942; x_wconf 86' lang='lat' dir='ltr'>jus</span> 
     </span>
     <span class='ocr_line' id='line_1_76' title="bbox 2449 3969 3918 4050; baseline 0.001 -21"><span class='ocrx_word' id='word_1_572' title='bbox 2449 3983 2669 4045; x_wconf 80' lang='lat' dir='ltr'>suum3</span> <span class='ocrx_word' id='word_1_573' title='bbox 2701 3985 2862 4050; x_wconf 89' lang='lat' dir='ltr'>ergo</span> <span class='ocrx_word' id='word_1_574' title='bbox 2887 3969 3103 4034; x_wconf 89' lang='lat' dir='ltr'>nullus</span> <span class='ocrx_word' id='word_1_575' title='bbox 3128 3970 3315 4035; x_wconf 87' lang='lat' dir='ltr'>debet</span> <span class='ocrx_word' id='word_1_576' title='bbox 3352 3972 3640 4038; x_wconf 89' lang='lat' dir='ltr'>laborare</span> <span class='ocrx_word' id='word_1_577' title='bbox 3676 3971 3749 4035; x_wconf 89' lang='lat' dir='ltr'>ad</span> <span class='ocrx_word' id='word_1_578' title='bbox 3769 3970 3918 4049; x_wconf 87' lang='lat' dir='ltr'>depo·</span> 
     </span>
     <span class='ocr_line' id='line_1_77' title="bbox 2448 4074 3918 4163; baseline 0 -26"><span class='ocrx_word' id='word_1_579' title='bbox 2448 4074 2742 4138; x_wconf 87' lang='lat' dir='ltr'>sitionem</span> <span class='ocrx_word' id='word_1_580' title='bbox 2795 4076 2947 4140; x_wconf 87' lang='lat' dir='ltr'>mali</span> <span class='ocrx_word' id='word_1_581' title='bbox 3002 4077 3247 4160; x_wconf 85' lang='lat' dir='ltr'>praelati</span> <span class='ocrx_word' id='word_1_582' title='bbox 3295 4096 3315 4142; x_wconf 71' lang='grc' dir='ltr'><strong>ε</strong></span> <span class='ocrx_word' id='word_1_583' title='bbox 3340 4108 3345 4116; x_wconf 85' lang='grc'><em>·</em></span> <span class='ocrx_word' id='word_1_584' title='bbox 3372 4098 3535 4163; x_wconf 89' lang='lat' dir='ltr'>ergo</span> <span class='ocrx_word' id='word_1_585' title='bbox 3591 4079 3918 4163; x_wconf 81' lang='lat' dir='ltr'>quicumque</span> 
     </span>
     <span class='ocr_line' id='line_1_78' title="bbox 2448 4183 3365 4269; baseline 0.004 -22"><span class='ocrx_word' id='word_1_586' title='bbox 2448 4183 2691 4248; x_wconf 89' lang='lat' dir='ltr'>laborat</span> <span class='ocrx_word' id='word_1_587' title='bbox 2715 4189 2933 4250; x_wconf 89' lang='lat' dir='ltr'>contra</span> <span class='ocrx_word' id='word_1_588' title='bbox 2956 4186 3100 4266; x_wconf 87' lang='lat' dir='ltr'>hoc,</span> <span class='ocrx_word' id='word_1_589' title='bbox 3130 4192 3365 4269; x_wconf 88' lang='lat' dir='ltr'>peccat.</span> 
     </span>
    </p>

    <p class='ocr_par' dir='ltr' id='par_1_8' title="bbox 2443 4287 3919 4912">
     <span class='ocr_line' id='line_1_79' title="bbox 2527 4287 3919 4379; baseline 0.003 -25"><span class='ocrx_word' id='word_1_590' title='bbox 2527 4289 2891 4372; x_wconf 90' lang='lat' dir='ltr'>Respondeo</span> <span class='ocrx_word' id='word_1_591' title='bbox 2944 4293 3282 4359; x_wconf 88' lang='lat' dir='ltr'>dicendum</span> <span class='ocrx_word' id='word_1_592' title='bbox 3299 4344 3317 4376; x_wconf 89' lang='lat'>,</span> <span class='ocrx_word' id='word_1_593' title='bbox 3364 4297 3553 4379; x_wconf 83' lang='lat' dir='ltr'>‘quod</span> <span class='ocrx_word' id='word_1_594' title='bbox 3606 4295 3791 4360; x_wconf 82' lang='lat' dir='ltr'>malus</span> <span class='ocrx_word' id='word_1_595' title='bbox 3842 4287 3919 4352; x_wconf 78' lang='lat' dir='ltr'>vel</span> 
     </span>
     <span class='ocr_line' id='line_1_80' title="bbox 2445 4398 3917 4486; baseline -0.002 -25"><span class='ocrx_word' id='word_1_596' title='bbox 2445 4398 2720 4480; x_wconf 88' lang='lat' dir='ltr'>injustus</span> <span class='ocrx_word' id='word_1_597' title='bbox 2746 4400 3047 4481; x_wconf 86' lang='lat' dir='ltr'>praelatus</span> <span class='ocrx_word' id='word_1_598' title='bbox 3074 4405 3170 4466; x_wconf 87' lang='lat' dir='ltr'>est</span> <span class='ocrx_word' id='word_1_599' title='bbox 3192 4403 3312 4465; x_wconf 89' lang='lat' dir='ltr'>sub</span> <span class='ocrx_word' id='word_1_600' title='bbox 3335 4404 3571 4486; x_wconf 87' lang='lat' dir='ltr'>triplici</span> <span class='ocrx_word' id='word_1_601' title='bbox 3595 4398 3917 4469; x_wconf 79' lang='lat' dir='ltr'>differentia.</span> 
     </span>
     <span class='ocr_line' id='line_1_81' title="bbox 2447 4503 3918 4591; baseline 0.001 -23"><span class='ocrx_word' id='word_1_602' title='bbox 2447 4504 2715 4583; x_wconf 86' lang='lat' dir='ltr'>Quidam</span> <span class='ocrx_word' id='word_1_603' title='bbox 2742 4511 2835 4572; x_wconf 90' lang='lat' dir='ltr'>est</span> <span class='ocrx_word' id='word_1_604' title='bbox 2861 4508 3136 4590; x_wconf 78' lang='lat' dir='ltr'>injustus</span> <span class='ocrx_word' id='word_1_605' title='bbox 3164 4509 3231 4573; x_wconf 91' lang='lat' dir='ltr'>in</span> <span class='ocrx_word' id='word_1_606' title='bbox 3267 4528 3335 4574; x_wconf 92' lang='lat' dir='ltr'>se</span> <span class='ocrx_word' id='word_1_607' title='bbox 3357 4559 3374 4587; x_wconf 90' lang='lat'><strong>‚</strong></span> <span class='ocrx_word' id='word_1_608' title='bbox 3417 4516 3628 4575; x_wconf 90' lang='lat' dir='ltr'>tamen</span> <span class='ocrx_word' id='word_1_609' title='bbox 3660 4511 3811 4591; x_wconf 83' lang='lat' dir='ltr'>juste</span> <span class='ocrx_word' id='word_1_610' title='bbox 3842 4503 3918 4565; x_wconf 89' lang='lat' dir='ltr'>in·</span> 
     </span>
     <span class='ocr_line' id='line_1_82' title="bbox 2446 4613 3917 4700; baseline 0.002 -24"><span class='ocrx_word' id='word_1_611' title='bbox 2446 4614 2769 4695; x_wconf 88' lang='lat' dir='ltr'>greditur,</span> <span class='ocrx_word' id='word_1_612' title='bbox 2819 4619 2881 4678; x_wconf 90' lang='lat' dir='ltr'>et</span> <span class='ocrx_word' id='word_1_613' title='bbox 2905 4617 3078 4697; x_wconf 87' lang='lat' dir='ltr'>juste</span> <span class='ocrx_word' id='word_1_614' title='bbox 3117 4618 3486 4700; x_wconf 78' lang='lat' dir='ltr'>exequitur3</span> <span class='ocrx_word' id='word_1_615' title='bbox 3518 4623 3582 4683; x_wconf 89' lang='lat' dir='ltr'>et</span> <span class='ocrx_word' id='word_1_616' title='bbox 3615 4616 3745 4682; x_wconf 84' lang='lat' dir='ltr'>talis</span> <span class='ocrx_word' id='word_1_617' title='bbox 3775 4613 3917 4696; x_wconf 74' lang='lat' dir='ltr'>Justss</span> 
     </span>
     <span class='ocr_line' id='line_1_83' title="bbox 2443 4724 3915 4807; baseline 0.001 -22"><span class='ocrx_word' id='word_1_618' title='bbox 2443 4739 2712 4805; x_wconf 83' lang='lat' dir='ltr'>praeesse</span> <span class='ocrx_word' id='word_1_619' title='bbox 2741 4726 2965 4805; x_wconf 84' lang='lat' dir='ltr'>potest,</span> <span class='ocrx_word' id='word_1_620' title='bbox 2991 4741 3108 4788; x_wconf 89' lang='lat' dir='ltr'>nec</span> <span class='ocrx_word' id='word_1_621' title='bbox 3138 4725 3206 4787; x_wconf 92' lang='lat' dir='ltr'>in</span> <span class='ocrx_word' id='word_1_622' title='bbox 3230 4725 3355 4789; x_wconf 90' lang='lat' dir='ltr'>hoc</span> <span class='ocrx_word' id='word_1_623' title='bbox 3378 4730 3608 4807; x_wconf 88' lang='lat' dir='ltr'>peccat,</span> <span class='ocrx_word' id='word_1_624' title='bbox 3638 4728 3696 4788; x_wconf 87' lang='lat' dir='ltr'>et</span> <span class='ocrx_word' id='word_1_625' title='bbox 3718 4724 3915 4807; x_wconf 81' lang='lat' dir='ltr'>justum</span> 
     </span>
     <span class='ocr_line' id='line_1_84' title="bbox 2443 4826 3913 4912; baseline -0.004 -20"><span class='ocrx_word' id='word_1_626' title='bbox 2443 4833 2536 4892; x_wconf 88' lang='lat' dir='ltr'>est</span> <span class='ocrx_word' id='word_1_627' title='bbox 2558 4829 2668 4893; x_wconf 89' lang='lat' dir='ltr'>tali</span> <span class='ocrx_word' id='word_1_628' title='bbox 2704 4830 3019 4911; x_wconf 87' lang='lat' dir='ltr'>subjectos</span> <span class='ocrx_word' id='word_1_629' title='bbox 3047 4850 3204 4896; x_wconf 87' lang='lat' dir='ltr'>esse.</span> <span class='ocrx_word' id='word_1_630' title='bbox 3251 4831 3361 4897; x_wconf 92' lang='lat' dir='ltr'>Est</span> <span class='ocrx_word' id='word_1_631' title='bbox 3393 4840 3457 4898; x_wconf 90' lang='lat' dir='ltr'>et</span> <span class='ocrx_word' id='word_1_632' title='bbox 3498 4834 3694 4909; x_wconf 77' lang='lat' dir='ltr'>alius,</span> <span class='ocrx_word' id='word_1_633' title='bbox 3718 4827 3817 4912; x_wconf 89' lang='lat' dir='ltr'>qui</span> <span class='ocrx_word' id='word_1_634' title='bbox 3839 4826 3913 4887; x_wconf 87' lang='lat' dir='ltr'>in-</span> 
     </span>
    </p>
   </div>
   <div class='ocr_carea' id='block_1_7' title="bbox 800 4937 3913 5032">
    <p class='ocr_par' dir='ltr' id='par_1_9' title="bbox 800 4937 3913 5032">
     <span class='ocr_line' id='line_1_85' title="bbox 800 4937 3913 5032; baseline -0.003 -19"><span class='ocrx_word' id='word_1_635' title='bbox 800 4945 1205 5031; x_wconf 74' lang='lat' dir='ltr'>lamesquasi</span> <span class='ocrx_word' id='word_1_636' title='bbox 1220 4963 1455 5027; x_wconf 81' lang='lat' dir='ltr'>serv08,</span> <span class='ocrx_word' id='word_1_637' title='bbox 1472 4948 1613 5013; x_wconf 86' lang='lat' dir='ltr'>illos</span> <span class='ocrx_word' id='word_1_638' title='bbox 1628 4947 1860 5013; x_wconf 89' lang='lat' dir='ltr'>scilicet</span> <span class='ocrx_word' id='word_1_639' title='bbox 1872 4948 2333 5032; x_wconf 78' lang='lat' dir='ltr'>principeS,qui</span> <span class='ocrx_word' id='word_1_640' title='bbox 2433 4937 2607 5019; x_wconf 64' lang='lat' dir='ltr'>,iuste</span> <span class='ocrx_word' id='word_1_641' title='bbox 2645 4937 3027 5019; x_wconf 87' lang='lat' dir='ltr'>ingreditur,</span> <span class='ocrx_word' id='word_1_642' title='bbox 3065 4942 3128 5004; x_wconf 89' lang='lat' dir='ltr'>et</span> <span class='ocrx_word' id='word_1_643' title='bbox 3153 4941 3490 5023; x_wconf 87' lang='lat' dir='ltr'>exequitur</span> <span class='ocrx_word' id='word_1_644' title='bbox 3523 4961 3541 5005; x_wconf 74' lang='grc' dir='ltr'><strong><em>ε</em></strong></span> <span class='ocrx_word' id='word_1_645' title='bbox 3576 4944 3637 5006; x_wconf 88' lang='lat' dir='ltr'>et</span> <span class='ocrx_word' id='word_1_646' title='bbox 3662 4937 3788 5003; x_wconf 81' lang='lat' dir='ltr'>talis</span> <span class='ocrx_word' id='word_1_647' title='bbox 3809 4948 3913 4997; x_wconf 86' lang='lat'><em>11011</em></span> 
     </span>
    </p>
   </div>
   <div class='ocr_carea' id='block_1_8' title="bbox 798 5052 2334 5250">
    <p class='ocr_par' dir='ltr' id='par_1_10' title="bbox 798 5052 2334 5250">
     <span class='ocr_line' id='line_1_86' title="bbox 799 5052 2334 5140; baseline 0.004 -25"><span class='ocrx_word' id='word_1_648' title='bbox 799 5052 918 5116; x_wconf 90' lang='lat' dir='ltr'>sibi</span> <span class='ocrx_word' id='word_1_649' title='bbox 938 5072 1051 5136; x_wconf 90' lang='lat' dir='ltr'>per</span> <span class='ocrx_word' id='word_1_650' title='bbox 1073 5055 1307 5119; x_wconf 83' lang='lat' dir='ltr'>bonam</span> <span class='ocrx_word' id='word_1_651' title='bbox 1347 5057 1520 5120; x_wconf 91' lang='lat' dir='ltr'>viam</span> <span class='ocrx_word' id='word_1_652' title='bbox 1552 5057 1630 5139; x_wconf 89' lang='grc' dir='ltr'>(α)</span> <span class='ocrx_word' id='word_1_653' title='bbox 1651 5056 2108 5140; x_wconf 88' lang='lat' dir='ltr'>principantur.</span> <span class='ocrx_word' id='word_1_654' title='bbox 2145 5056 2334 5122; x_wconf 89' lang='lat' dir='ltr'>Sene-</span> 
     </span>
     <span class='ocr_line' id='line_1_87' title="bbox 798 5163 2321 5250; baseline 0.003 -25"><span class='ocrx_word' id='word_1_655' title='bbox 798 5180 873 5226; x_wconf 89' lang='lat' dir='ltr'>ca</span> <span class='ocrx_word' id='word_1_656' title='bbox 906 5186 921 5227; x_wconf 88' lang='lat'>:</span> <span class='ocrx_word' id='word_1_657' title='bbox 974 5186 1004 5225; x_wconf 77' lang='grc' dir='ltr'>α</span> <span class='ocrx_word' id='word_1_658' title='bbox 1039 5163 1104 5229; x_wconf 93' lang='lat' dir='ltr'>Si</span> <span class='ocrx_word' id='word_1_659' title='bbox 1141 5165 1303 5229; x_wconf 89' lang='lat' dir='ltr'>bene</span> <span class='ocrx_word' id='word_1_660' title='bbox 1345 5169 1407 5229; x_wconf 89' lang='lat' dir='ltr'>te</span> <span class='ocrx_word' id='word_1_661' title='bbox 1444 5167 1724 5246; x_wconf 73' lang='lat' dir='ltr'>rexeris»,</span> <span class='ocrx_word' id='word_1_662' title='bbox 1763 5167 2055 5250; x_wconf 86' lang='lat' dir='ltr'>princeps</span> <span class='ocrx_word' id='word_1_663' title='bbox 2102 5166 2248 5232; x_wconf 78' lang='lat' dir='ltr'>eris,</span> <span class='ocrx_word' id='word_1_664' title='bbox 2290 5189 2321 5224; x_wconf 71' lang='lat' dir='ltr'>n</span> 
     </span>
    </p>
   </div>
   <div class='ocr_carea' id='block_1_9' title="bbox 800 5293 2328 5436">
    <p class='ocr_par' dir='ltr' id='par_1_11' title="bbox 800 5293 2328 5436">
     <span class='ocr_line' id='line_1_88' title="bbox 861 5293 2328 5363; baseline 0.005 -20"><span class='ocrx_word' id='word_1_665' title='bbox 861 5293 878 5326; x_wconf 79' lang='grc'>’-</span> <span class='ocrx_word' id='word_1_666' title='bbox 908 5293 1031 5354; x_wconf 73' lang='lat' dir='ltr'>Ose„</span> <span class='ocrx_word' id='word_1_667' title='bbox 1061 5305 1176 5356; x_wconf 85' lang='lat' dir='ltr'>xm,</span> <span class='ocrx_word' id='word_1_668' title='bbox 1207 5300 1284 5346; x_wconf 81' lang='lat'>11.</span> <span class='ocrx_word' id='word_1_669' title='bbox 1310 5322 1373 5335; x_wconf 94' lang='lat'>—</span> <span class='ocrx_word' id='word_1_670' title='bbox 1398 5297 1423 5332; x_wconf 76' lang='lat'>²</span> <span class='ocrx_word' id='word_1_671' title='bbox 1448 5297 1588 5348; x_wconf 73' lang='lat' dir='ltr'>Psal.</span> <span class='ocrx_word' id='word_1_672' title='bbox 1618 5309 1782 5363; x_wconf 77' lang='lat' dir='ltr'>nxxn,</span> <span class='ocrx_word' id='word_1_673' title='bbox 1812 5301 1892 5350; x_wconf 79' lang='lat'>18.</span> <span class='ocrx_word' id='word_1_674' title='bbox 1919 5324 1981 5337; x_wconf 92' lang='lat'>—</span> <span class='ocrx_word' id='word_1_675' title='bbox 2007 5299 2027 5329; x_wconf 89' lang='lat'>⁸</span> <span class='ocrx_word' id='word_1_676' title='bbox 2053 5299 2222 5362; x_wconf 69' lang='lat' dir='ltr'>Zach„</span> <span class='ocrx_word' id='word_1_677' title='bbox 2254 5311 2328 5363; x_wconf 86' lang='lat' dir='ltr'>x1,</span> 
     </span>
     <span class='ocr_line' id='line_1_89' title="bbox 800 5365 2327 5436; baseline 0.003 -19"><span class='ocrx_word' id='word_1_678' title='bbox 800 5365 874 5417; x_wconf 82' lang='lat'>17.</span> <span class='ocrx_word' id='word_1_679' title='bbox 902 5390 964 5402; x_wconf 94' lang='lat'><strong>—</strong></span> <span class='ocrx_word' id='word_1_680' title='bbox 994 5365 1016 5403; x_wconf 66' lang='grc' dir='ltr'>δ</span> <span class='ocrx_word' id='word_1_681' title='bbox 1040 5368 1212 5432; x_wconf 72' lang='grc' dir='ltr'><strong>Ρωυ.,</strong></span> <span class='ocrx_word' id='word_1_682' title='bbox 1243 5380 1395 5434; x_wconf 78' lang='lat' dir='ltr'>xxv1,</span> <span class='ocrx_word' id='word_1_683' title='bbox 1424 5371 1470 5420; x_wconf 90' lang='grc'>8.</span> <span class='ocrx_word' id='word_1_684' title='bbox 1502 5397 1561 5408; x_wconf 94' lang='grc'><strong>-</strong></span> <span class='ocrx_word' id='word_1_685' title='bbox 1601 5372 1623 5407; x_wconf 80' lang='lat'>⁸</span> <span class='ocrx_word' id='word_1_686' title='bbox 1660 5372 1678 5426; x_wconf 86' lang='lat'>1</span> <span class='ocrx_word' id='word_1_687' title='bbox 1724 5370 1863 5436; x_wconf 61' lang='lat' dir='ltr'>Cor„</span> <span class='ocrx_word' id='word_1_688' title='bbox 1895 5383 1949 5434; x_wconf 86' lang='lat'>1,</span> <span class='ocrx_word' id='word_1_689' title='bbox 1978 5373 2026 5424; x_wconf 84' lang='lat'>5.</span> <span class='ocrx_word' id='word_1_690' title='bbox 2066 5397 2119 5409; x_wconf 91' lang='lat'>--</span> <span class='ocrx_word' id='word_1_691' title='bbox 2163 5373 2183 5404; x_wconf 81' lang='lat'>⁸</span> <span class='ocrx_word' id='word_1_692' title='bbox 2209 5371 2327 5435; x_wconf 68' lang='lat' dir='ltr'>Isa„</span> 
     </span>
    </p>
   </div>
   <div class='ocr_carea' id='block_1_10' title="bbox 2438 5061 3914 5348">
    <p class='ocr_par' dir='ltr' id='par_1_12' title="bbox 2438 5061 3914 5348">
     <span class='ocr_line' id='line_1_90' title="bbox 2440 5061 3914 5128; baseline -0.004 -15"><span class='ocrx_word' id='word_1_693' title='bbox 2440 5076 2634 5128; x_wconf 81' lang='lat' dir='ltr'>xmu,</span> <span class='ocrx_word' id='word_1_694' title='bbox 2663 5067 2711 5114; x_wconf 84' lang='grc'><strong>6.</strong></span> <span class='ocrx_word' id='word_1_695' title='bbox 2738 5090 2802 5101; x_wconf 96' lang='grc'>-</span> <span class='ocrx_word' id='word_1_696' title='bbox 2830 5065 2846 5095; x_wconf 89' lang='lat'>⁷</span> <span class='ocrx_word' id='word_1_697' title='bbox 2872 5066 3037 5128; x_wconf 69' lang='lat' dir='ltr'>loon„</span> <span class='ocrx_word' id='word_1_698' title='bbox 3063 5077 3176 5126; x_wconf 80' lang='lat' dir='ltr'>vm,</span> <span class='ocrx_word' id='word_1_699' title='bbox 3205 5068 3287 5116; x_wconf 69' lang='grc'><strong>34.</strong></span> <span class='ocrx_word' id='word_1_700' title='bbox 3311 5094 3375 5105; x_wconf 92' lang='grc'>-</span> <span class='ocrx_word' id='word_1_701' title='bbox 3403 5069 3422 5098; x_wconf 87' lang='lat'>⁸</span> <span class='ocrx_word' id='word_1_702' title='bbox 3446 5068 3611 5126; x_wconf 73' lang='lat' dir='ltr'>Dent..</span> <span class='ocrx_word' id='word_1_703' title='bbox 3639 5075 3756 5123; x_wconf 83' lang='lat' dir='ltr'>xvn,</span> <span class='ocrx_word' id='word_1_704' title='bbox 3783 5061 3845 5110; x_wconf 81' lang='lat'>16.</span> <span class='ocrx_word' id='word_1_705' title='bbox 3866 5078 3914 5092; x_wconf 89' lang='lat'>-</span> 
     </span>
     <span class='ocr_line' id='line_1_91' title="bbox 2440 5130 3911 5201; baseline -0.001 -18"><span class='ocrx_word' id='word_1_706' title='bbox 2440 5136 2460 5165; x_wconf 79' lang='lat'>⁹</span> <span class='ocrx_word' id='word_1_707' title='bbox 2482 5135 2620 5200; x_wconf 61' lang='lat' dir='ltr'>Luc„</span> <span class='ocrx_word' id='word_1_708' title='bbox 2644 5147 2751 5200; x_wconf 71' lang='lat' dir='ltr'>MV,</span> <span class='ocrx_word' id='word_1_709' title='bbox 2782 5141 2858 5187; x_wconf 83' lang='lat'>11.</span> <span class='ocrx_word' id='word_1_710' title='bbox 2878 5164 2940 5175; x_wconf 93' lang='lat'>—</span> <span class='ocrx_word' id='word_1_711' title='bbox 2968 5139 3005 5169; x_wconf 74' lang='lat'>¹⁶</span> <span class='ocrx_word' id='word_1_712' title='bbox 3026 5139 3183 5201; x_wconf 64' lang='lat' dir='ltr'>Rom„</span> <span class='ocrx_word' id='word_1_713' title='bbox 3210 5151 3327 5201; x_wconf 82' lang='lat'>1111,</span> <span class='ocrx_word' id='word_1_714' title='bbox 3356 5143 3401 5188; x_wconf 85' lang='lat'>1.</span> <span class='ocrx_word' id='word_1_715' title='bbox 3420 5165 3480 5177; x_wconf 92' lang='lat'>-</span> <span class='ocrx_word' id='word_1_716' title='bbox 3510 5140 3546 5173; x_wconf 86' lang='lat'>¹¹</span> <span class='ocrx_word' id='word_1_717' title='bbox 3565 5140 3712 5195; x_wconf 67' lang='lat' dir='ltr'>Joan„</span> <span class='ocrx_word' id='word_1_718' title='bbox 3733 5130 3911 5192; x_wconf 71' lang='lat' dir='ltr'>111,ss⁸</span> 
     </span>
     <span class='ocr_line' id='line_1_92' title="bbox 2438 5203 3908 5275; baseline 0.001 -18"><span class='ocrx_word' id='word_1_719' title='bbox 2438 5233 2502 5244; x_wconf 97' lang='lat'><strong>—</strong></span> <span class='ocrx_word' id='word_1_720' title='bbox 2531 5207 2570 5241; x_wconf 79' lang='lat'>¹²</span> <span class='ocrx_word' id='word_1_721' title='bbox 2596 5209 2748 5272; x_wconf 66' lang='lat' dir='ltr'>Aug„</span> <span class='ocrx_word' id='word_1_722' title='bbox 2776 5208 2956 5269; x_wconf 70' lang='lat' dir='ltr'>Quoest.</span> <span class='ocrx_word' id='word_1_723' title='bbox 2989 5209 3053 5259; x_wconf 90' lang='lat' dir='ltr'>ad</span> <span class='ocrx_word' id='word_1_724' title='bbox 3080 5210 3239 5273; x_wconf 89' lang='lat' dir='ltr'>Simp.</span> <span class='ocrx_word' id='word_1_725' title='bbox 3269 5210 3358 5261; x_wconf 91' lang='lat' dir='ltr'>lib.</span> <span class='ocrx_word' id='word_1_726' title='bbox 3392 5212 3431 5272; x_wconf 87' lang='lat'>1,</span> <span class='ocrx_word' id='word_1_727' title='bbox 3460 5225 3511 5275; x_wconf 88' lang='lat' dir='ltr'>q.</span> <span class='ocrx_word' id='word_1_728' title='bbox 3544 5215 3585 5261; x_wconf 85' lang='lat'>1.</span> <span class='ocrx_word' id='word_1_729' title='bbox 3611 5203 3908 5259; x_wconf 78' lang='lat' dir='ltr'>—¹³11²etr·‚</span> 
     </span>
     <span class='ocr_line' id='line_1_93' title="bbox 2440 5278 3728 5348; baseline -0.002 -18"><span class='ocrx_word' id='word_1_730' title='bbox 2440 5291 2497 5343; x_wconf 85' lang='lat'>11,</span> <span class='ocrx_word' id='word_1_731' title='bbox 2531 5281 2607 5330; x_wconf 82' lang='lat'>18.</span> <span class='ocrx_word' id='word_1_732' title='bbox 2636 5303 2698 5316; x_wconf 89' lang='lat'>—</span> <span class='ocrx_word' id='word_1_733' title='bbox 2728 5279 2769 5314; x_wconf 59' lang='grc' dir='ltr'>*ὃ</span> <span class='ocrx_word' id='word_1_734' title='bbox 2793 5278 2902 5342; x_wconf 78' lang='lat' dir='ltr'>lob,</span> <span class='ocrx_word' id='word_1_735' title='bbox 2931 5292 3113 5348; x_wconf 78' lang='lat' dir='ltr'>xxxiv,</span> <span class='ocrx_word' id='word_1_736' title='bbox 3139 5287 3217 5334; x_wconf 84' lang='lat'>30.</span> <span class='ocrx_word' id='word_1_737' title='bbox 3243 5309 3307 5320; x_wconf 97' lang='lat'><strong>—</strong></span> <span class='ocrx_word' id='word_1_738' title='bbox 3338 5285 3374 5314; x_wconf 73' lang='lat'>¹⁵</span> <span class='ocrx_word' id='word_1_739' title='bbox 3402 5283 3525 5346; x_wconf 67' lang='lat' dir='ltr'>ose„</span> <span class='ocrx_word' id='word_1_740' title='bbox 3553 5291 3659 5342; x_wconf 83' lang='lat' dir='ltr'>vm,</span> <span class='ocrx_word' id='word_1_741' title='bbox 3687 5281 3728 5327; x_wconf 70' lang='grc'><strong>4.</strong></span> 
     </span>
    </p>
   </div>
   <div class='ocr_carea' id='block_1_11' title="bbox 2504 5369 2916 5434">
    <p class='ocr_par' dir='ltr' id='par_1_13' title="bbox 2504 5369 2916 5434">
     <span class='ocr_line' id='line_1_94' title="bbox 2504 5369 2916 5434; baseline 0.002 -15"><span class='ocrx_word' id='word_1_742' title='bbox 2504 5371 2569 5434; x_wconf 82' lang='grc' dir='ltr'>(α)</span> <span class='ocrx_word' id='word_1_743' title='bbox 2598 5369 2711 5432; x_wconf 72' lang='lat' dir='ltr'>Leq.</span> <span class='ocrx_word' id='word_1_744' title='bbox 2742 5369 2916 5420; x_wconf 77' lang='lat' dir='ltr'>vitam.</span> 
     </span>
    </p>
   </div>
   <div class='ocr_carea' id='block_1_12' title="bbox 4097 1779 4109 3669">
    <p class='ocr_par' dir='ltr' id='par_1_14' title="bbox 4097 1779 4109 3669">
     <span class='ocr_line' id='line_1_95' title="bbox 4097 1779 4109 3669; baseline 0 0"><span class='ocrx_word' id='word_1_745' title='bbox 4097 1779 4109 3669; x_wconf 95' lang='lat' dir='ltr'> </span> 
     </span>
    </p>
   </div>
   <div class='ocr_carea' id='block_1_13' title="bbox 4101 3838 4105 4632">
    <p class='ocr_par' dir='ltr' id='par_1_15' title="bbox 4101 3838 4105 4632">
     <span class='ocr_line' id='line_1_96' title="bbox 4101 3838 4105 4632; baseline 0 0"><span class='ocrx_word' id='word_1_746' title='bbox 4101 3838 4105 4632; x_wconf 95' lang='lat' dir='ltr'> </span> 
     </span>
    </p>
   </div>
   <div class='ocr_carea' id='block_1_14' title="bbox 4098 4833 4107 5709">
    <p class='ocr_par' dir='ltr' id='par_1_16' title="bbox 4098 4833 4107 5709">
     <span class='ocr_line' id='line_1_97' title="bbox 4098 4833 4107 5709; baseline 0 0"><span class='ocrx_word' id='word_1_747' title='bbox 4098 4833 4107 5709; x_wconf 95' lang='lat' dir='ltr'> </span> 
     </span>
    </p>
   </div>
  </div>
 </body>
</html>
