4196 6294
657 428 778 490 272

656 574 880 623 renam
907 555 1222 622 actionem
1253 603 1270 633 ,
1314 553 1483 619 unde
1519 553 1685 618 hoc·
1723 575 1741 616 ε
1781 576 1811 613 α
1835 551 2153 618 Descende
2170 599 2191 631 ,

660 664 808 729 sede
833 664 904 728 in
930 663 1216 747 pulvere,
1234 662 1428 745 virgo
1452 661 1591 727 fllia
1609 659 1897 744 Babylon
1920 661 2026 744 (α),
2048 660 2197 726 sede

657 771 726 835 in
753 774 952 835 terra.
969 792 1000 830 n

743 883 803 943 4.
829 878 1147 960 Quoniam
1174 893 1443 960 maqnus
1469 878 1802 956 Dominus,
1829 881 1888 943 et
1911 875 2201 943 laudabi-

661 986 748 1053 lis
761 988 983 1066 nimis,
1016 985 1324 1053 tetribilis
1352 992 1446 1052 est
1476 985 1547 1069 (b)
1566 1002 1756 1069 super
1780 1000 1993 1052 omnes
2022 983 2194 1050 deos.

667 1091 784 1158 Hic
809 1091 1208 1157 commendat
1254 1092 1575 1157 Christum
1601 1111 1641 1156 a
1667 1092 1948 1175 potentia
1967 1140 1986 1171 ,
2031 1089 2202 1155 unde

667 1199 820 1264 dicit
852 1223 866 1264 ε
900 1201 1172 1282 Maqnus
1198 1201 1553 1279 Dominum
1583 1218 1624 1265 a
1649 1199 1932 1264 bonitate
1951 1247 1972 1278 ,
1999 1216 2203 1281 quan·

669 1308 752 1373 do
778 1308 927 1373 dicit
957 1330 973 1373 ι
1002 1308 1423 1387 Laudabili-33
1454 1309 1535 1374 ab
1574 1308 1991 1374 admiratione
2008 1355 2028 1387 ,
2075 1324 2199 1372 un-

672 1415 795 1480 de:
837 1415 1188 1483 Terribilis.

477 1558 526 1600 10
539 1564 645 1608 pt...
753 1527 813 1588 8.
866 1525 1132 1592 Introite
1160 1527 1245 1608 gin
1283 1524 1459 1591 atria
1500 1523 1660 1605 ejus.
1699 1524 1780 1588 In
1821 1522 2206 1606 quandoque

455 1617 630 1727 ἐξὲξ
671 1635 849 1697 notat
894 1632 1311 1697 intentionem
1324 1681 1343 1712 ,
1392 1630 1563 1696 unde
1587 1632 1710 1695 boc
1732 1636 1756 1669 ²
1786 1653 1803 1695 :
1842 1653 1874 1692 α
1901 1628 2208 1694 Dominus

441 1745 572 1850 lnbieg
592 1743 649 1787 ⁸5·
671 1739 941 1804 intendit
965 1739 1125 1804 mibi
1143 1788 1162 1820 ,
1190 1762 1221 1800 ι)
1256 1739 1321 1803 id
1348 1744 1442 1803 est
1462 1787 1481 1819 ,
1509 1737 1693 1805 valde
1718 1738 1986 1803 intendit
2008 1737 2202 1815 mihi;

439 1819 637 1919 „2205
675 1847 1057 1930 quandoque
1087 1846 1520 1911 attractionem
1537 1894 1554 1926 ,
1600 1845 1771 1910 unde
1798 1846 1819 1881 ⁸
1862 1868 1878 1910 z
1909 1868 1948 1914 ,α
1976 1844 2205 1910 Pecca-

676 1958 848 2018 tores
873 1954 1281 2019 intenderunt
1297 1972 1519 2018 arcum
1534 2002 1553 2034 ,
1576 1975 1607 2013 n
1637 1953 1703 2018 id
1721 1957 1847 2033 est,
1876 1954 1957 2018 ad
1983 1970 2052 2016 se
2077 1956 2212 2016 ten-

680 2061 910 2126 derunt
929 2060 1315 2144 Scripturam
1338 2080 1355 2140 ;
1378 2062 1762 2144 quandoque
1773 2060 2207 2142 negationem,

681 2168 852 2232 unde
887 2167 1008 2232 boc
1052 2190 1068 2232 :
1101 2189 1132 2229 α
1165 2167 1438 2250 Spiritus
1481 2172 1737 2232 sanctus
1775 2168 2108 2249 ingenitus
2125 2217 2142 2246 ,
2173 2190 2204 2228 ιι

681 2274 745 2338 id
772 2279 869 2340 est
891 2292 1021 2339 non
1061 2275 1339 2356 genituS.
1396 2267 1786 2358 Quandoque
1831 2278 2008 2341 notat
2040 2275 2215 2359 posi-

682 2382 921 2447 tionem
937 2429 960 2461 ‚
993 2385 1068 2446 ut
1092 2399 1241 2446 cum
1267 2381 1496 2446 dicitur
1527 2400 1543 2444 ε
1580 2405 1611 2442 <1
1636 2379 1823 2445 Pater
1849 2386 1945 2445 est
1969 2382 2217 2465 ingeni-

683 2493 788 2553 tus
812 2510 829 2566 ;
882 2510 914 2548 n
964 2489 1343 2571 quandoque
1392 2489 1632 2572 aliquid
1681 2488 1948 2554 interius
1966 2537 1988 2570 ,
2043 2492 2218 2556 unde

685 2595 810 2659 boc
833 2595 855 2630 ⁴
885 2616 901 2659 ε
942 2617 974 2656 α
992 2594 1151 2660 Cum
1165 2595 1550 2677 invocarem,
1580 2597 1903 2663 exaudivit
1921 2615 2025 2663 me
2051 2598 2220 2664 Deus

683 2703 948 2790 Justitiae
976 2721 1159 2769 meae.
1190 2726 1222 2764 n

772 2817 874 2879 13.
921 2813 1252 2881 ,Iudicabit
1293 2814 1501 2881 orbem
1548 2818 1732 2881 terrae
1772 2816 1849 2880 in
1892 2816 2218 2898 aequitate.

695 2920 809 2985 Hic
848 2921 1111 3001 dicitur,
1161 2922 1332 3004 quod
1371 2921 1574 3003 hujus
1622 2921 1902 2986 nominis
1922 2970 1941 3001 ,
1981 2921 2219 3003 Adam,

691 3032 841 3094 sunt
866 3029 972 3094 hae
1001 3032 1278 3111 quatuor
1302 3028 1533 3091 litterae
1568 3044 1799 3108 graecae
1813 3075 1835 3107 ,
1865 3027 2101 3093 scilicet
2143 3051 2182 3090 α
2202 3076 2220 3107 ,

694 3136 747 3214 δ,
779 3159 839 3217 α,
873 3158 950 3216 μς
979 3136 1056 3201 Et
1076 3135 1168 3201 sic
1192 3134 1573 3217 intelligitur
1597 3153 1756 3199 crux
1784 3132 2034 3200 Christi.
2062 3135 2224 3201 Nam

696 3244 971 3327 primam
1013 3243 1289 3307 litteram
1313 3243 1505 3306 babet
1538 3242 1605 3306 in
1631 3241 1941 3325 principio
1975 3244 2186 3308 oriens
2202 3290 2223 3325 ,

696 3351 765 3414 in
816 3368 1031 3432 graeco
1073 3349 1311 3414 scilicet
1345 3348 1628 3429 ἀνατολὴ;
1676 3349 2018 3414 secundam
2063 3350 2228 3415 occi-

696 3460 885 3540 den8‚
928 3459 1163 3525 scilicet
1203 3460 1381 3538 δὺσις;
1427 3460 1683 3524 tertiam
1708 3458 1924 3541 aquilo
1942 3507 1960 3538 ,
1992 3459 2228 3524 scilicet

695 3568 929 3651 &pie-1093
960 3572 1255 3651 quartam
1272 3566 1568 3632 meridies
1581 3615 1603 3646 ‚
1630 3566 1861 3631 scilicet
1888 3567 2222 3649 μεσημόρία.

702 3675 780 3740 Et
797 3680 956 3758 ‚nota
973 3723 991 3753 ,
1025 3676 1197 3758 quod
1222 3692 1355 3739 non
1380 3674 1450 3738 in
1475 3674 1685 3756 primo
1716 3673 1893 3756 ponit
1920 3674 2230 3739 orientem

701 3788 843 3866 post
868 3783 1228 3863 meridiem,
1259 3783 1369 3847 sed
1393 3784 1537 3864 post
1562 3781 1944 3848 occidentem
1959 3830 1981 3863 ,
2012 3788 2086 3847 ut
2115 3800 2234 3865 po-

703 3890 913 3955 nendo
933 3890 1242 3972 opposita,
1263 3892 1439 3953 notet
1462 3906 1741 3953 crucem.
1763 3888 1843 3954 Et
1857 3894 2028 3969 nota,
2061 3891 2233 3973 quod

705 3996 827 4060 boc
861 3995 1094 4061 dicitur
1134 4014 1152 4060 ε
1194 3994 1366 4077 quod
1411 3994 1559 4068 δύσις
1596 3995 1913 4078 significat
1953 3997 2237 4062 occiden-

707 4106 865 4183 tem,
896 4103 1008 4168 sed
1032 4101 1189 4167 solet
1222 4101 1344 4166 dici
1364 4149 1386 4182 ,
1426 4102 1594 4185 quod
1639 4103 1971 4186 paradisus
2006 4104 2237 4170 dicitur

707 4209 888 4293 quasi
906 4211 1099 4291 juxta
1142 4209 1457 4274 orientem
1487 4230 1505 4272 ι
1536 4208 1697 4273 forte
1737 4210 1928 4291 juxta
1959 4209 2237 4291 gloriam

709 4316 820 4381 Dei
849 4316 1079 4382 dicitur
1108 4339 1123 4382 :
1159 4315 1296 4394 δόξα
1334 4317 1507 4382 enim
1549 4315 1759 4399 gloria
1797 4316 2029 4382 dicitur
2057 4340 2073 4381 ε
2106 4336 2238 4383 non

709 4444 869 4508 ergo
896 4445 937 4492 a
963 4426 1111 4502 δόσις
1136 4475 1156 4507 ,
1193 4426 1304 4492 sed
1330 4445 1370 4492 a
1397 4424 1536 4503 δόξα
1560 4426 1981 4510 componitur.

975 4667 1374 4741 PSALMUS
1417 4668 1688 4741 DAVID
1732 4667 1965 4741 XCVI.

800 4865 870 4949 (c)
913 4872 974 4930 1.
1019 4865 1338 4933 Dominus
1385 4863 1683 4945 reqnavit
1701 4909 1723 4942 ,
1770 4862 2011 4930 eoeultet
2051 4865 2241 4929 terra.

715 4972 882 5037 Deus
925 4973 1095 5054 regit
1142 4970 1342 5035 malos
1384 4972 1465 5036 ad
1512 4971 1983 5054 depressionem
2001 5018 2022 5050 ‚
2073 4970 2247 5036 unde

712 5079 837 5144 hoc
861 5080 883 5118 ⁸
911 5102 929 5142 ε
970 5102 1001 5141 α
1030 5077 1236 5161 Reges
1282 5096 1392 5145 eos
1416 5080 1487 5143 in
1512 5079 1704 5162 virga
1733 5078 1959 5145 ferrea.
1987 5100 2019 5140 n
2055 5077 2249 5159 Regit

782 5281 794 5309 ¹
818 5281 939 5342 Iso„
965 5291 1126 5344 nvn,
1151 5284 1200 5333 1.
1220 5305 1276 5318 -
1306 5281 1329 5315 ²
1347 5278 1484 5330 Psoi.
1507 5289 1687 5340 mvi,
1709 5280 1756 5329 2.
1778 5302 1842 5314 —
1863 5276 1886 5311 ³
1904 5275 2041 5327 Psal.
2063 5287 2245 5338 xxxvi,

718 5353 793 5402 ss.
823 5376 887 5389 -
923 5352 947 5388 ⁸
978 5352 1117 5404 Ptol.
1156 5364 1227 5417 tv,
1255 5355 1304 5404 2.
1337 5377 1393 5389 —
1430 5353 1451 5385 ⁶
1477 5348 1615 5401 Psal.
1652 5352 1808 5412 ιι,·9.
1843 5374 1899 5387 -
1937 5349 1958 5379 ⁸
1984 5350 2129 5400 Cant.
2186 5347 2248 5398 Te

716 5423 896 5474 Deum.
930 5449 992 5465 -
1027 5426 1046 5455 2
1083 5423 1223 5475 Paul.
1263 5434 1438 5487 mm,
1476 5424 1556 5473 15.
1600 5447 1656 5458 —-
1693 5420 1718 5455 ⁸
1754 5421 1895 5483 Luc„
1931 5431 2037 5483 ιιι,
2073 5421 2152 5472 49.
2186 5443 2247 5460 --

1700 415 2111 485 EXPOSITIO
2155 415 2234 484 ΙΝ
2277 415 2803 485 PSALTERIUM.

2307 553 2510 618 bonos
2554 555 2625 619 in
2653 555 2961 639 {praesenti
3003 555 3084 621 ad
3134 555 3616 638 exultationem,
3671 558 3842 622 unde

2309 659 2430 725 hoc
2456 662 2479 696 ⁶
2509 680 2528 726 ε
2567 685 2598 724 α
2626 662 2893 729 Salvum
2918 663 3015 728 fac
3041 663 3353 747 populum
3383 668 3567 729 tuum
3583 714 3602 745 ,
3630 663 3841 730 Domi·

2308 785 2425 847 ne,
2458 791 2489 829 n
2523 773 2672 848 etc.,
2713 793 2745 832 α
2767 775 2830 835 et
2856 788 3015 853 rege
3042 788 3171 835 eos.
3196 792 3229 830 ι
3281 770 3485 853 Reget
3524 770 3595 835 in
3627 772 3841 838 futuro

2308 875 2535 939 electos
2576 880 2893 959 quantum
2936 877 3014 941 ad
3055 876 3578 958 glorificationem
3601 925 3622 957 ‚
3674 879 3841 943 unde

2310 985 2432 1050 hoc
2451 992 2473 1026 '¹
2508 1009 2523 1049 z
2564 1009 2596 1047 α
2616 986 2694 1051 Et
2718 991 2899 1069 reget
2924 1005 3033 1052 eos
3058 1005 3266 1070 usque
3295 987 3364 1050 in
3388 987 3696 1052 saeculum
3723 1007 3839 1053 sae-

2311 1092 2461 1156 culi.
2493 1113 2523 1152 n
2563 1093 2640 1158 Et
2665 1095 2754 1158 ita
2785 1093 3072 1160 Christus
3098 1094 3330 1160 dicitur
3365 1112 3481 1160 rex
3508 1096 3798 1161 omnium
3821 1143 3841 1173 ,

2312 1198 2478 1264 sicut
2500 1199 2732 1264 dicitur
2757 1201 2829 1265 in
2858 1201 3043 1267 titulo
3070 1201 3328 1267 Psalmi.
4148 1290 4153 1294 .

2394 1309 2454 1370 3.
2485 1307 2664 1390 Ionis
2708 1315 2859 1377 ante
2900 1312 3115 1391 ipsum
3149 1308 3481 1393 praeoedet.
3529 1309 3638 1375 Est
3673 1311 3846 1391 ignis
3871 1337 4001 1393 ιω,
4013 1336 4099 1380 «ιιι-

2314 1414 2693 1497 corporalis3
2742 1419 2840 1481 est
2877 1417 3051 1499 ignis
3088 1416 3456 1500 spiritualis.
3496 1417 3845 1501 Corporalis
3870 1401 3995 1455 ⁹¹⁰¹·

2316 1523 2544 1606 triplex
2573 1546 2590 1589 ι
2622 1526 3090 1609 peremptorius
3108 1575 3125 1606 ,
3156 1527 3572 1609 purgatorius
3590 1575 3606 1607 ,
3638 1545 3847 1592 emen-

2314 1629 2636 1710 datorius;
2668 1633 2899 1698 scilicet
2931 1634 3044 1716 qui
3080 1633 3409 1699 comburet
3451 1638 3689 1699 terram
3709 1684 3731 1715 ‚
3779 1639 3847 1699 et

2319 1739 2567 1802 tantum
2613 1740 2905 1804 ascendet
2934 1786 2952 1817 ,
3004 1745 3316 1823 quantum
3376 1759 3547 1824 aqua
3593 1741 3842 1807 diluvii.

2318 1843 2678 1927 Spiritualis
2707 1847 2966 1929 duplex,
2987 1847 3150 1912 alius
3172 1847 3455 1929 invidiae,
3485 1849 3648 1914 alius
3667 1868 3844 1914 amo-

2320 1951 2430 2015 riS.
2457 1950 2545 2016 De
2569 1958 2842 2035 utroque
2861 1953 2968 2018 hic
2995 1954 3357 2037 exponitur.
3391 1955 3476 2019 De
3502 1954 3844 2021 secundo·:

2332 2084 2362 2121 a
2401 2061 2628 2142 Ignem
2671 2062 2822 2126 veni
2860 2060 3112 2126 mittere
3149 2061 3219 2126 in
3255 2066 3516 2126 terram.
3559 2085 3591 2122 n
3641 2062 3799 2129 Nota
3828 2086 3845 2127 :

2324 2168 2592 2247 Quidam
2619 2169 2795 2250 ignis
2821 2169 3061 2233 cruciat
3082 2171 3148 2233 et
3168 2173 3427 2252 purgat,
3459 2175 3534 2235 ut
3566 2172 3849 2236 consola-

2323 2276 2523 2340 torius
2541 2325 2561 2355 ‚
2592 2276 2826 2340 scilicet
2852 2275 3126 2359 Spiritus
3149 2281 3427 2343 sanctus.

2405 2386 2464 2445 4.
2498 2382 2859 2449 Illuoeerunt
2905 2384 3165 2466 sulpura
3209 2382 3369 2464 eius.
3403 2384 3702 2451 Miracula
3744 2386 3856 2451 Dei
3959 2416 4109 2459 m..-

2326 2488 2624 2553 dicuntur
2677 2489 2937 2570 fulgura
2953 2538 2970 2571 ,
3031 2491 3182 2574 quia
3223 2491 3590 2557 illuminant
3608 2542 3630 2573 ‚
3684 2493 3858 2558 unde
3881 2477 4108 2583 ffossnffii

2327 2595 2450 2660 boc
2476 2601 2499 2636 ⁹
2530 2618 2547 2660 ε
2587 2619 2618 2657 «ι
2643 2595 2711 2661 Si
2741 2596 2902 2660 mibi
2927 2615 3059 2662 non
3087 2596 3285 2664 vultis
3312 2600 3568 2664 credere
3588 2649 3605 2680 ,
3646 2600 3858 2682 operi·
3885 2602 4087 2657 sulem·

2329 2703 2451 2768 bus
2485 2704 2716 2769 credite
2734 2753 2755 2785 ,
2785 2727 2817 2765 »
2852 2723 3044 2789 opera
3082 2723 3226 2770 mea
3264 2724 3369 2771 me
3411 2707 3855 2786 manifestant3

2330 2814 2395 2874 et
2420 2810 2571 2893 quia
2595 2814 2875 2892 terrent,
2904 2811 3075 2877 unde
3112 2811 3380 2895 apostoli
3408 2812 3475 2876 in
3502 2813 3604 2878 die
3634 2812 3862 2878 Pente-

2332 2923 2532 2982 costes
2557 2918 2760 2983 territi
2783 2918 3083 2984 dixerunt
3111 2921 3159 2972 ¹⁰.
3184 2941 3200 2982 ε
3228 2942 3259 2981 «ι
3276 2918 3439 2996 Quid
3465 2920 3803 2984 faciemus?
3820 2940 3853 2980 ι

2332 3022 2413 3088 Et
2441 3022 2666 3089 Petrus
2683 3027 2723 3062 ¹¹
2756 3047 2770 3088 ε
2812 3048 2842 3087 α
2869 3024 3319 3109 Unusquisque
3348 3029 3629 3091 vestrum
3656 3026 3863 3107 bapti-

2330 3136 2541 3213 zetur;
2571 3156 2603 3194 »
2629 3138 2692 3200 et
2719 3135 2873 3218 quia
2898 3134 3170 3200 interius
3196 3140 3487 3213 movent,
3517 3134 3686 3200 unde
3711 3134 3861 3201 Joc-

2332 3239 2411 3303 lis
2437 3242 2483 3276 ¹²
2513 3262 2528 3305 z
2566 3263 2597 3302 α
2625 3240 2796 3313 Dabo
2823 3242 3117 3325 prodigia
3144 3242 3214 3306 in
3256 3242 3416 3307 coelo
3461 3261 3721 3307 sursum
3743 3291 3761 3323 ,
3799 3246 3864 3306 et

2334 3346 2524 3429 signa
2549 3346 2618 3411 in
2641 3352 2809 3412 terra
2833 3348 3153 3414 deorsum.
3179 3370 3210 3409 n

2418 3459 2479 3520 5.
2508 3456 2748 3523 Montes
2774 3457 2943 3523 sicut
2967 3472 3109 3523 cera
3133 3457 3471 3539 fluxerunt
3493 3473 3537 3522 α
3562 3457 3726 3537 facie
3743 3459 3867 3525 Do·

2337 3564 2527 3629 mini.
2571 3561 2687 3635 Hic
2726 3563 2998 3630 ostendit
3024 3564 3385 3648 superbiam
3407 3613 3424 3646 ‚
3464 3565 3635 3630 unde
3665 3566 3814 3630 dicit
3844 3588 3862 3628 :

2337 3671 2609 3749 Montes;
2652 3670 3158 3751 instabilitatem,
3210 3670 3381 3736 unde
3426 3693 3443 3751 ;
3494 3671 3674 3739 Sicut
3722 3688 3868 3739 cera

2337 3780 2699 3862 finxeram&
2743 3778 3149 3859 fragilitatem
3172 3827 3188 3859 ,
3221 3779 3393 3844 unde
3422 3798 3441 3843 z
3482 3782 3707 3858 Terra;
3738 3780 3865 3845 fra-

2341 3885 2609 3968 gilitatis
2634 3884 3149 3967 universitatem,
3171 3886 3341 3951 unde
3374 3907 3390 3951 2
3429 3888 3667 3954 onmis.

2600 4127 3002 4199 PSALMUS
3046 4129 3317 4201 DAVID
3361 4128 3624 4202 XCVII.

2427 4324 2457 4381 1
2470 4365 2486 4382 .
2508 4318 2772 4386 cantate
2793 4320 3066 4385 Domino
3082 4320 3405 4386 canticum
3419 4333 3655 4386 novum
3680 4340 3697 4385 ε
3717 4321 3876 4403 quia

2350 4424 2682 4492 mirabilia
2721 4427 2891 4506 fecit.
2958 4425 3255 4495 salvavit
3304 4427 3389 4511 (cl)
3437 4427 3567 4495 sibi
3610 4427 3876 4496 dextera

2350 4533 2511 4614 ejus.
2530 4533 2802 4600 Dextera
2825 4551 2942 4598 nos
2966 4534 3273 4616 protegit,
3292 4535 3594 4615 defendit,
3613 4539 3678 4605 et
3704 4536 3871 4616 facit,
3902 4569 4118 4615 „mm

2351 4641 2416 4706 id
2430 4644 2544 4722 est,
2562 4645 2881 4723 operatur.
2905 4640 2985 4705 Et
2998 4641 3120 4705 hac
3134 4641 3547 4707 similitudine
3563 4641 3763 4708 Filius
3778 4643 3876 4708 di-

2351 4748 2514 4813 citur
2530 4748 2790 4813 dextera
2807 4770 2822 4812 ε
2841 4766 2997 4812 nam
3008 4766 3127 4813 nos
3141 4748 3449 4831 protegit,
3469 4750 3640 4815 unde
3658 4751 3781 4815 hoc
3791 4751 3836 4792 ¹⁸
3856 4771 3872 4815 t

2362 4884 2392 4922 α
2414 4860 2494 4925 Et
2519 4859 2777 4925 dextera
2815 4864 2926 4925 tua
2953 4877 3071 4925 nos
3097 4861 3376 4944 protegit
3402 4861 3473 4944 (e)
3486 4908 3502 4925 .
3532 4883 3562 4922 n
3596 4861 3877 4927 Defendit

2355 4971 2423 5036 in
2451 4968 2881 5051 expugnando
2906 4969 3181 5047 hostem,
3211 4969 3384 5034 unde
3410 4969 3533 5035 boc
3553 4970 3596 5006 ¹⁴
3628 4993 3644 5032 ε
3670 4993 3702 5031 α
3722 4970 3880 5036 Dex-

2353 5135 2374 5165 ⁹
2399 5134 2562 5192 loon„
2596 5141 2652 5192 x,
2687 5131 2766 5180 38.
2806 5156 2862 5166 -
2910 5131 2953 5167 ¹⁰
2985 5131 3118 5192 Act„
3156 5142 3222 5195 ιι,
3258 5133 3337 5181 37.
3364 5157 3427 5169 -
3465 5132 3497 5166 ¹¹
3528 5131 3680 5196 ibid„
3715 5136 3795 5185 38.
3819 5157 3882 5171 —

2358 5203 2571 5264 ²²1bid.,
2596 5204 2675 5253 19.
2706 5225 2762 5238 -·
2794 5202 2832 5238 ¹⁸
2864 5201 2999 5252 Psal.
3037 5214 3179 5266 mr,
3205 5206 3253 5254 9.
3283 5228 3346 5240 —
3373 5203 3412 5239 ¹⁸
3449 5202 3586 5254 Psal.
3620 5216 3782 5268 cxvu,
3803 5207 3878 5258 16.

2357 5302 2421 5313 -
2436 5273 2504 5339 (α)
2529 5272 2614 5325 Al.
2644 5271 2746 5322 fllia
2766 5273 2892 5325 Sion
2913 5273 3207 5339 Babylonis.
3227 5298 3291 5312 —
3314 5272 3386 5339 (ὁ)
3409 5274 3488 5325 ΑΙ.
3510 5289 3646 5325 es.—
3670 5277 3730 5341 (c)
3756 5278 3879 5327 Cet.

2359 5344 2482 5397 edit.
2516 5343 2652 5395 banc
2677 5344 2898 5409 glossam
2922 5345 3150 5397 referunt
3166 5345 3231 5397 ad
3249 5344 3375 5412 psal.
3403 5357 3548 5398 mr.-
3575 5346 3645 5411 (d)
3670 5348 3747 5399 Al.
3772 5346 3885 5399 Sae-

2358 5415 2514 5468 vabit.
2543 5441 2604 5456 —
2634 5415 2696 5481 (e)
2716 5415 2861 5482 Vulq.
2890 5431 2976 5468 me
3000 5417 3239 5481 suscepit.
