4196 6294
673 375 793 438 680

675 506 819 572 ideo
861 504 1058 570 dicit:
1096 502 1551 569 Obsurdescent
1598 518 1808 570 omncs
1862 502 2020 585 filioe
2071 520 2222 571 car-

676 615 903 681 minis.
931 611 1114 677 Tunc
1156 611 1312 676 ffliae
1359 611 1662 677 carminis
1710 611 2170 677 obsurdescunt
2199 661 2219 693 ,

677 722 937 807 quando
959 739 1193 786 sonum
1219 722 1507 787 veritatis
1521 773 1539 801 ,
1562 742 1710 806 quae
1726 727 1820 787 est
1843 721 2022 789 velut
2046 741 2225 805 quae-

679 832 829 895 dam
856 829 1291 910 consonantia,
1313 830 1536 895 audire
1565 849 1697 895 non
1725 832 2013 914 possunt.
2048 829 2224 896 Istud

683 939 805 1002 erit
830 940 1085 1021 tempus
1109 936 1507 1017 Antichristi,
1530 937 1696 1002 sicut
1726 937 2103 1022 praedictum
2134 942 2229 1003 est

683 1048 761 1112 de
787 1046 899 1112 illo
927 1047 1166 1130 populo
1185 1095 1204 1127 ‚
1226 1046 1339 1129 qui
1365 1046 1720 1112 adhaerebit
1744 1046 2134 1112 Antichristo
2152 1054 2171 1088 ¹
2207 1068 2223 1111 ε

696 1180 728 1217 α
754 1154 1038 1238 Populus
1065 1155 1147 1220 ad
1172 1154 1570 1219 iracundiam
1598 1172 1954 1238 provocans
1966 1158 2081 1236 est,
2114 1154 2230 1219 filii

687 1265 1043 1343 mendaces,
1072 1262 1188 1326 filii
1208 1262 1499 1327 nolentes
1539 1261 1760 1326 audire
1782 1262 1998 1344 legem
2025 1261 2158 1327 Dei.
2190 1286 2221 1323 n

689 1370 903 1437 Tertio
915 1369 1227 1452 praedicit,
1241 1369 1412 1452 quod
1426 1368 1872 1435 formidabitur
1879 1369 2230 1434 Antichris-

690 1478 741 1542 ti
780 1480 1089 1560 potestas,
1127 1494 1280 1542 cum
1317 1477 1406 1541 ait
1436 1499 1452 1541 ε
1484 1477 1761 1544 Excelsa
1788 1492 2031 1561 quoque
2057 1479 2236 1545 time-

694 1586 885 1666 bunt,
915 1589 973 1652 et
1016 1583 1496 1666 formidabunt,
1532 1586 1599 1650 id
1638 1589 1778 1667 est,
1811 1603 2067 1666 omnes,
2101 1589 2233 1651 tam

692 1694 901 1778 parvi,
936 1710 1135 1776 quam
1172 1694 1432 1775 magni,
1461 1693 1858 1759 verebuntur
1884 1694 2235 1777 potentiam

693 1800 1090 1883 Antichristi,
1107 1805 1172 1866 et
1183 1818 1319 1885 prae
1334 1801 1565 1866 timore
1579 1801 1961 1879 adorabunt;
1986 1801 2159 1867 unde
2172 1803 2196 1837 ²
2215 1822 2231 1867 ε

705 1933 737 1973 α
773 1908 1103 1975 Admirata
1147 1912 1241 1974 est
1280 1909 1490 1973 omnis
1529 1912 1700 1974 terra
1739 1912 1884 1993 post
1922 1910 2193 1975 bestiam
2214 1956 2233 1986 ‚

695 2017 973 2082 dicentes
1001 2038 1017 2079 :
1049 2015 1205 2093 Quis
1241 2017 1469 2081 similis
1515 2017 1735 2082 bestiae
1780 2016 1969 2096 huic,
2000 2020 2064 2081 et
2093 2017 2239 2099 quis

696 2123 929 2206 poterit
955 2141 1253 2206 pugnare
1277 2143 1427 2189 cum
1455 2130 1566 2189 ea?
1583 2146 1613 2184 n
1647 2124 1727 2189 Et
1750 2124 1917 2189 intra
1934 2126 1956 2160 ³
1982 2143 1999 2188 :
2031 2147 2064 2185 α
2083 2124 2239 2188 Data

698 2238 794 2296 est
826 2232 889 2296 ei
915 2234 1190 2314 potestas
1219 2231 1299 2311 ‚in
1325 2249 1586 2297 omnem
1622 2232 1898 2311 tribum,
1930 2235 1993 2295 et
2029 2249 2238 2316 popu-

699 2334 859 2414 lum,
892 2342 955 2398 et
981 2335 1303 2417 linguam,
1334 2339 1397 2400 et
1425 2334 1782 2400 adorabunt
1811 2351 1962 2399 eam
1989 2353 2235 2415 omneS,

699 2443 811 2525 qui
838 2442 1127 2507 habitant
1168 2443 1236 2506 in
1263 2448 1436 2508 terra
1449 2492 1468 2522 ,
1499 2461 1779 2527 quorum
1803 2444 2067 2509 nomina
2110 2460 2241 2509 non

702 2556 853 2615 sunt
879 2550 1110 2633 scripta
1137 2550 1207 2613 in
1229 2550 1396 2615 libro
1418 2550 1593 2616 vitae.
1621 2574 1653 2610 ι»

763 2659 1040 2726 Florebt’t
1052 2658 1458 2742 ammaum-3,
1470 2664 1588 2725 etc.
1606 2659 1927 2743 Descripta
1938 2668 2032 2726 est
2046 2677 2245 2744 supra

703 2766 1049 2832 debilitatio
1099 2767 1247 2831 fidei
1272 2813 1294 2845 ,
1347 2772 1411 2832 et
1462 2767 1744 2855 dilatatio
1798 2769 2032 2834 erroris
2062 2791 2078 2848 ;
2138 2768 2244 2832 hic

704 2874 892 2940 tertio
921 2873 1300 2939 describitur
1327 2875 1557 2940 modus
1582 2876 2044 2959 multiplicandi
2073 2895 2245 2941 erro-

704 3001 866 3048 rem.
896 2982 975 3047 Et
1000 2982 1119 3047 iste
1156 2982 1385 3047 modus
1422 2984 1544 3049 erit
1569 2983 1802 3068 triplici
1827 2984 1935 3050 via
1956 3032 1974 3062 ‚
2011 2984 2247 3051 scilicet

707 3109 822 3175 per
859 3089 1170 3156 miracula
1189 3138 1209 3172 ‚
1239 3109 1355 3174 per
1393 3091 1660 3158 donaria
1679 3140 1698 3173 ,
1744 3111 1860 3177 per
1902 3096 2240 3160 tormenta.

707 3196 925 3263 Primo
964 3197 1196 3264 dicitnr
1234 3198 1464 3263 modus
1510 3199 1803 3265 trahendi
1847 3201 1928 3265 ad
1962 3219 2244 3266 errorem

708 3326 823 3391 per
847 3307 1157 3374 miracula
1171 3357 1189 3387 ,
1208 3327 1358 3374 cum
1386 3309 1476 3374 ait
1506 3331 1523 3375 ι
1547 3309 1817 3377 Florebit
1836 3310 2244 3394 amygdalum

709 3422 784 3483 ut
826 3419 988 3484 sicut
1012 3423 1037 3460 ⁴
1073 3418 1268 3502 virga
1309 3420 1524 3485 Aaron
1568 3421 1945 3487 mirabiliter
1985 3421 2206 3486 floruit
2222 3469 2244 3501 ,

652 3528 665 3541 ⁴
712 3531 776 3594 et
802 3527 1178 3611 amygdalas
1204 3528 1544 3612 produxit;
1570 3529 1661 3593 ita
1696 3529 1887 3594 etiam
1931 3530 2000 3593 in
2044 3547 2249 3594 aemu-

711 3635 1012 3701 lationem
1059 3635 1487 3700 Antichristus
1528 3637 1714 3702 faciet
1741 3638 1970 3703 florere
1988 3687 2009 3717 ,
2038 3643 2104 3704 et
2136 3639 2252 3703 de-

713 3743 973 3824 florere‚
1006 3745 1069 3808 et
1108 3743 1234 3807 alia
1281 3745 1589 3810 miracula
1638 3745 1842 3809 multa
1873 3795 1889 3824 ,
1936 3764 2051 3828 per
2106 3764 2251 3828 quae

716 3850 891 3916 stulti
935 3853 1388 3915 convertentur
1430 3851 1510 3915 ad
1549 3851 1762 3935 ipsum
1790 3852 1812 3886 ⁸
1840 3871 1868 3928 z,
1909 3875 1940 3913 α
1977 3851 2058 3916 Et
2107 3854 2253 3919 fecit

714 3959 917 4026 bestia
944 3959 1137 4041 signa
1177 3977 1450 4040 magna,
1494 3963 1557 4023 et
1597 3960 1850 4025 seduxit
1892 3961 2254 4028 habitantes

717 4069 1011 4148 interra,
1044 4068 1299 4150 propter
1326 4066 1516 4149 signa
1529 4115 1551 4147 ,
1583 4084 1732 4151 quae
1778 4070 1924 4134 data
1966 4074 2120 4135 sunt
2164 4070 2255 4134 illi

716 4179 920 4243 facere
968 4177 1037 4240 in
1072 4179 1412 4260 conspectu
1458 4175 1818 4242 hominum.
1874 4201 1906 4238 n
1959 4178 2253 4247 Secundo

719 4284 1008 4370 praedicit
1032 4284 1300 4349 modum
1325 4283 1615 4349 trahendi
1644 4302 1755 4366 per
1783 4283 2068 4365 donaria,
2100 4306 2252 4352 cum

588 4389 596 4408 ⁸
720 4392 1099 4477 subjungit:
1131 4394 1224 4459 Et
1260 4391 1773 4476 impiaquabitur
1809 4393 2049 4461 locusta
2087 4417 2113 4459 .·
2155 4395 2255 4459 lo·

721 4506 900 4567 custa
942 4499 1426 4583 impinguatur,
1466 4497 1723 4581 quando
1767 4499 1961 4566 homo
2002 4502 2257 4568 invidus

717 4608 990 4692 pecunia
1019 4607 1318 4692 repletur,
1351 4610 1416 4674 et
1451 4625 1565 4691 per
1599 4606 1773 4672 illam
1801 4626 1839 4672 a
1866 4608 1994 4675 Deo
2032 4628 2258 4676 rever-

718 4717 877 4782 titur
907 4717 988 4799 (a)
1019 4734 1036 4781 :
1068 4717 1091 4752 ⁸
1127 4739 1160 4778 (ι
1194 4714 1578 4781 Incrassatus
1599 4721 1696 4781 est
1722 4716 2023 4799 dilectuS,
2055 4723 2122 4784 et
2145 4738 2249 4786 re-

719 4824 1068 4892 calcitravit
1094 4825 1495 4905 incrassatus,
1534 4826 1997 4910 impinguatuS,
2022 4829 2249 4897 dilata-

719 4938 844 4999 tus.
876 4954 908 4993 1>
932 4932 1064 4998 Hoc
1087 4933 1276 4999 modo
1301 4933 1536 4999 multos
1560 4937 1801 5000 avertet
1824 4935 2254 5003 Antichristus

721 5060 762 5106 a
783 5041 910 5107 fide
931 5063 948 5107 ι
973 5042 1146 5126 quod
1171 5041 1506 5124 signatum
1533 5043 1656 5123 est,
1689 5041 1845 5108 dum
1862 5044 2250 5111 Antiochus⁷

785 5241 802 5275 ¹
832 5241 951 5300 Im„
980 5252 1119 5304 xxx,
1161 5245 1239 5293 19.
1277 5265 1337 5280 -
1371 5241 1395 5276 ²
1421 5241 1591 5307 Apoc„
1628 5253 1754 5302 1111,
1791 5245 1839 5293 3.
1873 5269 1928 5280 --
1967 5243 1986 5272 ³
2022 5244 2173 5310 lbid„
2206 5251 2257 5298 8.

722 5336 786 5348 -
811 5311 830 5342 ⁴
858 5312 1034 5375 Num„
1060 5324 1200 5376 xvn,
1231 5317 1277 5366 8.
1314 5340 1379 5353 —
1403 5313 1426 5350 ⁸
1457 5315 1626 5380 Apoc„
1664 5327 1788 5380 1111,
1819 5318 1895 5366 14.
1937 5342 2000 5355 -
2036 5317 2058 5352 ⁸
2087 5319 2257 5383 Dent„

725 5393 909 5446 xxxn,
947 5385 1025 5434 15.
1068 5409 1128 5424 -
1173 5386 1190 5416 ⁷
1240 5387 1281 5438 11
1320 5385 1501 5452 Maeli„
1539 5398 1640 5452 vn,
1681 5388 1760 5438 24.
1808 5412 1868 5427 —
1899 5385 1922 5423 ⁸
1947 5388 2097 5453 ῥεια,
2146 5401 2257 5454 vm,

1685 356 2096 434 EXPOSITIO
2137 368 2220 435 IN
2261 367 2859 436 EGCLESLASTEN.

2329 505 2788 570 adolescentem
2813 508 2970 571 ωηο
3008 506 3385 572 hortabatur
3434 522 3569 573 non
3610 510 3854 572 tantum

2329 613 2545 678 verbis
2568 662 2592 693 ,
2643 614 2755 679 sed
2801 614 2995 678 etiam
3039 616 3408 697 juramento
3459 614 3857 698 promittebat

2332 721 2594 786 divitem
2648 740 2717 785 se
2768 725 2832 786 et
2884 721 3144 786 beatum
3189 740 3343 786 eum
3397 722 3712 787 facturum
3735 771 3757 800 ,
3798 730 3859 788 et

2333 830 2711 895 translatum
2755 849 2795 894 a
2838 829 3093 911 legibus
3143 830 3412 895 charum
3464 832 3850 897 habiturum.

2335 936 2548 1002 Tertio
2578 937 2866 1021 praedicit
2907 938 3155 1020 aliquos
3189 937 3531 1003 trahendos
3575 957 3691 1020 per
3729 943 3860 1004 tor·

2335 1048 2574 1125 menta,
2598 1063 2746 1109 cum
2774 1045 2923 1109 dicit
2945 1045 3059 1112 :Et
3082 1044 3511 1127 dissipabitur
3527 1050 3860 1128 capparis:

2337 1153 2623 1237 capparis
2640 1202 2657 1234 ‚
2705 1156 2782 1217 ut
2822 1152 3066 1219 dictum
3112 1158 3206 1217 est
3239 1202 3257 1232 ‚
3297 1153 3500 1219 herba
3533 1164 3628 1218 est
3669 1153 3862 1219 libidi-

2337 1279 2488 1326 nem
2558 1277 2907 1343 provocans
2959 1279 2975 1324 :
3032 1278 3147 1343 per
3192 1261 3361 1325 hanc
3416 1261 3863 1342 intelliguntur

2339 1366 2623 1434 carnales
2638 1415 2659 1446 ‚
2689 1368 2803 1451 qui
2840 1386 3063 1433 curam
3103 1369 3314 1434 carnis
3347 1374 3588 1451 gerunt
3611 1371 3684 1434 in
3707 1372 3865 1436 dad-

2341 1475 2556 1541 deriiS.
2589 1474 2698 1539 Isti
2723 1475 3132 1559 dissipantur,
3162 1495 3313 1541 cum
3338 1477 3569 1542 timore
3588 1481 3863 1544 tormen·

2342 1588 2556 1647 torum
2581 1601 2621 1646 a
2658 1582 2783 1647 fide
2809 1583 3111 1648 recedunt
3141 1605 3156 1646 ε
3189 1589 3340 1649 sunt
3378 1586 3553 1649 enim
3588 1587 3668 1651 de
3710 1588 3828 1652 illis
3848 1636 3865 1665 ,

2341 1692 2421 1758 de
2461 1691 2698 1774 quibus
2722 1690 2957 1756 dicitur
2978 1696 3002 1729 ⁸
3037 1714 3052 1756 ε
3094 1714 3126 1753 α
3154 1692 3253 1757 Ad
3291 1697 3545 1777 tempus
3571 1694 3867 1775 credunt,

2344 1800 2502 1865 etin
2540 1802 2828 1882 tempore
2854 1800 3219 1865 tentationis
3251 1802 3582 1867 recedunt.
3616 1824 3648 1861 a
3683 1802 3870 1868 Tem-

2344 1926 2465 1991 pus
2489 1907 2854 1973 tentationis
2890 1907 3011 1972 erit
3054 1909 3125 1972 in
3158 1908 3440 1973 adventu
3473 1908 3837 1973 Antichristi
3846 1957 3868 1990 ,

2346 2016 2518 2080 unde
2542 2016 2565 2051 ⁹
2597 2038 2612 2080 ε
2653 2040 2685 2077 «ι
2711 2015 2846 2082 Erit
2873 2016 3045 2081 enim
3071 2019 3228 2080 tunc
3252 2016 3580 2081 tribulatio
3617 2035 3869 2099 magna,

2346 2122 2557 2207 qualis
2584 2141 2715 2188 non
2736 2123 2858 2187 fuit
2876 2123 2956 2187 ab
2978 2122 3164 2187 initio
3190 2122 3415 2187 mundi
3441 2141 3649 2207 usque
3667 2123 3869 2204 modo,

2348 2248 2558 2314 neque
2585 2232 2717 2295 flet.
2745 2254 2776 2291 1>

2430 2343 2490 2402 5.
2509 2339 2817 2412 Quoniam
2834 2340 2954 2406 ibit
2969 2338 3170 2418 homo,
3188 2341 3308 2403 ete.
3326 2338 3475 2421 Egit
3487 2342 3877 2423 supradean-

2349 2445 2781 2510 tecedentibus
2805 2445 2886 2509 ad
2906 2446 3265 2528 judicium3
3294 2444 3402 2510 hic
3425 2447 3568 2529 agit
3609 2448 3877 2513 secundo

2350 2554 2430 2618 de
2456 2554 2594 2637 ipso
2612 2553 2883 2635 judicio,
2915 2554 2982 2617 in
3011 2571 3141 2637 quo
3161 2554 3674 2636 praemiabuntur
3698 2557 3843 2621 boni
3858 2605 3874 2634 ‚

2353 2667 2417 2727 et
2442 2662 2788 2746 punientur
2814 2660 2988 2725 mali.
3030 2660 3355 2738 Quantum
3391 2662 3470 2727 ad
3497 2663 3877 2745 praemiatio·

2353 2789 2504 2835 nem
2531 2771 2881 2845 bonorum,
2911 2770 3063 2835 dicit
3091 2787 3109 2832 t
3143 2769 3272 2836 Ibit
3305 2770 3486 2837 homo
3525 2773 3605 2837 in
3636 2770 3882 2837 domum

2354 2881 2735 2946 oetermitacis
2751 2895 2907 2957 suoe,
2921 2878 3175 2961 quando
3194 2878 3430 2944 scilicet
3437 2880 3684 2946 dicetur
3699 2879 3793 2944 eis
3807 2881 3877 2943 ¹⁰:

2366 3012 2397 3050 α
2430 2988 2647 3054 Venite
2667 3036 2689 3068 ,
2750 2986 3062 3052 benedicti
3128 2988 3326 3069 patris
3370 2988 3498 3052 mei
3515 3036 3535 3068 ,
3592 2989 3884 3073 percipite

2359 3113 2638 3179 regnum
2659 3143 2678 3176 ‚
2709 3095 2880 3178 quod
2905 3097 3204 3178 paratum
3229 3098 3327 3160 est
3358 3096 3542 3162 vobis
3585 3116 3626 3162 a
3666 3096 3885 3163 consti-

2357 3206 2602 3270 tutione
2648 3203 2893 3267 mundi.
2925 3225 2956 3263 ι)
2992 3202 3071 3269 Et
3112 3206 3270 3267 tunc
3310 3204 3498 3268 ibunt
3532 3204 3606 3269 in
3631 3206 3884 3271 domum

2360 3315 2614 3376 aeternae
2650 3310 2902 3396 ‚laetitiae
2943 3310 2984 3346 ¹¹
3016 3329 3033 3375 :
3075 3333 3105 3371 α
3133 3309 3400 3377 Venient
3436 3313 3509 3375 in
3552 3312 3710 3378 Sion
3744 3331 3885 3379 cum

2359 3419 2547 3484 laude
2602 3421 2665 3483 et
2726 3418 2947 3482 laetitia
3007 3418 3393 3502 sempiterna
3450 3439 3649 3503 super
3695 3422 3889 3505 capita

2363 3547 2610 3594 eorum.
2668 3527 2986 3594 Gaudium
3037 3533 3101 3594 et
3149 3530 3607 3596 exultationem
3660 3533 3889 3596 obtine-

2363 3637 2546 3702 bunt.
2574 3660 2605 3697 1>
2640 3637 2967 3714 Quantum
3007 3638 3089 3702 ad
3133 3637 3366 3718 malos,
3409 3638 3609 3702 dicit:
3641 3640 3726 3705 Et
3762 3642 3887 3707 cir-

2363 3744 2626 3812 cuibunt
2653 3746 2725 3810 in
2738 3745 2953 3826 platea
2964 3744 3359 3828 planqentes,
3380 3745 3619 3811 scilicet
3639 3746 3792 3810 mali
3812 3749 3885 3810 ¹2:

2374 3874 2405 3912 α
2431 3852 2713 3916 Dicente‘s
2759 3853 2926 3917 intra
2951 3871 3018 3917 se
3044 3901 3061 3932 ,
3110 3853 3550 3937 paenitentiam
3596 3861 3857 3937 agentes
3871 3903 3889 3933 ,

2365 3965 2430 4024 et
2456 3976 2592 4043 prae
2628 3959 2930 4040 angustia
2951 3960 3211 4043 spiritus
3240 3966 3609 4043 gementes3
3644 3984 3676 4024 n
3708 3967 3770 4027 et
3798 3967 3886 4026 ¹⁸.:

2376 4090 2406 4127 (ι
2425 4066 2601 4131 Tune
2618 4066 2865 4150 parebit
2890 4067 3150 4149 signum
3177 4067 3294 4132 filii
3320 4070 3601 4134 hominis
3618 4071 3691 4136 in
3713 4070 3890 4136 coelo.

2367 4175 2547 4242 Tunc
2570 4176 2880 4258 plangent
2905 4195 3127 4241 omnes
3151 4178 3363 4243 tribus
3389 4183 3600 4245 terrae.
3632 4202 3665 4239 n

2447 4289 2508 4348 6.
2537 4285 2890 4367 Antequam
2904 4291 3269 4367 rumpatur,
3294 4291 3415 4352 etc.
3436 4286 3588 4370 Egit
3611 4297 3805 4370 supra
3822 4288 3898 4352 de

2368 4391 2877 4457 antecedentibus
2903 4393 2985 4457 ad
3009 4392 3330 4474 ,iudicium
3343 4443 3362 4475 ,
3392 4399 3456 4459 et
3481 4396 3898 4461 concomitan-

2369 4500 2538 4565 tibus
2560 4521 2579 4580 ;
2606 4500 2709 4564 hic
2735 4499 2877 4581 agit
2902 4500 2979 4564 de
3009 4502 3566 4583 consequentibus.
3597 4503 3899 4568 Describit

2369 4612 2582 4674 autem
2607 4625 2723 4672 sex
2748 4607 3200 4690 consequentia
3221 4612 3361 4691 post
3379 4610 3614 4692 judicii
3638 4615 3891 4676 statum.

2370 4717 2661 4782 Primum
2699 4762 2721 4794 ,
2775 4718 3032 4780 notatur
3092 4717 3420 4781 evacuatio
3471 4715 3845 4802 eloquentiae
3876 4766 3894 4795 ‚

2369 4843 2520 4890 cum
2541 4823 2769 4889 dicitur
2791 4840 2810 4886 :
2836 4825 3198 4907 Antequam
3223 4830 3567 4907 rumpatur
3596 4827 3774 4906 mnis
3798 4842 3898 4892 ar·

2369 4938 2642 5017 aemm-
2671 4933 3034 5013 Argentum
3073 4936 3169 4997 est
3194 4951 3535 5016 sonorum,
3564 4940 3631 5001 et
3655 4936 3895 5019 signifi-

2371 5044 2473 5107 cat
2512 5040 2981 5123 eloquentiam;
3014 5041 3186 5106 funis
3224 5045 3574 5124 argenteus
3616 5048 3711 5108 est
3754 5060 3899 5107 ver-

2374 5246 2451 5294 13.
2497 5268 2552 5279 --
2581 5240 2625 5303 ,⁹
2666 5238 2871 5304 Mateta„
2917 5250 3074 5303 xx1v,
3120 5242 3199 5290 21.
3251 5263 3312 5276 —
3359 5239 3401 5275 ¹⁰
3450 5240 3597 5304 thid„
3642 5252 3771 5304 xxv,
3818 5242 3896 5292 34.

2371 5339 2432 5352 —-
2476 5315 2513 5351 ¹¹
2543 5313 2661 5371 Isa„
2702 5323 2857 5376 xxm,
2897 5314 2974 5362 10.
3008 5338 3063 5347 -
3109 5311 3322 5378 ²²,Sap.,
3353 5324 3403 5376 V,
3442 5314 3492 5363 3.
3527 5338 3589 5352 --
3629 5314 3663 5345 ¹⁸
3699 5311 3897 5375 Ham„

2373 5397 2514 5453 xxm,
2551 5388 2710 5438 30.—
2740 5387 2807 5451 (a)
2830 5385 2946 5450 Leq.
2976 5384 3238 5437 avertitur.
