4196 6294
702 568 822 630 356
1724 486 2152 610 'ExpostTlo
2193 526 2273 594 IN
2319 516 2842 593 PSALTERIUM.

704 683 1017 771 erga'oves
1040 688 1359 753 rationales
1383 684 1732 752 dormitant,
1766 693 1905 737 cum
1931 689 2030 733 eas
2057 666 2239 728 sacris

706 789 961 865 eloquiis
971 831 991 861 ,
1018 786 1187 862 quasi
1228 780 1385 841 sanis
1429 775 1722 837 alimentis
1763 772 2038 845 vegetare
2073 776 2238 822 recu-

707 888 855 943 sant.
885 885 964 940 De
1003 880 1170 939 tertio
1200 880 1217 914 ¹
1252 895 1268 934 ε
1303 895 1331 929 α
1355 871 1577 932 Suscita
1623 866 1882 928 amicum
1926 864 2135 929 tuum,
2162 869 2239 912 ne

707 976 943 1037 dederis
995 987 1270 1031 somnum
1322 967 1507 1027 oculis
1550 963 1664 1021 tuis
1690 1004 1710 1034 ‚
1759 975 1869 1017 nec
1924 950 2243 1012 dormitent

704 1070 1006 1148 palpebroe
1050 1071 1183 1126 tuoe.
1220 1086 1250 1121 »
1296 1063 1394 1119 Hic
1434 1057 1701 1134 praelato
1721 1049 2054 1129 praecipimr
2076 1088 2096 1117 ‚
2137 1040 2241 1117 qui

708 1166 905 1224 verbis
949 1163 1067 1222 oris
1104 1160 1194 1217 sui
1236 1173 1348 1232 pro
1405 1152 1657 1211 subditis
1707 1145 2062 1220 illaqueatus
2117 1151 2242 1195 esse

711 1257 1073 1333 dignoscitur
1107 1296 1126 1326 ,
1182 1252 1337 1310 circa
1386 1245 1656 1305 subditos
1706 1256 1831 1300 non
1886 1232 2242 1298 dormitare,

709 1353 817 1412 sed
856 1367 957 1410 eos
1004 1343 1362 1424 quotidianis
1409 1337 1705 1414 suffragiis
1727 1380 1746 1408 ‚
1787 1334 1965 1409 prout
1990 1327 2181 1403 potest
2208 1337 2245 1381 a

710 1450 894 1506 morte
924 1444 1136 1503 animae
1162 1439 1461 1498 suscitare.

1174 1600 1459 1656 Articulus
1496 1592 1771 1652 secundus.

783 1732 1103 1796 molestatio
1157 1744 1300 1787 vero
1366 1717 1822 1798 supportationis
1876 1712 2208 1772 insinuatur
2225 1750 2246 1774 ,

714 1847 852 1889 cum
892 1826 1153 1901 sequitur
1185 1841 1199 1879 :
1225 1825 1347 1878 Prae
1376 1818 1554 1875 taedio.
1596 1811 1788 1871 Facile
1817 1812 1902 1866 est
1931 1804 2122 1863 malos
2148 1817 2249 1859 ex-

713 1922 938 1983 hortari
955 1941 975 1994 ;
1005 1918 1112 1977 sed
1155 1912 1393 1974 difficile
1429 1901 1959 1981 indisciplinabiles
1993 1910 2247 1971 suppor-

715 2018 845 2076 tari.
875 2014 1031 2073 Sicut
1057 2010 1392 2069 exhortator
1432 2001 1691 2077 repletur
1716 1995 1936 2071 gaudio
1953 2035 1974 2064 ‚
2002 1986 2247 2066 quando

717 2108 1146 2183 correptionem
1197 2101 1356 2159 illico
1405 2096 1666 2170 sequitur
1708 2087 1991 2149 correctio
2021 2105 2039 2158 ;
2086 2083 2169 2139 sic
2217 2095 2250 2136 e

717 2200 1009 2263 contrario
1035 2198 1196 2256 idem
1222 2193 1394 2253 taedio
1419 2189 1700 2258 afficitur,
1739 2185 1789 2243 si
1820 2172 2251 2253 correptionem

717 2298 1000 2357 correctio
1042 2291 1319 2351 continuo
1360 2301 1484 2345 non
1524 2284 1823 2356 sequatur.
1873 2279 1942 2334 Et
1982 2274 2127 2332 nota
2152 2273 2252 2327 tae-

718 2392 884 2449 dium
912 2386 1285 2454 trimembre,
1313 2385 1521 2454 utputa
1545 2374 1835 2442 mentale,
1861 2366 2093 2437 vocale,
2125 2378 2252 2422 cor-

716 2485 942 2562 porale.
991 2481 1252 2540 Primum
1296 2472 1554 2534 consistit
1596 2470 1660 2526 in
1704 2462 2056 2539 cogitatione
2094 2478 2114 2531 ς
2161 2471 2253 2515 se-

720 2579 1009 2648 cundum,
1039 2576 1101 2632 in
1148 2567 1587 2636 mussitatione3
1630 2560 1905 2629 tertium,
1945 2555 2008 2612 in
2045 2551 2255 2610 intrin-

718 2690 852 2732 seca
876 2670 1169 2747 passione.
1200 2670 1277 2722 De
1299 2662 1493 2738 primo
1521 2661 1543 2694 ²
1571 2676 1585 2715 :
1622 2675 1653 2708 α
1686 2649 1970 2729 Proposui
1997 2648 2152 2705 hanc
2172 2687 2192 2717 ‚
2217 2663 2247 2700 ιο

719 2769 938 2828 scilicet
962 2762 1337 2839 sapientiam,
1372 2780 1399 2809 ι(
1437 2753 1733 2813 adducere
1762 2746 1908 2806 mihi
1939 2742 2017 2802 ad
2046 2738 2252 2799 convi-

720 2862 984 2922 vendum
1002 2901 1022 2931 ‚
1049 2857 1270 2926 scienS,
1309 2849 1476 2925 quod
1518 2860 1754 2906 mecum
1795 2831 2256 2898 communicabit

723 2958 797 3016 de
821 2955 996 3014 bonis
1009 2995 1031 3026 ‚
1058 2956 1114 3009 et
1148 2948 1257 3007 erit
1298 2942 1575 3003 allocutio
1621 2931 1989 3010 cogitationis
2016 2933 2073 2987 et
2096 2924 2257 2984 taedii

722 3049 841 3111 mei
871 3067 886 3105 ε
917 3069 945 3104 »
989 3060 1123 3103 ecce
1161 3039 1400 3100 taedium
1451 3032 1727 3094 mentale.
1776 3033 1854 3085 De
1892 3022 2156 3083 secundo
2181 3022 2203 3056 ³
2235 3038 2251 3077 :

728 3166 757 3200 α
784 3147 848 3202 ln
873 3147 1137 3215 tempore
1174 3130 1522 3196 redditionis
1560 3120 1883 3204 postulabit
1906 3125 2135 3191 tempus
2150 3157 2172 3187 ,
2200 3115 2257 3171 et

721 3240 997 3314 loquetur
1024 3231 1208 3291 verba
1228 3225 1390 3297 ‚taedii
1418 3228 1476 3282 et
1499 3212 1984 3281 murmurationis
2019 3231 2033 3268 :
2066 3231 2095 3265 n
2122 3224 2255 3267 ecce

723 3332 968 3392 toedium
990 3326 1216 3386 vocale.
1246 3325 1325 3380 De
1350 3316 1591 3377 tertio‘:
1630 3335 1659 3369 α
1685 3310 1967 3370 Dominus
1997 3303 2131 3363 coeli
2159 3302 2259 3360 det

724 3426 831 3485 tibi
873 3421 1160 3497 gaudium
1198 3432 1308 3491 pro
1344 3412 1554 3480 taedio,
1583 3406 1750 3483 quod
1781 3417 2062 3480 perpessa
2091 3413 2154 3456 es
2183 3413 2199 3454 ε
2225 3416 2253 3451 ι)

726 3537 860 3579 ecce
886 3516 1126 3577 toedium
1152 3507 1481 3585 corporale.

1219 3668 1497 3726 Articulus
1552 3664 1765 3720 tertius.

800 3797 1228 3881 Reportationis
1249 3790 1566 3853 infirmatio
1590 3785 1947 3861 implicatur,
1967 3796 2106 3837 cum
2127 3776 2263 3836 sub·

735 3902 892 3961 ditur
924 3918 939 3955 ε
984 3898 1250 3967 Confirma
1292 3905 1393 3946 me.
1457 3889 1621 3944 Bene·
1659 3880 1871 3938 dicitur
1918 3895 1933 3933 t
1975 3875 2259 3945 Confirma.

732 3997 963 4069 Quare?
991 3991 1134 4067 quia
1171 3987 1408 4047 infirma
1451 4000 1465 4038 :
1515 3996 1637 4055 qua
1680 3971 2060 4034 infirmitate?
2102 3966 2266 4025 infir-
2313 3969 2318 3974 “

734 4095 894 4151 mata
940 4092 1026 4146 est
1073 4085 1138 4142 in
1186 4071 1572 4158 paupertate:
1618 4068 1966 4147 quomodo?
2014 4061 2269 4121 multum

737 4181 1104 4246 exhortando
1127 4221 1148 4250 ,
1198 4181 1254 4235 et
1297 4188 1509 4249 parum
1555 4161 1914 4241 reportando
1943 4181 1962 4233 3
2017 4156 2271 4216 multum

736 4277 982 4342 ferendo
1001 4318 1021 4348 ,
1057 4276 1115 4332 et
1154 4285 1368 4346 parum
1412 4260 1743 4324 inferendo.
1784 4260 1850 4315 Et
1882 4259 2062 4323 nota,
2103 4247 2273 4325 quod

740 4372 1022 4435 Dominus
1055 4366 1365 4427 confirmat
1407 4360 1491 4419 sic
1533 4356 1960 4421 infirmantem,
1988 4352 2274 4419 tanquam

733 4467 1019 4545 justitiam
1098 4461 1383 4519 sitientem
1406 4498 1427 4528 ,
1506 4450 1879 4513 deficientem
1903 4484 1923 4514 ,
2003 4434 2276 4516 spiritum

740 4580 865 4623 non
885 4560 1221 4619 habentem.
1254 4556 1330 4611 De
1356 4548 1552 4625 primo
1574 4547 1596 4580 ⁸
1623 4563 1637 4602 :
1674 4563 1703 4598 α
1730 4538 2051 4600 Confirmat
2078 4539 2276 4593 autem

737 4659 925 4733 justos
973 4651 1255 4713 Dominus
1293 4666 1307 4704 z
1338 4667 1368 4703 ν
1399 4646 1537 4702 ecce
1580 4633 1950 4697 confirmatio
1992 4627 2279 4704 justitiam

744 4749 1006 4811 sitientis,
1056 4750 1135 4805 De
1176 4738 1434 4801 secundo
1460 4736 1493 4805 „⁶
1536 4753 1551 4791 ε
1588 4752 1619 4787 α
1659 4725 2074 4788 Poenitentibus
2117 4720 2283 4778 dedit

746 4849 902 4906 viam
925 4839 1159 4918 J'ustitioe
1178 4881 1197 4910 ‚
1227 4839 1284 4894 et
1321 4824 1694 4892 confirmavit
1730 4820 2065 4881 deficientes
2109 4814 2280 4873 susti-

747 4957 922 5012 nere3
950 4960 979 4993 n
1016 4933 1188 5012 quasi
1213 4931 1369 4988 dicat
1390 4945 1405 4983 ι
1426 4920 1812 5003 Poenitentibus
1836 4915 1986 4972 dedit
2011 4910 2285 4981 viamjus·

750 5038 889 5094 tieiae
919 5033 1209 5106 quantum
1234 5023 1314 5084 ad
1357 5014 1823 5079 exhortationem
1843 5053 1862 5082 ,
1907 5014 1960 5065 et
1987 5007 2286 5078 deficientes

748 5131 1014 5188 sustinere
1040 5124 1330 5200 quantum
1358 5115 1438 5174 ad
1462 5099 1971 5185 supportationem
2009 5104 2287 5173 confirma-

748 5227 859 5295 vit,
889 5221 1031 5296 quia
1073 5212 1524 5275 infirmabantur
1569 5205 1860 5277 quantum
1905 5195 1984 5256 ad
2022 5195 2287 5269 reporta-

753 5316 993 5376 tionem.
1041 5316 1121 5370 De
1175 5306 1343 5366 tertio
1382 5305 1403 5339 '¹
1448 5321 1465 5358 ε
1518 5317 1549 5352 α
1589 5293 1793 5356 Redde
1836 5289 1984 5351 mihi
2029 5287 2289 5346 laetitiam

818 5450 828 5477 ¹
859 5445 1027 5500 Prov.‚
1054 5450 1128 5503 vi,
1162 5440 1209 5487 4.
1246 5460 1309 5474 -
1338 5432 1361 5467 ²
1395 5428 1535 5490 Sap„
1568 5434 1691 5486 vni,
1718 5425 1765 5474 9.
1792 5446 1856 5459 -
1884 5419 1907 5454 ⁸
1933 5416 2112 5478 Eccli„
2143 5425 2285 5476 xxix,

755 5523 801 5572 6.
827 5543 887 5557 -—
915 5517 932 5546 ⁴
962 5512 1098 5574 Tob„
1134 5519 1227 5570 vu,
1256 5508 1335 5555 2ο.
1359 5529 1412 5541 -
1448 5503 1465 5532 ¹·
1497 5498 1633 5550 psat:
1662 5505 1841 5557 xxxvi,
1874 5494 1946 5541 Π.
1975 5515 2036 5527 -
2063 5489 2085 5523 ⁸
2109 5484 2290 5546 Eccli„

2344 655 2613 719 salutaris
2666 653 2749 711 tui
2778 692 2799 723 ,
2851 653 2909 706 et
2953 644 3174 721 spiritu.
3214 638 3528 716 principali
3577 636 3869 696 confirma

2344 770 2440 812 me
2458 795 2480 823 ,
2508 771 2538 805 ν
2571 745 2740 824 quasi
2767 744 2921 804 dicat
2953 761 2968 799 ς
2997 738 3178 796 Redde
3217 738 3467 793 laetitiam
3495 734 3698 790 contra
3740 745 3874 789 mo-

2343 847 2747 914 lestationem3
2777 841 3030 910 confirma
3056 836 3262 907 spiritu
3298 832 3502 887 contra
3527 824 3868 883 infirmatio-

2346 958 2514 1014 nem,
2542 954 2618 996 ne
2641 933 2978 993 molestetur
3005 922 3394 1001 supportatio,
3411 936 3523 979 nec
3549 918 3878 980 infirmetur

2345 1031 2684 1109 reportatio,
3751 1011 3761 1019 '

2834 1171 3113 1235 Atticulae
3148 1166 3394 1239 quartus.
3506 1182 3515 1187 ·

2421 1313 2868 1378 confortationis
2885 1309 3166 1384 flagitatio
3196 1305 3543 1380 explicatur,
3564 1316 3700 1359 cum
3737 1297 3880 1355 scri-

2352 1414 2510 1472 bitur
2539 1431 2554 1469 :
2587 1413 2852 1483 Confirma
2873 1424 2955 1465 me
2996 1409 3056 1462 in
3080 1403 3256 1462 verbis
3301 1402 3411 1458 tuis
3439 1418 3457 1453 ε
3488 1396 3714 1472 quare?
3744 1393 3884 1467 quia

2352 1509 2679 1567 infirmatus
2705 1522 2838 1563 sum
2864 1504 2926 1561 in
2965 1499 3159 1561 verbis
3183 1495 3315 1557 tuis.
3351 1494 3618 1566 Confirma
3643 1507 3725 1547 me
3751 1504 3880 1546 ver-

2353 1605 2570 1663 borum
2614 1609 2852 1659 tuorum
2878 1586 3407 1668 contemplatione,
3437 1586 3579 1661 quia
3619 1583 3888 1642 infirma-

2354 1704 2446 1757 tus
2498 1714 2630 1755 sum
2672 1695 2995 1753 verborum
3044 1696 3283 1748 tuorum
3335 1680 3779 1743 ministratione.
3820 1680 3887 1734 Et

2354 1797 2526 1863 nota,
2555 1788 2720 1865 quod
2767 1787 2954 1846 verba
3006 1783 3209 1842 divina
3261 1783 3394 1837 sunt
3444 1771 3884 1834 confirmatoria
3985 1782 4127 1825 verb·

2356 1884 2568 1960 triplici
2593 1884 2687 1951 ‚do
2733 1898 2909 1939 causa
2935 1899 2950 1936 :
2977 1879 3121 1953 quia
3146 1878 3283 1933 sunt
3308 1872 3494 1931 verba
3518 1867 3841 1945 prudentioe
3864 1884 3884 1938 ;
3942 1846 4100 1949 222⁸:-

2356 1978 2544 2037 verba
2591 1977 2790 2051 gratiae
2828 1995 2849 2049 5
2903 1975 3089 2032 verba
3140 1970 3292 2029 vitae.
3343 1969 3584 2040 Propter
3631 1962 3890 2038 primum
3930 1970 4116 2014 matos·

2355 2071 2730 2147 suscipienda
2773 2091 2792 2143 3
2847 2072 3090 2144 propter
3170 2061 3498 2121 seeundum
3569 2056 3841 2116 miranda
3869 2074 3887 2127 ;
3917 2032 4131 2145 5¹:52¹*ss

2356 2170 2597 2242 propter
2650 2165 2883 2222 tertium
2936 2157 3367 2235 amplectenda.
3425 2157 3502 2212 De
3555 2150 3751 2227 primo
3801 2150 3823 2184 ⁸
3869 2167 3887 2204 :

2363 2282 2394 2317 a
2426 2259 2516 2320 Ad
2560 2257 2945 2332 intelligenda
2985 2255 3171 2313 verba
3214 2249 3540 2327 prudentiae
3554 2289 3575 2319 ,
3618 2250 3675 2304 et
3716 2242 3894 2302 susci-

2358 2354 2642 2430 piendam
2685 2351 3076 2410 eruditionem
3124 2345 3404 2404 doctrinae
3435 2360 3450 2400 :
3481 2363 3509 2398 »
3545 2357 3678 2399 ecce
3707 2338 3891 2397 verba

2359 2447 2730 2524 susprienda
2746 2448 2987 2520 propter
3013 2439 3409 2516 prudentiam.
3436 2436 3519 2494 De
3548 2435 3810 2493 secundo
3827 2436 3885 2490 ⁹:

2366 2565 2395 2598 α
2438 2543 2798 2602 Mirabantur
2843 2539 2907 2596 in
2951 2535 3149 2596 verbis
3192 2533 3391 2607 gratiae
3438 2544 3570 2606 quoe
3613 2527 3894 2603 procede-

2359 2638 2506 2696 bant
2558 2637 2633 2695 de
2687 2652 2789 2693 ore
2841 2630 3025 2708 ipsius
3069 2648 3084 2688 :
3124 2650 3153 2685 ο
3199 2645 3334 2686 ecce
3391 2626 3574 2684 verba
3625 2622 3895 2682 miranda

2360 2736 2598 2807 propter
2641 2729 2908 2803 gratiam.
2953 2731 3030 2783 De
3073 2722 3242 2783 tertio
3282 2722 3325 2758 ¹⁰
3356 2741 3372 2779 ε
3431 2741 3460 2774 ιι
3497 2719 3775 2788 Domine,
3818 2715 3896 2774 ad

2364 2842 2542 2899 quem
2594 2824 2815 2882 ibimus
2842 2823 2870 2878 ‘i
2915 2821 3103 2880 verba
3156 2819 3286 2878 vitae
3337 2821 3565 2875 aeternae
3612 2812 3831 2872 habes:
3860 2829 3889 2865 ι

2365 2935 2498 2978 ecce
2527 2918 2707 2978 verba
2732 2913 3146 2991 amplectenda
3179 2915 3422 2988 propter
3449 2910 3649 2969 vitam.

3002 3077 3262 3143 Epilogus.

2439 3206 2578 3265 Dicit
2622 3220 2764 3278 ergo
2815 3202 3100 3277 Propheta
3151 3201 3215 3258 in
3258 3197 3525 3274 praedicti
3571 3194 3900 3272 poenitentis

2367 3301 2559 3374 figura
2587 3319 2602 3358 :
2634 3301 2961 3356 Domitavit
2998 3300 3184 3353 anima
3209 3311 3348 3366 mea,
3393 3297 3681 3366 quantum
3707 3289 3786 3348 ad
3803 3304 3901 3345 ex-

2366 3393 2712 3454 hortationis
2744 3391 3215 3468 pigritationem3
3245 3392 3367 3446 Proe
3400 3388 3578 3456 εωάἰο,
3617 3388 3903 3459 quantum

2370 3489 2451 3547 ad
2481 3485 2938 3562 supportationis
2965 3482 3475 3554 molestationem:
3513 3482 3780 3550 confirma
3803 3491 3901 3546 me,

2371 3582 2590 3640 scilicet
2626 3581 3023 3638 infirmantem
3037 3623 3057 3652 ,
3104 3581 3393 3652 quantum
3438 3573 3518 3633 ad
3559 3570 3906 3646 reportatio·

2371 3694 2540 3751 nem3
2566 3678 2850 3748 confirma,
2878 3674 3148 3747 inquam,
3168 3675 3229 3727 in
3253 3671 3429 3728 verbis
3460 3671 3589 3737 tuis,
3613 3671 3902 3741 quantum

2374 3772 2453 3830 ad
2480 3768 2920 3830 confortationis
2960 3764 3429 3840 contemplativae
3463 3760 3903 3835 flagitationem.

2903 3991 3234 4036 vnnsmutus
3267 3991 3389 4035 ¹111.

2451 4153 2539 4208 29.
2573 4152 2734 4207 Viam
2759 4150 3099 4221 iniquitatis,
3121 4152 3229 4205 etc.
3250 4148 3522 4218 Languor
3538 4141 3638 4202 ille
3657 4147 3875 4201 naturae
3889 4184 3910 4213 ‚

2383 4244 2489 4318 qui
2525 4243 2671 4301 solet
2694 4241 3110 4318 poenitentibus
3144 4240 3405 4310 evenire,
3439 4238 3649 4296 claruit
3674 4237 3737 4294 in
3773 4252 3916 4311 qua-

2381 4336 2633 4396 ternario
2650 4336 3052 4410 praecedente3
3077 4334 3246 4407 vigor
3274 4336 3473 4390 autem
3490 4330 3709 4404 gratiae,
3740 4344 3919 4404 quem

2388 4436 2812 4506 consequenter
2866 4429 3120 4488 sentiunt
3171 4425 3454 4486 advenire
3474 4468 3493 4499 ,
3550 4423 3816 4482 clarescit
3857 4422 3920 4480 in
3995 4449 4004 4454 ·

2386 4527 2496 4586 isto
2545 4525 2918 4602 quaternario
2954 4524 3370 4597 subsequente.
3412 4520 3589 4592 Vigor
3631 4519 3739 4576 iste
3781 4531 3925 4592 qua·
4023 4523 4159 4575 vigur

2388 4625 2522 4681 tuor
2547 4620 2739 4678 modis
2778 4617 3114 4692 agnoscitur
3132 4659 3152 4689 ,
3193 4616 3299 4691 qui
3338 4619 3591 4689 quatuor
3624 4608 3925 4670 versiculis
3951 4586 4125 4642 “⁸²³'’

2391 4719 2746 4773 annotantur
2776 4733 2791 4771 z
2823 4712 3122 4783 videlicet,
3152 4728 3292 4769 cum
3317 4709 3605 4785 poenitens
3631 4706 3954 4774 invenitur!

2392 4808 2473 4866 ad
2519 4808 2888 4883 peccandum
2930 4804 3260 4876 difficilior,
3309 4802 3389 4862 ad
3427 4800 3927 4877 perseverandum

2392 4903 2657 4975 facilior,
2687 4903 2766 4961 ad
2798 4902 3092 4960 orandum
3119 4898 3409 4969 habilior,
3451 4897 3530 4954 ad
3559 4894 3929 4970 operandum

2394 4998 2626 5071 agilior.
2672 4998 2881 5054 Versus
2907 4995 3162 5069 primus,
3193 4994 3299 5068 qui
3336 4991 3416 5050 ad
3450 4990 3738 5066 peccandi
3780 4987 3932 5047 disfi-

2396 5092 2671 5150 cultatem
2697 5090 2967 5164 pertinet,
2997 5092 3253 5163 quatuor
3274 5086 3596 5161 iniquitatis
3622 5098 3934 5160 processus

2399 5185 2689 5268 continet,
2753 5185 2857 5258 qui
2913 5187 3074 5241 tanto
3130 5181 3431 5239 difficilius
3480 5182 3931 5255 perpetrantur,

2399 5282 2621 5355 quanto
2660 5277 2931 5336 subtilius
2957 5280 3356 5351 penetrantur.
3395 5274 3638 5345 Quaeris,
3666 5272 3772 5347 qui
3803 5273 3938 5328 sunt

2401 5419 2531 5470 xvu,
2558 5408 2617 5458 20
2647 5431 2710 5444 —-
2737 5407 2755 5439 ⁷
2794 5404 2930 5456 Psal.
2959 5418 3016 5470 L,
3048 5408 3124 5456 14.
3152 5430 3214 5442 —
3241 5405 3260 5433 ⁸
3287 5403 3453 5465 Prota,
3491 5412 3539 5466 1,
3572 5402 3620 5451 3.
3658 5425 3716 5438 —-
3747 5401 3768 5429 ⁹
3799 5399 3939 5461 Luc„

2404 5493 2477 5546 iv,
2505 5483 2581 5534 22.
2606 5508 2663 5522 —
2689 5481 2724 5511 ¹⁰
2748 5481 2911 5543 loun„
2937 5490 3016 5555 v1,
3039 5481 3115 5529 68.
