4196 6294
1584 450 1946 518 PSALMUS
1986 450 2244 517 cxvnl.

310 603 433 647 non
474 587 781 659 obierunt,
816 587 924 646 sed
958 591 1094 662 post
1131 586 1296 646 Judae
1339 586 1575 646 obitum
1621 588 1858 662 prodie-

308 685 466 741 runt.
495 682 679 740 Judas
706 680 865 739 enim
891 681 1195 754 hebraice,
1219 681 1507 740 confessio
1538 685 1624 740 est
1649 680 1854 739 latine.

309 779 389 834 De
428 775 639 850 primis
681 774 894 833 dicitur
924 775 937 804 ¹
976 795 992 833 ε
1042 795 1070 829 α
1093 774 1372 834 Exierunt
1414 792 1488 833 ex
1524 774 1702 833 lsrael
1746 774 1858 832 filii

308 869 547 945 iniqui:
582 890 611 925 »
655 885 790 928 ecce
831 869 1069 943 iniquos
1112 873 1247 929 ante
1289 869 1507 928 ludam
1552 872 1851 927 exeuntes·

143 966 150 973 '
218 983 227 992 ·
308 967 388 1023 De
432 963 708 1022 secundis
752 963 966 1036 legitur
991 965 1056 1020 ¹:
1095 985 1123 1016 «
1165 963 1343 1022 ludas
1385 965 1731 1039 persecutus
1772 966 1858 1020 est

307 1057 577 1133 iniquoS,
604 1061 977 1132 perscrutans
1023 1073 1128 1115 eos
1166 1077 1237 1116 :n
1270 1074 1405 1116 ecce
1434 1057 1694 1133 ‘iniquos
1741 1056 1854 1114 sub

306 1151 462 1210 Juda
518 1151 828 1209 obeuntes.
880 1154 959 1211 De
1013 1150 1185 1210 tertia
1232 1151 1505 1210 scribitur
1532 1153 1554 1187 ⁸
1599 1168 1614 1209 ε
1650 1171 1680 1206 α
1721 1155 1857 1209 Post

309 1245 542 1304 obitum
594 1245 760 1305 ludas
806 1251 1169 1304 emerserunt
1218 1245 1412 1321 iniqui
1456 1247 1520 1303 in
1574 1245 1856 1303 omnibus

307 1339 530 1398 finibus
571 1340 747 1399 Israel
790 1358 806 1398 ι
850 1361 879 1396 ι)
916 1357 1050 1400 ecce
1090 1341 1332 1415 iniquos
1372 1339 1484 1398 sub
1530 1339 1686 1398 Juda
1732 1354 1857 1397 non

309 1434 624 1507 obeuntes,
653 1434 761 1493 sed
800 1440 937 1510 post
979 1435 1147 1493 sudoe
1191 1434 1424 1493 obitum
1467 1433 1851 1509 prodeuntes

776 1594 1063 1651 Articulus
1098 1593 1381 1650 secundus.

379 1719 424 1773 A
469 1716 797 1775 defectione
846 1713 1146 1790 dissensit,
1188 1719 1326 1776 cum
1367 1716 1636 1789 adJunxit
1666 1734 1681 1773 :
1717 1715 1855 1773 Odio

309 1810 474 1868 habui
493 1831 511 1878 ς
535 1811 826 1886 quoniam
852 1812 960 1869 ubi
999 1812 1237 1884 odium,
1266 1810 1352 1869 ibi
1380 1809 1701 1869 voluntatis
1738 1809 1856 1866 dis-

307 1902 547 1962 sidium.
568 1904 848 1963 Voluntas
877 1909 1077 1964 autem
1101 1908 1187 1963 est
1210 1904 1505 1979 appetitus
1526 1901 1852 1974 rationaliS,

307 1995 457 2054 sicut
502 1998 848 2057 sensualitas
890 1998 1167 2057 animalis
1185 2017 1204 2072 3
1252 2000 1309 2055 et
1348 1998 1498 2055 sicut
1533 1997 1689 2055 vires
1733 1995 1856 2056 ani·

307 2090 492 2149 males
533 2091 825 2166 pertinent
871 2091 952 2150 ad
994 2091 1301 2150 hominem
1346 2090 1729 2161 exteriorem,
1767 2090 1853 2148 sic

305 2185 623 2243 rationales
663 2185 908 2244 attinent
953 2186 1032 2244 ad
1072 2185 1448 2257 interiorem,
1490 2184 1665 2259 quia,
1702 2184 1853 2242 siout

306 2278 576 2336 scribitur
619 2278 697 2337 ab
744 2281 1067 2353 Augustino
1096 2281 1119 2315 ὅ
1142 2322 1162 2352 ,
1199 2298 1230 2334 ι(
1266 2279 1722 2338 ascendentibus
1763 2278 1853 2336 in-

303 2375 528 2430 trorsus
578 2373 945 2447 quibusdam
1008 2373 1295 2446 gradibus
1363 2371 1853 2431 considerationis

304 2482 412 2540 per
438 2469 650 2526 animae
675 2470 903 2541 partes,
928 2468 1090 2526 unde
1130 2467 1334 2542 incipit
1371 2467 1603 2542 aliquid
1648 2483 1853 2525 occur·

303 2576 431 2618 rere
442 2604 460 2633 ‚
491 2562 661 2635 quod
680 2577 804 2619 non
824 2561 899 2619 sit
919 2560 1096 2618 nobis
1116 2577 1432 2619 commune
1453 2577 1592 2619 cum
1613 2561 1846 2633 bestiis3

302 2654 441 2713 inde
468 2657 674 2732 incipit
700 2657 851 2715 ratio
867 2700 885 2729 ,
905 2656 1011 2715 ubi
1034 2658 1161 2731 jam
1182 2657 1367 2717 homo
1395 2658 1638 2716 interior
1666 2657 1851 2734 possit

301 2751 566 2823 agnosci.
596 2772 625 2803 ι»
669 2754 737 2808 Et
775 2754 950 2821 nota,
980 2752 1148 2826 quod
1191 2753 1336 2809 tales
1383 2753 1676 2811 debemus
1703 2751 1848 2810 odio

300 2842 522 2902 habere
557 2843 773 2918 triplici
812 2846 1040 2902 ratione
1069 2864 1084 2902 ε
1119 2845 1264 2920 quia
1300 2849 1435 2904 sunt
1461 2845 1608 2917 legis
1637 2845 1851 2903 adver-

301 2937 470 3007 sarii,
499 2938 621 3010 regi
664 2938 969 3009 contrarii,
994 2938 1103 2996 viae
1141 2939 1349 3011 legalis
1380 2938 1703 3012 insidiarii3
1734 2954 1847 2997 nos

301 3032 500 3088 autem
539 3030 687 3105 legis
711 3032 1112 3105 oemulatoreS,
1143 3032 1302 3106 regis
1341 3032 1694 3105 imitatores,
1732 3032 1845 3092 vioe

298 3124 474 3199 regioe
499 3124 773 3185 viatores.
804 3126 1001 3186 Prima
1025 3126 1175 3186 ratio
1204 3129 1442 3186 notatur
1469 3128 1489 3163 ⁵
1521 3147 1535 3186 ε
1573 3146 1603 3183 α
1629 3127 1847 3203 iniqui-

297 3221 476 3276 tatem
514 3219 657 3278 odio
685 3220 899 3292 hebui,
926 3224 984 3278 et
1010 3220 1391 3279 abominatus
1429 3238 1563 3280 snm
1603 3241 1617 3279 ε
1645 3221 1845 3296 legem

297 3314 496 3370 autem
521 3316 686 3371 tuam
715 3313 934 3371 dilexi:
957 3334 986 3370 ιι
1006 3331 1142 3374 ecce
1170 3315 1380 3374 odium
1406 3315 1838 3376 aemulatorum.

295 3406 567 3465 Secunda
591 3407 742 3466 ratio
780 3407 1055 3466 scribitur
1080 3407 1102 3441 ⁸
1134 3426 1149 3466 ι
1186 3430 1217 3464 ιι
1254 3410 1548 3478 Quoniam
1581 3413 1640 3467 et
1679 3408 1843 3467 Altis-

293 3500 478 3558 simus
533 3500 677 3558 odio
731 3501 912 3560 habet
963 3506 1342 3577 peccatores:
1386 3524 1414 3558 ιι
1451 3520 1584 3562 ecce
1633 3503 1842 3562 odium

292 3592 678 3654 imitatorum.
722 3595 908 3653 Tertia
955 3596 1105 3655 ratio
1143 3595 1439 3671 tangitur⁷
1484 3617 1499 3655 ε
1537 3619 1565 3651 «
1592 3600 1840 3657 Omnem

293 3686 458 3744 viam
502 3687 774 3762 iniquam
820 3689 964 3747 odio
1009 3690 1220 3748 habui.
1246 3711 1275 3746 »
1322 3689 1425 3748 Via
1465 3689 1675 3766 iniqua
1716 3707 1841 3750 non

295 3782 382 3837 est
414 3784 606 3853 recta,
643 3781 751 3840 sed
787 3781 1068 3856 obliqua,
1098 3786 1156 3841 et
1190 3783 1517 3843 viatoribus
1551 3784 1794 3843 inimica
1822 3803 1836 3841 ε

296 3889 429 3932 ecce
458 3875 669 3934 odium
704 3875 1022 3935 viatorum.

792 4034 1083 4091 Articulus
1135 4038 1347 4092 tertius.

363 4156 789 4216 Rectitudinem
809 4159 1096 4233 persensit
1113 4160 1211 4234 (a),
1240 4175 1376 4218 cum
1397 4159 1621 4234 inquit:
1650 4162 1838 4233 Leaem

294 4255 471 4321 tuam
499 4251 615 4310 hoc
642 4255 749 4323 est,
775 4252 973 4325 legem
1018 4256 1244 4313 naturoe
1271 4253 1546 4312 rationali
1588 4253 1839 4313 inditam

290 4348 571 4404 creaturae
603 4364 618 4403 z
648 4346 774 4404 haec
801 4351 998 4405 autem
1025 4347 1123 4405 lex
1158 4350 1244 4406 est
1282 4347 1562 4420 quaedam
1596 4346 1704 4405 lux
1745 4364 1839 4407 ra·

290 4440 491 4510 tionis,
516 4456 625 4515 per
669 4456 856 4516 quam
896 4441 1170 4513 dirigitur
1196 4440 1260 4498 in
1303 4442 1570 4515 agendis.
1604 4445 1669 4499 Et
1696 4446 1839 4500 nota

293 4533 369 4590 de
397 4533 529 4608 lege
557 4535 688 4605 ista,
719 4535 908 4610 quod,
926 4535 1077 4592 sicut
1103 4534 1397 4608 colligitur
1423 4552 1497 4594 ex
1517 4536 1837 4610 Scriptura,

289 4626 417 4702 ipsa
445 4632 531 4685 est
569 4628 668 4686 lex
704 4627 932 4699 nativa,
961 4629 1103 4687 viva
1126 4669 1148 4700 ,
1189 4645 1438 4703 operum
1484 4629 1833 4705 discretiva5

290 4720 579 4795 quoniam
621 4712 795 4780 insita
837 4724 1022 4780 menti
1061 4721 1284 4781 viventi
1301 4764 1322 4793 ,
1351 4723 1687 4797 operabilia
1721 4723 1837 4783 dis-

289 4814 552 4887 ponenti.
603 4817 680 4873 De
734 4814 930 4889 primo
983 4815 1255 4874 scribitur
1309 4816 1388 4874 ab
1444 4817 1724 4892 Apostolo
1761 4819 1786 4856 ⁸
1816 4839 1831 4877 ε

297 4924 326 4959 α
354 4912 499 4967 Cum
526 4911 761 4983 gentes,
786 4925 919 4983 quae
944 4907 1141 4982 legem
1167 4925 1290 4968 non
1317 4910 1571 4981 habent,
1599 4916 1836 4972 natura-

289 4999 418 5059 liter
452 5018 525 5060 ea
554 5045 571 5072 ,
618 5020 751 5077 quae
797 5003 946 5076 legis
988 5007 1122 5061 sunt
1139 5044 1160 5073 ,
1210 5002 1432 5062 faciunt
1450 5024 1469 5078 ;
1500 5026 1527 5060 ιι
1560 5005 1676 5064 hoc
1713 5010 1833 5080 est,

289 5110 423 5168 quoe
449 5111 574 5154 non
599 5096 824 5155 habent
863 5097 1059 5170 legem
1083 5096 1410 5171 scripturae,
1445 5097 1670 5160 faciunt
1702 5116 1837 5175 qum

354 5245 372 5279 ¹
404 5245 420 5294 1
450 5245 633 5305 Maeli„
663 5259 704 5312 1,
735 5251 813 5298 12.
837 5273 899 5285 —
928 5248 946 5278 ²
976 5246 1126 5305 ibid..
1154 5257 1233 5308 ιιι,
1261 5250 1309 5298 5.
1334 5274 1397 5288 -
1421 5249 1444 5285 ⁸
1469 5249 1618 5311 thid„
1646 5263 1723 5314 xx,
1752 5254 1831 5303 23.

288 5340 353 5353 —
381 5314 403 5348 ⁸
431 5316 583 5383 Aug„
608 5316 669 5367 de
697 5317 899 5381 Trina„
935 5317 1025 5370 lib.
1056 5319 1177 5381 xil,
1204 5332 1253 5369 c.
1283 5330 1364 5370 111.
1392 5345 1453 5359 -
1487 5322 1509 5357 ⁸
1535 5321 1673 5373 Psal.
1713 5322 1836 5386 hoc,

293 5388 403 5438 163.
423 5413 485 5424 —-
511 5390 533 5424 ⁸
562 5389 741 5455 Eccli„
771 5402 869 5454 111,
897 5393 944 5441 3.
965 5417 1028 5428 —
1056 5391 1073 5421 ⁷
1093 5390 1234 5442 Psal.
1256 5389 1378 5455 hoc,
1408 5395 1517 5444 128.
1546 5420 1610 5431 -
1631 5395 1650 5424 ⁸
1678 5396 1834 5460 Rom„

3388 458 3509 520 ⁴63

1964 591 2103 645 sunt
2127 587 2276 660 legis
2302 590 2524 645 naturae
2549 604 2565 644 ι
2595 601 2729 645 ecee
2766 586 2862 645 lex
2889 586 3108 646 nativa.
3137 588 3217 646 De
3242 587 3508 648 secundo

1963 680 2354 738 subscribitur
2400 680 2479 738 ab
2520 695 2592 738 eo
2620 681 2688 737 ⁹:
2726 699 2756 735 ι
2794 679 3097 753 Ejusmodi
3138 680 3337 754 legem
3382 696 3507 740 non

1962 773 2278 845 habenteS,
2310 772 2424 848 ipsi
2451 773 2564 831 sibi
2592 777 2727 831 sunt
2757 773 2877 831 lex.
2904 794 2933 829 ιι
2966 772 3226 844 Qualiter
3251 774 3365 849 ipsi
3392 773 3509 832 sibi

1964 871 2101 926 sunt
2125 869 2267 926 lex?
2297 867 2593 942 numquid
2617 883 2654 925 a
2691 867 2822 941 lege
2862 867 3088 925 habent
3128 882 3305 925 suum
3332 884 3457 926 esse
3477 869 3507 925 't

1962 965 2046 1022 Ita
2070 963 2270 1039 plane.
2303 963 2459 1022 Sicut
2499 963 2660 1022 enim
2701 963 2924 1022 babent
2951 979 3075 1022 esse
3103 964 3371 1022 naturale
3396 980 3507 1039 per

1958 1056 2216 1115 formam
2244 1057 2603 1131 naturalem,
2623 1055 2706 1114 sic
2728 1056 2952 1116 habent
2974 1072 3100 1116 esse
3123 1057 3506 1116 connaturale

1960 1166 2070 1224 per
2111 1150 2364 1209 formam
2406 1151 2872 1209 connaturalem.
2912 1151 3000 1211 Ab
3037 1154 3289 1226 utraque
3315 1150 3510 1209 forma

1959 1243 2185 1302 habent
2212 1260 2338 1303 esse
2364 1243 2649 1316 formale,
2678 1243 2791 1301 nisi
2819 1244 2986 1319 quod
3014 1244 3093 1304 ab
3119 1244 3226 1304 illa
3242 1244 3511 1303 substan-

1959 1338 2131 1408 tiale,
2161 1338 2240 1396 ab
2267 1338 2380 1396 hac
2408 1337 2797 1411 accidentale,
2820 1343 2877 1396 et
2902 1338 2982 1397 ad
3009 1343 3259 1413 utraque
3285 1338 3511 1397 habent

1960 1448 2088 1491 esse
2116 1431 2328 1505 vitale,
2352 1431 2463 1489 nisi
2495 1431 2664 1507 quod
2692 1431 2771 1490 ab
2797 1431 2904 1491 illa
2924 1432 3267 1506 corporale,
3291 1432 3366 1491 ab
3394 1431 3506 1491 hac

1960 1524 2265 1600 spirituale
2314 1544 2329 1583 :
2372 1540 2510 1584 ecce
2557 1519 2656 1583 lex‘
2707 1524 2845 1583 viva
2897 1528 2957 1582 et
3003 1525 3383 1584 vivificativa.
3426 1528 3505 1583 De

1957 1618 2129 1677 tertio
2173 1618 2562 1678 conscribitur
2596 1619 2675 1679 ab
2714 1619 2845 1694 ipso
2872 1619 2914 1655 ¹⁰
2946 1637 2962 1677 ε
2997 1639 3026 1674 α
3052 1620 3161 1691 Qui
3189 1619 3507 1678 ostendunt

1962 1729 2118 1788 opus
2160 1712 2312 1786 legis
2351 1713 2636 1789 scriptum
2672 1714 2735 1771 in
2781 1714 3066 1774 cordibus
3103 1715 3224 1773 suis
3244 1735 3263 1788 3
3298 1736 3328 1770 ιι
3362 1731 3431 1773 ac
3456 1717 3507 1773 si

1961 1810 2163 1879 aperte
2211 1806 2369 1863 dicat
2399 1824 2413 1863 ε
2452 1807 2775 1865 ostendunt
2829 1824 2984 1882 opus
3037 1808 3356 1880 discretum
3398 1825 3508 1883 per

1958 1897 2111 1973 legis
2139 1899 2474 1969 decretum,
2505 1900 2673 1974 quod
2699 1903 2819 1959 suis
2846 1901 3131 1961 cordibus
3156 1906 3244 1961 est
3263 1917 3505 1960 concre-

1958 1994 2085 2049 tum
2119 2011 2134 2049 :
2162 2008 2297 2051 ecce
2325 1994 2423 2051 lex
2447 2009 2697 2068 operum
2727 1994 3055 2055 discretiva.

2448 2155 2727 2210 Articulus
2758 2159 3004 2226 quarem.

2031 2279 2386 2337 Rectitudini
2415 2294 2657 2355 quoque
2685 2280 3020 2352 consensit,
3057 2296 3195 2340 cum
3230 2281 3312 2341 ait
3346 2300 3362 2340 ε
3405 2285 3504 2340 Di·-

1960 2366 2073 2429 leoei‘
2098 2391 2113 2430 t
2140 2388 2282 2430 nam
2312 2375 2415 2448 qui
2446 2374 2669 2448 diligit,
2694 2373 2910 2433 dilecto
2936 2375 3252 2447 consentit,
3280 2381 3338 2433 et
3360 2375 3504 2434 fide-

1955 2466 2090 2525 liter
2116 2483 2178 2525 se
2207 2468 2540 2542 conjungit,
2569 2468 2717 2526 sicut
2743 2468 3026 2543 scriptum
3053 2472 3140 2527 est
3157 2471 3233 2526 ¹¹:
3269 2488 3299 2524 ι
3318 2469 3501 2543 Dilige

1956 2561 2301 2636 proximum
2331 2567 2526 2633 tuum,
2557 2567 2615 2620 et
2640 2563 3000 2636 conjungere
3028 2562 3145 2622 fide
3172 2580 3310 2621 cum
3340 2578 3445 2622 eo:
3468 2585 3497 2620 ιι

1960 2659 2027 2714 Et
2047 2659 2212 2728 nota,
2224 2656 2390 2730 quod
2408 2657 2520 2716 tria
2530 2657 2749 2715 suntad
2768 2657 2947 2730 hujus
2965 2657 3115 2731 legis
3125 2657 3501 2717 dilectionem

1956 2750 2319 2819 necessaria,
2347 2750 2621 2809 videlicet
2650 2750 2896 2823 diligere
2931 2750 3386 2824 fraternitatem,
3412 2752 3500 2809 di-

1953 2842 2141 2917 ligere
2167 2845 2503 2912 veritatem,
2534 2844 2781 2917 diligere
2821 2844 3293 2920 simplicitatem3
3325 2851 3391 2906 ut
3427 2845 3501 2903 sit

1954 2953 2126 2996 amor
2151 2937 2524 2996 fraternitatis
2551 2939 2612 2996 in
2656 2938 2966 2996 affectione
2976 2981 2994 3012 ‚
3023 2938 3283 2997 veritatis
3307 2939 3373 2997 in
3399 2955 3499 2997 ac·

1953 3030 2148 3101 tione,
2177 3032 2561 3106 simplicitatis
2587 3032 2651 3089 in
2676 3032 3017 3092 intentione.
3059 3032 3268 3091 Primae
3312 3032 3496 3091 dilec-

1950 3123 2127 3182 tionis
2171 3125 2499 3184 admonitio
2548 3125 2802 3185 habetur
2835 3126 2879 3162 ²¹
2917 3143 2932 3184 ε
2967 3144 2997 3182 α
3025 3127 3495 3200 Fraternitatem,

1949 3218 2175 3293 inquit,
2205 3220 2429 3292 diligite
2462 3239 2476 3276 ε
2522 3224 2706 3278 Deum
2732 3220 2962 3294 timete,
2991 3240 3020 3276 ιι
3054 3225 3162 3280 etc.
3213 3222 3496 3280 Secundoe

1952 3311 2284 3371 dilectionis
2307 3314 2612 3387 persuasio
2639 3314 2855 3387 legitur
2877 3313 2920 3350 ¹³
2951 3333 2966 3372 :
2991 3314 3347 3374 «Veritatem
3373 3321 3497 3374 tan-

1950 3411 2076 3463 tum
2112 3409 2169 3464 et
2212 3423 2425 3480 pacem
2472 3407 2734 3480 diligite,
2764 3408 2905 3466 dicit
2949 3408 3231 3467 Dominus
3276 3410 3496 3468 exerci-

1948 3502 2137 3557 tuum.
2167 3521 2196 3556 ιι
2228 3501 2428 3559 Tertiae
2455 3501 2787 3560 dilectionis
2814 3502 3253 3561 commendatio
3282 3503 3494 3561 scribi-

1949 3596 2043 3651 tur
2061 3594 2133 3651 ¹⁶:
2163 3594 2369 3665 «Scio,
2399 3597 2643 3653 Domine
2671 3599 2839 3668 DeuS‚
2859 3596 3030 3672 quod
3046 3596 3265 3671 probes
3285 3597 3491 3671 corda,

1948 3689 2006 3744 et
2031 3687 2466 3762 simplicitatem
2496 3689 2731 3763 diligas,
2758 3711 2785 3743 ι»

2589 3850 2845 3917 Epilogus.

2018 3973 2178 4029 Patet
2203 3971 2401 4047 itaque
2429 3987 2597 4030 mens
2625 3973 2926 4046 Prophetae
2951 3987 3130 4047 super
3151 3971 3494 4032 defectionis

1952 4064 2489 4123 animadversione.
2520 4066 2612 4123 Ait
2637 4066 2833 4123 enim:
2863 4068 3085 4139 Iniquus
3100 4107 3121 4139 ,
3150 4066 3215 4124 id
3238 4071 3355 4139 est,
3385 4068 3495 4125 ini-

1951 4157 2190 4233 quitatis
2243 4157 2468 4216 amicos
2492 4202 2508 4225 .
2570 4159 2740 4233 quasi
2797 4158 3189 4218 defectionem
3241 4161 3494 4219 sentiens

1948 4251 2282 4309 secundum
2321 4251 2627 4310 hominem
2675 4252 3065 4326 exteriorem3
3107 4254 3246 4312 Odio
3297 4256 3490 4328 habui,

1948 4344 2121 4418 quasi
2168 4344 2516 4404 dissentiens
2553 4346 2884 4404 secundum
2921 4346 3228 4406 hominem
3258 4347 3494 4406 interio-

1947 4452 2077 4495 rem
2096 4458 2117 4511 3
2162 4440 2352 4511 Lenem
2397 4447 2579 4499 autem
2634 4445 2816 4512 tuam,
2864 4440 3035 4516 quasi
3081 4440 3494 4500 rectitudinem

1947 4533 2325 4605 praesentiens
2365 4534 2695 4592 secundum
2748 4534 3039 4593 rationem
3084 4534 3489 4611 superiorem3

1948 4626 2141 4683 Dileoei
2153 4668 2175 4700 ,
2204 4626 2375 4701 quasi
2419 4628 2788 4686 consentiens
2831 4627 3161 4688 secundum
3201 4627 3492 4689 rationem

1946 4718 2304 4780 inferiorem.

2502 4862 2838 4908 vnnstcuuls
2873 4863 2936 4906 11.

2025 5011 2146 5066 114.
2187 5007 2443 5079 AdJ‘utor,
2473 5015 2526 5064 et
2552 5011 2823 5080 susceptor
2848 5020 2993 5063 mem
3021 5020 3075 5063 es
3103 5008 3194 5078 tu,
3221 5008 3328 5062 etc.
3352 5006 3490 5065 Ver-

1949 5118 2050 5160 sus
2090 5100 2349 5160 anterior
2384 5103 2626 5158 annotat
2663 5098 2914 5175 qualiter
2950 5098 3151 5157 anima
3185 5097 3492 5159 rationalis

1950 5264 2011 5312 u,
2042 5253 2118 5302 14.
2141 5277 2205 5289 —
2231 5254 2251 5282 ⁹
2277 5251 2401 5302 ibid.
2427 5278 2488 5289 —
2511 5252 2551 5287 ¹0
2578 5250 2728 5315 ibid„
2758 5254 2835 5303 15.
2855 5278 2920 5291 -
2942 5250 2985 5288 ¹¹
3012 5251 3194 5313 Eccli„
3219 5264 3384 5317 xxvn,
3409 5256 3487 5305 18.

1945 5348 2007 5361 -
2027 5324 2106 5373 ¹¹1
2129 5323 2284 5388 Petr.,
2306 5335 2367 5388 11,
2392 5324 2469 5373 17.
2489 5347 2550 5359 -
2576 5322 2617 5357 ¹³
2635 5321 2807 5387 lach„
2828 5335 2942 5385 v1n,
2965 5326 3040 5375 19.
3059 5349 3122 5364 -
3138 5324 3181 5360 ¹⁸
3200 5325 3216 5376 Ι
3237 5323 3487 5391 Par-alim„

1946 5405 2096 5459 nix,
2128 5398 2199 5446 17.
2222 5421 2283 5434 —
2298 5394 2371 5461 (a)
2400 5394 2634 5445 Fortasse
2656 5394 2915 5461 leyendum
2936 5395 3226 5460 presensit.
