4196 6294
830 385 950 447 622

829 515 1358 594 inobedientiam;
1412 517 1692 581 secundo
1713 565 1732 596 ,
1778 524 1999 583 contra
2047 519 2372 603 loquelam

829 625 1112 705 stultam,
1132 625 1220 709 ibi
1252 629 1270 665 ¹
1300 646 1316 689 ε
1346 623 1440 691 Ne
1464 630 1688 691 temere
1702 625 2191 710 widmann-is,
2222 632 2366 705 etc.;

827 733 1034 812 tert10‚
1048 737 1266 798 contra
1276 732 1724 814 cogitationem
1739 752 2094 813 erroneam,
2107 734 2197 797 ibi
2215 740 2239 776 ¹
2264 753 2279 796 ε
2297 735 2373 800 Si

828 840 1075 908 videris
1095 828 1457 910 calumnias
1478 858 1831 925 cycnorum,
1857 848 1976 909 etc.
1998 844 2071 908 In
2089 845 2370 909 remedio

829 951 1053 1012 contra
1076 949 1570 1014 inobedientiam
1612 950 1934 1015 inducitur
1973 952 2330 1015 exhortatio
2346 999 2365 1030 ,

829 1060 894 1120 et
912 1057 1331 1140 subjungitur
1355 1057 1815 1122 exhortationis
1843 1057 2025 1123 ratio.
2058 1056 2370 1122 Exhorta-

828 1166 938 1229 tur
963 1169 1178 1230 autem
1206 1165 1288 1230 ad
1310 1164 1684 1247 diligentem
1713 1166 1948 1248 pedum
1976 1165 2364 1245 custodiam,

830 1287 912 1335 ne
933 1272 1437 1354 transgrediatur
1464 1273 1765 1338 mandata
1790 1272 2041 1353 divina,
2092 1272 2234 1337 ideo
2268 1272 2370 1337 di-

829 1375 961 1440 cit:
996 1376 1260 1445 Custodi
1279 1378 1503 1461 pedem
1529 1385 1747 1458 tuum,
1791 1396 1872 1446 ne
1897 1382 2059 1460 forte
2097 1379 2371 1447 declinet

830 1500 873 1549 α
898 1485 1215 1553 viarecta.
1254 1492 1278 1528 ⁸
1309 1486 1624 1553 «Gressus
1649 1491 1853 1553 rectos
1884 1489 2067 1553 facite
2097 1488 2366 1573 pedibus

830 1592 1073 1673 vestris,
1092 1597 1317 1659 utnon
1343 1595 1701 1661 claudicans
1717 1596 1862 1679 quis
1878 1600 2069 1662 erret.
2103 1618 2135 1656 n
2160 1598 2368 1681 Inmo-

829 1700 1017 1768 diens
1039 1702 1114 1767 in
1149 1702 1407 1769 domum
1442 1705 1598 1784 Dei,
1628 1704 1694 1768 id
1720 1709 1849 1786 est,
1879 1706 1950 1769 in
1985 1704 2360 1787 Ecclesiam,

828 1808 934 1873 vel
976 1810 1347 1875 servitutem
1390 1810 1538 1890 Dei,
1584 1811 1651 1876 in
1707 1830 1903 1895 quam
1942 1831 2092 1877 cum
2139 1814 2365 1880 timore

828 1917 1014 1982 debet
1039 1918 1236 1984 homo
1279 1919 1573 2002 ingredi3
1607 1920 1780 1986 unde
1819 1920 2050 1986 dicitur
2075 1928 2100 1963 ⁸
2131 1946 2146 1987 ε
2183 1946 2214 1984 α
2257 1923 2363 1987 In-

829 2025 1034 2090 troibo
1059 2026 1126 2090 in
1153 2027 1418 2092 domum
1444 2032 1622 2092 tuam
1638 2076 1661 2108 ,
1693 2032 1756 2092 et
1782 2028 2058 2095 adorabo
2084 2030 2168 2095 ad
2201 2035 2367 2095 tem-

827 2131 1010 2215 plum
1039 2138 1332 2199 sanctum
1359 2138 1548 2201 tuum
1566 2136 1634 2199 in
1656 2138 1885 2203 timore
1914 2140 2049 2203 tuo.
2072 2161 2105 2200 n
2143 2139 2235 2204 lta
2259 2140 2366 2206 de-

828 2240 934 2305 bet
959 2241 1184 2324 pedem
1210 2260 1405 2308 suum
1430 2262 1686 2310 servare
1712 2245 1792 2308 ab
1821 2246 2269 2329 inobedientia,
2302 2253 2368 2314 et

828 2353 1197 2432 promptum
1223 2351 1460 2417 habere
1506 2351 1586 2417 ad
1613 2352 2035 2418 obedientiam
2059 2373 2077 2434 ;
2109 2360 2366 2439 propter

829 2456 1000 2539 quod
1020 2456 1170 2522 dicit
1197 2480 1212 2523 ε
1237 2459 1322 2525 Et
1353 2461 1843 2543 appropinqua,
1884 2467 1957 2529 ut
1988 2464 2230 2531 audias
2248 2514 2269 2545 ,
2300 2465 2365 2529 id

831 2571 960 2643 est,
992 2564 1270 2630 obedias.
1311 2566 1799 2651 Appropinqua‚
1831 2569 1982 2651 quia
2008 2571 2029 2606 ⁸
2066 2593 2097 2632 α
2128 2571 2239 2654 qui
2262 2590 2366 2655 ap-

830 2670 1262 2754 propinquant
1287 2674 1553 2756 pedibus
1580 2677 1744 2758 ejus,
1775 2676 2084 2759 accipient
2120 2678 2199 2742 de
2226 2679 2367 2743 doc-

829 2775 1000 2841 trina
1023 2777 1220 2844 illius.
1240 2801 1273 2838 ι)
1304 2779 1556 2847 Audias
1575 2829 1593 2862 ,
1623 2782 2054 2848 obediendo⁸2
2083 2784 2363 2851 «Audite

831 2883 1103 2949 verbum
1110 2886 1389 2968 Domini,
1403 2889 1688 2956 universi
1699 2890 1812 2973 qui
1827 2890 2239 2974 ingredimini
2252 2912 2365 2976 pcr

828 2996 1042 3074 portas
1057 2992 1174 3058 has
1190 3015 1205 3058 τ
1219 2993 1359 3059 haec
1387 2995 1537 3060 dicit
1555 2995 1889 3063 Dominus:
1912 3001 2219 3065 custodite
2231 3002 2365 3065 ani-

829 3118 968 3166 mas
992 3106 1253 3169 vestras.
1271 3125 1303 3165 n
1343 3103 1422 3170 Et
1450 3106 1873 3191 subjungitur
1902 3098 2364 3176 exhortationis

826 3210 988 3274 ratio
1032 3231 1048 3275 ε
1087 3213 1288 3279 Multo
1338 3214 1509 3280 enim
1560 3215 1782 3283 melior
1819 3222 1916 3284 est
1967 3217 2359 3299 obedientia,

826 3333 1018 3399 quam
1044 3318 1381 3387 stultorum
1407 3325 1719 3401 victime,
1741 3325 1858 3406 qui
1883 3327 2177 3394 nesciunt
2199 3327 2364 3410 quid

827 3424 1083 3503 iaciunt
1123 3427 1284 3493 mali
1304 3451 1332 3504 ,·
1383 3429 1495 3511 qui
1532 3448 1665 3495 non
1710 3436 2179 3513 recognoscunt
2212 3451 2363 3498 suas

824 3534 1386 3617 transgressiones,
1414 3555 1530 3602 nec
1564 3543 1789 3604 curant
1815 3540 2093 3605 obedire.
2126 3541 2363 3624 Grego-

825 3639 962 3704 rius
982 3647 1003 3682 ⁷
1037 3659 1054 3705 t
1093 3641 1362 3709 «Melior
1406 3651 1500 3709 est
1523 3646 1913 3728 obedientia,
1944 3666 2141 3731 quam
2176 3650 2363 3715 victi-

826 3765 952 3813 mae
972 3748 1018 3829 ⁸,
1039 3771 1070 3811 n
1097 3751 1247 3833 quia
1265 3751 1336 3816 in
1353 3752 1711 3818 obedientia
1735 3758 2050 3819 mactatur
2066 3755 2363 3822 voluntas

823 3856 1086 3939 propria
1103 3905 1122 3937 ‚
1165 3858 1236 3922 in
1288 3858 1549 3924 victima
1612 3878 1761 3926 caro
1801 3860 2029 3925 aliena.
2076 3861 2362 3930 Abusiva

824 3967 919 4027 est
939 3966 1325 4048 comparatio
1341 4015 1360 4046 ‚
1395 3968 1546 4050 quia
1568 3967 1922 4033 obedientia
1946 3976 2044 4033 est
2068 3971 2238 4035 bona
2254 4020 2271 4054 ‚
2297 3975 2361 4036 et

824 4070 966 4136 ideo
990 4072 1226 4155 placet;
1258 4073 1428 4139 unde
1454 4075 1686 4141 dicitur
1705 4076 1728 4111 ⁹
1756 4097 1772 4141 ε
1810 4100 1842 4137 α
1864 4075 2115 4142 Bonum
2147 4081 2241 4143 est
2269 4078 2362 4145 vi-

823 4198 896 4245 ro
914 4226 932 4259 ‚
980 4200 1129 4247 cum
1163 4184 1516 4266 portaverit
1549 4187 1792 4268 jugum
1829 4186 1909 4249 ab
1928 4168 2361 4252 ⁸adolescentia

829 4304 966 4353 sua.
998 4311 1029 4351 ι»
1073 4288 1195 4354 Sed
1222 4292 1500 4356 victimae
1537 4292 1878 4356 stultorum
1912 4293 2242 4376 displicent
2262 4291 2308 4329 ¹⁰
2337 4314 2353 4358 ε

835 4420 865 4457 α
875 4395 1161 4463 Victimae
1177 4398 1526 4482 impiorum
1540 4399 1996 4465 abominabiles
2005 4401 2294 4467 Domino,
2313 4422 2346 4461 n

826 4502 1003 4573 Unde
1026 4505 1183 4572 Saul
1202 4508 1626 4592 reprehensus
1642 4508 1785 4589 ruit,
1817 4508 1973 4592 quia
1994 4528 2211 4575 amore
2238 4509 2359 4575 ob·

822 4612 1522 4700 lationistransgressus
1534 4615 2352 4702 estdivinumfimperiumss:

831 4744 863 4784 α
885 4719 1213 4806 Numquid
1254 4723 1395 4791 vult
1437 4725 1744 4790 Dominus
1793 4724 2194 4806 holocausta,
2243 4729 2356 4790 aut

821 4830 1134 4913 victimas,
1162 4838 1228 4898 et
1250 4851 1384 4900 non
1405 4834 1619 4918 potius
1644 4837 1718 4899 ut
1739 4833 2072 4899 obediatur
2095 4833 2199 4898 ei?
2222 4833 2356 4898 Me-

888 5031 903 5069 ¹
936 5030 1090 5099 Infra,
1133 5045 1179 5098 v,
1213 5038 1260 5085 1.
1286 5061 1347 5073 —
1378 5036 1398 5067 ²
1432 5034 1580 5098 lbld„
1608 5038 1657 5087 7.
1688 5063 1743 5073 ·-
1782 5036 1806 5072 ⁸
1837 5035 2007 5101 Hebr„
2042 5048 2151 5100 111,
2186 5038 2264 5086 13.
2292 5062 2356 5075 —

821 5101 844 5142 δ
875 5104 1012 5156 psat.
1047 5118 1097 5170 v,
1127 5107 1173 5155 8.
1204 5132 1268 5144 —
1291 5107 1314 5143 ⁸
1339 5108 1505 5170 Dent„
1535 5119 1735 5172 111111,
1774 5111 1821 5158 3.
1850 5135 1915 5146 -
1940 5109 1959 5140 ⁸
1979 5110 2183 5172 ,lev-em„
2225 5120 2355 5172 xvn,

822 5179 903 5238 20,
931 5179 1011 5227 21.
1041 5201 1105 5215 -
1138 5177 1161 5213 ‘¹
1188 5178 1362 5243 Greg.,
1399 5178 1583 5231 Mor-al.
1617 5178 1708 5230 lib.
1741 5179 1942 5241 XXXV,
1971 5193 2018 5231 c.
2052 5193 2116 5243 x,
2154 5180 2209 5230 in
2241 5177 2354 5244 Job,

823 5260 869 5299 c.
898 5258 1030 5297 xxn.
1064 5272 1126 5285 —
1164 5248 1182 5279 ⁸
1227 5249 1411 5314 lfleq„
1448 5262 1554 5314 xv,
1579 5253 1722 5302 22—
1758 5250 1779 5280 ⁸
1809 5248 2009 5313 Thr-en„
2044 5261 2139 5312 111,
2176 5251 2258 5301 27.
2292 5275 2356 5288 —

823 5316 1063 5380 ¹⁸.Proo.,
1095 5330 1185 5380 xv,
1222 5322 1271 5371 8.
1298 5346 1363 5359 —
1392 5324 1432 5358 ¹¹
1463 5323 1585 5374 Loc.
1618 5334 1746 5374 mox
1782 5322 1868 5375 cit.
1894 5347 1959 5361 -—
1994 5324 2036 5357 ¹²
2067 5319 2249 5387 Eccli„
2275 5333 2353 5387 rx,

823 5387 902 5438 25.
928 5411 992 5427 -
1020 5389 1062 5424 ¹⁸
1087 5389 1268 5455 Eoeli„
1299 5404 1499 5458 xxvm,
1527 5396 1610 5444 29.
1640 5419 1704 5431 —
1746 5392 1780 5423 ¹⁸
1811 5393 1979 5458 Pron„
2007 5404 2152 5457 ¹111,
2188 5395 2266 5443 29.
2294 5417 2357 5432 -—

1840 379 2253 448 EXPOSITIO
2294 377 2375 445 IN
2419 377 3018 448 ECCLESIASTEN.

2480 517 2598 581 lior
2624 523 2720 582 est
2746 520 2917 583 enim
2948 520 3311 585 obedientia
3326 568 3344 601 ‚
3373 535 3565 603 quam
3587 498 3862 598 victimae,
3893 523 3941 585 et

2479 625 2835 689 auscultare
2854 626 3088 708 magis,
3110 645 3308 710 quam
3338 627 3560 692 offerre
3577 626 3799 710 adipem
3818 627 3940 692 arie·

2482 736 2645 797 tum.
2672 756 2704 794 n

3005 882 3349 953 CAPUT
3406 883 3492 953 V.

2559 1069 2615 1125 1.
2642 1062 2735 1128 Ne
2761 1061 3476 1144 unamquamquam,
3492 1064 3606 1124 etc.
3633 1059 3737 1124 Hic
3758 1059 3847 1124 dat
3865 1076 3942 1123 re-

2477 1169 2758 1234 medium
2791 1173 3012 1234 contra
3034 1169 3416 1233 locutionem
3445 1168 3718 1244 stultam,
3743 1167 3855 1231 sive
3875 1167 3941 1229 in-

2474 1276 2850 1340 ordinatam.
2874 1276 3237 1341 lnordinata
3252 1279 3466 1340 autem
3495 1278 3589 1339 est
3618 1275 3841 1352 locutio,
3858 1276 3942 1337 aut

2474 1383 2629 1465 quia
2655 1384 3115 1448 inconsiderata
3135 1430 3153 1459 ‚
3196 1386 3310 1445 aut
3338 1382 3492 1464 quia
3528 1381 3704 1458 falsa3
3740 1383 3796 1443 et
3817 1380 3942 1443 hanc

2473 1490 2767 1586 prohibet
2789 1490 2877 1555 ibi
2900 1491 2983 1573 (v.
3014 1494 3072 1570 3)
3096 1512 3111 1553 :
3143 1491 3231 1557 Si
3255 1488 3420 1571 quid
3451 1490 3700 1567 vovisti,
3725 1493 3839 1565 etc3
3862 1490 3944 1550 aut

2472 1600 2626 1682 quia
2649 1618 2936 1681 erronea,
2967 1605 3030 1665 et
3052 1600 3222 1665 hanc
3242 1600 3328 1664 ibi
3364 1601 3451 1683 (v.
3475 1600 3529 1682 5)
3558 1598 3847 1683 prohibet:
3873 1595 3941 1660 Ne

2474 1707 2728 1775 dederis
2747 1725 2816 1775 os
2844 1715 3049 1788 tuum,
3067 1712 3184 1773 etc.
3213 1708 3387 1773 Circa
3398 1708 3760 1773 locutionem
3772 1705 3942 1769 incon-

2473 1816 2812 1881 sideratam
2839 1816 3135 1899 prohibet
3159 1816 3733 1899 praecipitationem,
3753 1816 3809 1877 et
3827 1811 3943 1875 sub-

2465 1923 2691 2005 jungit
2726 1923 3069 2002 rationem,
3102 1928 3166 1987 et
3205 1922 3466 1987 adhibet
3499 1923 3559 1987 ei
3587 1919 3946 1987 confirmatio-

2471 2045 2643 2092 nem.
2682 2028 2985 2094 Prohibet
3021 2045 3179 2110 ergo
3209 2029 3782 2111 praecipitationem,
3813 2024 3944 2090 unde

2472 2136 2625 2201 dicit
2685 2159 2700 2201 ε
2757 2137 2853 2203 Ne
2899 2143 3124 2203 temere
3178 2136 3344 2220 quid
3393 2137 3708 2220 loquaris,
3756 2134 3807 2198 id
3849 2136 3942 2207 est,

2476 2244 2960 2309 inconsiderate.
2991 2245 3037 2281 ¹¹
3071 2267 3102 2305 α
3128 2243 3533 2310 Temerarius
3570 2245 3637 2308 in
3669 2243 3839 2309 verbo
3859 2257 3945 2304 suo

2472 2351 2721 2416 odibilis
2759 2353 2900 2417 erit.
2956 2374 2988 2412 n
3036 2352 3116 2418 Et.
3151 2371 3377 2417 rursus
3414 2353 3461 2389 ¹⁸
3510 2372 3527 2417 ε
3563 2376 3593 2413 a
3617 2350 3817 2416 Verbis
3853 2347 3945 2411 tuis

2471 2459 2657 2524 facito
2684 2463 3008 2540 stateram,
3038 2464 3103 2525 et
3138 2461 3372 2524 fraenos
3399 2461 3502 2524 ori
3529 2463 3658 2524 tuo.
3686 2480 3714 2517 n
3747 2456 3815 2522 Et
3833 2452 3946 2538 quia

2471 2584 2601 2631 non
2627 2573 2830 2651 potest
2855 2568 3048 2632 homo
3075 2566 3264 2632 velox
3286 2566 3655 2645 deliberare,
3682 2564 3807 2629 ideo
3830 2560 3944 2624 sub·

2470 2673 2564 2738 dit
2593 2674 2837 2757 :Neque
2871 2690 2978 2741 cor
3014 2681 3199 2741 tuum
3233 2675 3326 2741 sit
3347 2673 3538 2740 velox
3565 2671 3652 2739 ad
3679 2670 3946 2755 proferen-

2471 2780 2627 2848 dum
2651 2797 3017 2848 sermonem.
3048 2780 3184 2845 Imo
3211 2780 3323 2845 diu
3348 2780 3695 2845 deliberare
3719 2778 3943 2860 oportst3

2467 2906 2620 2952 nam
2656 2889 2884 2954 dicitur
2906 2891 2952 2929 ¹⁸
2989 2910 3005 2953 :
3043 2911 3074 2948 α
3100 2886 3324 2952 Vidisti
3358 2887 3689 2952 hominem
3722 2882 3946 2949 velocem

2469 2995 2548 3059 ad
2575 2994 2966 3078 loquendum
2982 2996 3014 3057 ’ἓ
3035 2994 3297 3059 stultitia
3319 2994 3632 3079 speranda
3651 2995 3742 3057 est
3764 2987 3945 3070 magis

2469 3122 2665 3187 quam
2706 3104 2879 3169 illius
2919 3102 3252 3186 correptio.
3298 3124 3329 3164 υ
3374 3101 3557 3169 Unde
3581 3099 3846 3168 distantia
3865 3095 3946 3161 de·

2468 3213 2575 3278 bet
2614 3232 2750 3279 esse
2773 3213 2941 3278 inter
2967 3230 3039 3278 os
3076 3216 3139 3276 et
3173 3230 3303 3277 cor.
3337 3212 3479 3290 Quo
3507 3215 3718 3276 contra
3744 3210 3819 3271 ¹⁸:
3852 3228 3876 3266 α
3896 3202 3949 3268 ln

2469 3339 2578 3386 ore
2601 3322 2924 3386 fatuorum
2952 3336 3060 3385 cor
3082 3318 3363 3383 illorum.
3392 3342 3425 3379 n
3464 3318 3641 3385 Unde
3667 3317 3867 3382 dicitur
3884 3310 3945 3368 ¹⁸:

2477 3451 2508 3490 α
2535 3428 2628 3494 Sit
2664 3428 2872 3493 omnis
2903 3427 3099 3491 homo
3134 3426 3323 3492 velox
3360 3426 3446 3490 ad
3489 3424 3872 3500 audiendum,
3906 3418 3953 3480 et

2467 3537 2686 3602 tardus
2711 3537 2793 3601 ad
2821 3533 3234 3617 loquendum.
3276 3555 3306 3593 n
3358 3532 3438 3597 Et
3465 3533 3702 3598 Seneca
3733 3553 3748 3596 z
3788 3553 3815 3590 α
3837 3525 3952 3590 Tar·

2468 3645 2800 3728 diloquum
2836 3648 2898 3708 te
2940 3662 3076 3708 esse
3102 3642 3273 3708 volo.
3303 3664 3334 3703 1>
3371 3641 3451 3707 Et
3491 3641 3778 3707 subditur
3808 3635 3949 3724 ratio,

2466 3753 2758 3817 divinum
2778 3751 3098 3833 ,iudicium
3139 3750 3309 3833 quod
3344 3751 3568 3814 omnia
3593 3748 3758 3815 videt
3793 3767 3807 3810 ε
3845 3743 3951 3809 ideo

2465 3859 2698 3925 dicitur
2728 3881 2744 3922 ι
2778 3858 2946 3924 Deus
2981 3859 3154 3924 enim
3183 3858 3260 3924 in
3288 3858 3473 3938 coelo,
3510 3857 3756 3941 supple,
3783 3851 3954 3920 omnia

2466 3967 2686 4032 videns
2721 3967 2765 4003 ¹⁷
2806 3988 2821 4028 ε
2886 3988 2917 4027 α
2953 3964 3257 4029 Dominus
3307 3965 3385 4029 de
3437 3965 3602 4031 ooelo
3654 3965 3722 4028 in
3761 3966 3953 4026 terram

2464 4075 2732 4157 aspexit.
2762 4094 2795 4134 ι
2838 4074 2925 4141 Et
2953 4081 3027 4140 tu
3053 4089 3243 4155 super
3269 4078 3544 4153 terram,
3577 4073 3647 4137 in
3672 4068 3954 4136 manifesto

2465 4181 2585 4246 sibi
2620 4182 2894 4265 posituS,
2947 4181 3035 4246 ita
3078 4199 3211 4246 non
3246 4182 3402 4245 lates
3445 4199 3604 4246 eum
3638 4179 3681 4218 ¹⁸
3711 4201 3728 4244 ι
3764 4201 3792 4241 ι
3815 4168 3957 4242 Oculi

2465 4289 2710 4354 Domini
2773 4291 2976 4355 multo
3024 4290 3168 4373 plus
3218 4290 3563 4355 lucidiores
3618 4290 3765 4354 sunt
3806 4295 3957 4366 super

2464 4397 2691 4478 solem,
2721 4396 3298 4480 circumspicientes
3344 4396 3415 4461 in
3447 4413 3673 4461 omnes
3708 4393 3838 4460 vias
3868 4387 3958 4454 ho·

2464 4506 2735 4570 minum.
2766 4527 2798 4565 n
2837 4503 3083 4571 Idcirco
3119 4505 3255 4572 sint
3286 4505 3488 4586 pauci
3518 4515 3819 4571 sermones
3856 4496 3955 4569 lui,

2464 4613 2616 4696 quia
2645 4613 2879 4678 scilicet
2898 4612 3178 4695 loqueris
3205 4630 3420 4677 coram
3448 4610 3579 4677 Deo
3592 4660 3609 4693 ,
3643 4609 3753 4694 qui
3785 4603 3958 4684 exiget

2463 4721 2774 4785 rationem
2813 4719 2892 4785 de
2938 4719 3238 4783 omnibus
3277 4717 3321 4754 ¹⁹
3350 4739 3366 4781 ε
3409 4741 3440 4779 α
3467 4720 3558 4782 De
3592 4715 3764 4784 omni
3800 4709 3957 4778 verbo

2463 4832 2684 4912 otioso,
2718 4830 2889 4915 quod
2915 4829 3108 4895 locuti
3133 4830 3370 4895 fuerint
3393 4829 3712 4907 homines,
3740 4818 3958 4890 reddent

2463 4939 2778 5004 rationem
2805 4939 2882 5003 de
2908 4956 2985 5003 eo
3020 4937 3311 5003 homines
3349 4938 3417 5001 in
3449 4937 3553 5002 die
3585 4933 3822 5021 judicii.
3851 4950 3878 4991 n
3902 4922 3961 4991 Et

2462 5047 2576 5116 vix
2617 5051 2822 5132 potoet
2863 5065 3031 5127 esse,
3071 5048 3243 5130 quod
3286 5047 3398 5129 qui
3439 5044 3646 5110 multa
3678 5039 3928 5124 loquitur
3944 5077 3959 5108 2

2463 5155 2590 5220 Deo
2638 5173 2772 5221 non
2826 5155 3192 5239 displiceat3
3244 5153 3415 5219 unde
3465 5152 3589 5219 hoc
3643 5141 3963 5214 manifestat

2466 5320 2500 5350 '⁸
2527 5317 2961 5441 {siffis
2988 5343 3068 5441 ’52
3081 5318 3119 5350 '⁸
3142 5315 3448 5439 ’Ἥεὲὲς
3473 5309 3775 5447 ῖ,,’,’ἐὲ“’·
3807 5317 3870 5370 ‘²¹’
3896 5301 3959 5353 ²⁰·

2468 5418 2524 5428 ...
2762 5426 2796 5451 ,,
2896 5425 2981 5458 ,,
3074 5410 3175 5440 ,...
3449 5421 3469 5448 ,
3686 5418 3700 5432 .
