4196 6294
1391 408 1472 479 IN
1511 406 2077 479 HEXAEMERON.
2122 406 2386 475 SERMO
2427 405 2612 475 XXII.

408 552 515 614 tur
534 547 644 631 (a),
672 549 790 614 aut
826 547 896 613 in
921 547 1047 628 his,
1077 563 1225 630 quae
1263 549 1417 611 sunt
1456 547 1625 609 intra
1664 563 1802 625 nos,
1834 550 1948 610 aut

404 660 587 721 extra
611 673 756 735 nos,
786 657 902 719 aut
923 672 1118 738 supra
1133 672 1269 733 nos,
1303 654 1659 718 secundum
1681 656 1812 718 tres
1838 671 1946 736 po·

400 766 651 845 tentias,
682 762 917 828 scilicet
950 761 1303 842 interiores,
1345 762 1710 841 exterioreS,
1750 780 1939 844 supe-

399 873 626 952 riores,
656 871 797 936 sive
814 870 1334 954 apprehensivaS,
1361 871 1696 949 amativas,
1727 886 1945 951 opera-

399 980 586 1047 tivas.
643 978 723 1043 Et
770 977 1120 1043 secundum
1174 976 1633 1062 Philosophum
1657 1026 1675 1056 ,
1733 977 1943 1042 omnis

398 1087 616 1153 anima
643 1086 970 1152 rationalis
990 1089 1117 1150 tres
1144 1085 1337 1150 habet
1363 1086 1779 1169 operationes,
1812 1084 1939 1148 sci-

396 1195 544 1260 licet
569 1192 911 1259 animalem
958 1194 1039 1258 ad
1070 1197 1284 1273 extra,
1323 1193 1814 1258 intellectualem
1860 1192 1942 1257 ad

396 1301 588 1382 intra,
618 1302 904 1368 divinam
931 1301 1012 1366 ad
1038 1320 1253 1383 supra.
1287 1301 1541 1383 Oportet
1566 1319 1723 1382 ergo
1770 1300 1941 1382 quod

398 1410 615 1474 anima
657 1409 889 1474 habeat
940 1408 1367 1473 hierarchiam
1419 1407 1771 1473 secundum
1823 1408 1941 1471 has

397 1517 735 1600 potentias,
773 1517 1008 1582 scilicet
1041 1516 1250 1600 primo
1295 1517 1648 1582 secundum
1674 1517 1942 1581 virtutes

397 1625 767 1703 exteriores,
811 1625 978 1689 circa
1003 1643 1166 1706 quas
1200 1628 1351 1688 sunt
1376 1625 1520 1702 tria,
1551 1624 1787 1688 scilicet
1811 1623 1942 1687 dis-

398 1738 569 1799 creta
612 1732 1017 1816 perlustratio
1031 1781 1048 1811 ,
1088 1731 1353 1795 discreta
1390 1731 1770 1814 praeelectio,
1811 1731 1940 1795 dis-

344 1906 370 1937 ι
398 1847 567 1907 creta
590 1839 970 1925 prosecutio.
1002 1837 1220 1903 Primo
1247 1857 1404 1920 ergo
1431 1840 1617 1903 dehet
1645 1856 1781 1903 esse
1809 1838 1940 1902 dis·

398 1954 567 2014 creta
607 1947 1031 2032 perlustratio,
1082 1951 1158 2010 ut
1199 1946 1464 2011 discrete
1504 1947 1940 2011 consideretur

321 2032 344 2061 ⁸
398 2056 676 2122 mundus
702 2058 784 2121 ab
798 2055 1035 2121 anima.
1054 2054 1215 2120 Nam
1233 2054 1447 2118 anima
1467 2059 1561 2118 est
1587 2055 1749 2118 sicut
1766 2071 1944 2136 quae-

397 2166 543 2230 dam
590 2181 819 2228 manus
844 2161 1144 2227 scribens.
1181 2159 1422 2226 Sensus
1462 2162 1636 2226 enim
1677 2162 1943 2245 percipit

395 2272 734 2349 exteriora,
781 2276 845 2335 et
889 2287 1116 2335 sensus
1159 2268 1549 2346 communis;
1596 2273 1660 2334 et
1714 2268 1941 2334 deinde

395 2381 802 2463 imaginatio;
844 2384 906 2443 et
941 2379 1101 2443 ratio
1142 2376 1532 2458 considerat,
1560 2381 1625 2441 et
1666 2377 1846 2460 ponit
1871 2377 1939 2441 in

394 2488 724 2556 memoria.
760 2488 1017 2571 Oportet
1032 2503 1211 2568 ergo,
1245 2484 1416 2568 quod
1436 2483 1518 2547 sit
1543 2501 1782 2566 magna
1808 2484 1938 2548 dis-

393 2598 585 2665 cretio
621 2596 704 2663 ad
740 2593 1216 2661 custodiendam
1252 2592 1543 2671 domum,
1584 2609 1667 2656 ne
1717 2609 1941 2657 omnes

393 2710 630 2774 intrent
651 2705 734 2771 ad
758 2704 877 2768 has
901 2703 1108 2779 vires;
1143 2703 1207 2764 et
1233 2698 1398 2765 nihil
1432 2700 1767 2764 nuntietur
1792 2701 1938 2782 regi

393 2821 455 2882 et
479 2814 749 2896 reginae,
773 2810 946 2895 quod
963 2809 1048 2872 sit
1069 2806 1319 2872 inutile.
1339 2804 1532 2871 Latro
1551 2806 1724 2871 enim
1745 2808 1938 2872 intro·

393 2923 539 2989 duci
565 2940 699 2986 non
720 2920 907 2985 debet
926 2934 1143 2982 coram
1164 2932 1342 2996 rege,
1363 2913 1489 2977 nisi
1509 2914 1672 2980 forte
1693 2919 1765 2979 ut
1788 2932 1937 2979 con-

302 3067 308 3073 ·
391 3033 748 3098 demnetur.
768 3026 905 3093 Eva
929 3025 1105 3090 enim
1130 3021 1365 3086 misera
1381 3025 1444 3085 et
1466 3021 1722 3085 incauta
1743 3022 1937 3088 intro-

391 3139 573 3206 duxit
628 3136 955 3220 eloquium
1022 3129 1331 3214 serpentis
1362 3178 1381 3209 ,
1443 3132 1507 3195 et
1560 3129 1876 3195 dubitavit
1915 3151 1933 3196 ε

388 3247 746 3332 cnjusmodi
774 3241 1029 3326 eloquio
1058 3239 1249 3305 hodie
1283 3237 1472 3302 multi
1497 3256 1931 3322 corrumpun-

386 3363 535 3423 tur:
564 3354 656 3419 nil
694 3369 854 3434 ergo
895 3349 1080 3414 debet
1121 3347 1361 3410 intrare
1401 3364 1516 3428 per
1560 3350 1777 3428 portas
1809 3347 1933 3413 im-

390 3464 729 3530 mundum.
758 3462 778 3498 ¹
812 3481 843 3520 α
866 3457 1047 3522 Foris
1071 3472 1279 3533 caneS‚
1311 3457 1376 3517 et
1400 3454 1691 3533 venefici,
1717 3458 1782 3519 et
1807 3449 1932 3521 im-

388 3571 625 3657 pudici.
655 3591 686 3630 »
724 3564 1126 3632 Secundoest
1149 3563 1418 3629 discreta
1438 3561 1821 3644 praeelectio,
1853 3583 1937 3629 ex

386 3699 515 3764 quo
543 3679 826 3761 apparet,
868 3672 1042 3756 quod
1076 3671 1128 3733 si
1156 3668 1310 3752 quid
1341 3668 1711 3752 percipitur,
1740 3675 1937 3736 restat

384 3791 460 3853 ut
484 3788 731 3853 bonum
756 3781 863 3848 vel
906 3779 1142 3845 melius
1167 3775 1593 3860 praeeligatur
1614 3798 1631 3854 ;
1685 3777 1837 3860 quia
1864 3779 1932 3843 in

383 3896 568 3961 bonis
587 3898 684 3959 est
695 3890 918 3958 electio
940 3887 1267 3952 ordinata:
1291 3874 1424 3948 ῑιόῑι
1449 3883 1622 3948 enim
1646 3885 1931 3967 primum

383 4000 924 4079 manducandum,
965 4013 1164 4080 quam
1198 3991 1672 4058 celebrandum.
1706 3992 1785 4057 Et
1809 3994 1932 4059 hoc

382 4110 718 4194 respondet
752 4103 1210 4186 Archangelis,
1261 4106 1326 4165 et
1370 4101 1639 4165 discreta
1679 4101 1927 4184 perlus-

382 4219 571 4284 tratio
602 4216 900 4284 convenit
925 4211 1219 4296 Angelis.
1252 4211 1480 4277 Postea
1508 4209 1802 4293 sequitur
1821 4212 1932 4289 ju-

385 4325 624 4390 dicium
659 4345 675 4388 :
731 4328 793 4388 et
845 4321 1015 4388 istud
1068 4317 1368 4386 convenit
1423 4316 1892 4400 principatibus
1908 4367 1926 4398 ‚

385 4431 559 4516 quod
576 4430 756 4496 estin
771 4429 1231 4512 prosecutione.
1261 4425 1360 4492 Ex
1379 4443 1510 4509 quo
1530 4425 1777 4489 bonum
1795 4443 1933 4508 per-

384 4540 558 4623 cipit,
591 4542 657 4604 et
682 4535 1015 4620 praeelegit
1047 4533 1416 4599 faciendum
1445 4533 1715 4611 bonum,
1747 4533 1931 4617 sequi

385 4647 570 4713 debet
588 4643 911 4728 judicium
949 4641 1030 4706 ad
1063 4639 1605 4725 prosequendum.
1637 4638 1788 4704 Haec
1813 4658 1929 4704 au-

385 4759 515 4820 tem
554 4751 774 4819 omnia
812 4752 1112 4833 operatur
1149 4747 1361 4829 gratia
1384 4795 1402 4825 ,
1449 4764 1581 4810 non
1618 4745 1932 4811 industria

386 4861 542 4941 sola,
563 4861 699 4927 sive
715 4861 970 4938 natura,
986 4845 1066 4921 ¹ut
1086 4855 1412 4920 dicebatur
1430 4853 1664 4937 primo.
1695 4851 1932 4918 Secun-

384 4972 467 5036 da
492 4965 976 5035 hierarchizatio
1007 4962 1240 5027 mentis
1267 4963 1362 5027 est
1382 4960 1465 5025 ad
1492 4960 1799 5043 potentias
1824 4960 1930 5026 in-

384 5078 646 5144 teriores
675 5098 691 5140 :
719 5073 893 5159 quod
914 5073 1012 5137 est
1037 5069 1249 5151 magis
1264 5067 1547 5147 difficile,
1575 5085 1774 5150 quam
1798 5068 1932 5151 pri-

384 5203 590 5253 mum.
639 5183 792 5251 Haec
830 5184 1050 5247 autem
1084 5175 1374 5246 consistit
1413 5174 1483 5239 in
1512 5173 1754 5256 tribus,
1785 5194 1931 5258 quae

450 5351 463 5380 ¹
491 5348 660 5415 Apoc„
690 5356 835 5410 xxn,
872 5345 950 5395 15.
982 5366 1046 5381 -
1081 5341 1101 5371 ²
1132 5338 1298 5397 loun..
1332 5347 1441 5401 XIV,
1483 5338 1567 5388 30·
1605 5362 1669 5376 -
1700 5337 1727 5374 ⁸
1760 5339 1931 5404 Cant„

388 5430 446 5486 u,
480 5422 557 5472 12.

628 5523 781 5572 τοι.
821 5524 916 5574 lx.

3484 420 3601 483 145

2058 548 2211 609 sunt
2234 544 2504 610 discreta
2523 541 2876 626 castigatio,
2904 544 3173 612 discreta
3201 549 3597 631 confortatio,

2057 652 2325 717 discreta
2351 651 2739 732 convocatio,
2766 670 2912 734 quae
2951 652 3220 719 interius
3243 655 3598 722 hierarchi-

2056 775 2198 822 cam
2240 757 2481 822 faciunt
2523 758 2827 823 animam.
2884 758 3104 825 Primo
3121 809 3141 841 ,
3195 762 3369 845 quod
3413 763 3598 827 casti-

2058 870 2298 945 gentur
2325 867 2569 931 radices
2592 868 2964 949 passionum
2982 874 3044 933 et
3071 873 3508 952 amputentur,
3539 875 3605 934 et

2053 977 2444 1038 enerventur
2491 974 2826 1039 contrariae
2869 980 3226 1058 potestates
3283 980 3307 1013 ²
3358 1000 3389 1039 α
3417 977 3605 1043 Venit

2055 1080 2231 1144 enim
2266 1081 2560 1163 princeps
2598 1081 2823 1145 mundi
2868 1083 3089 1166 hujuS,
3119 1089 3184 1149 et
3222 1085 3291 1149 in
3335 1103 3439 1150 me
3469 1103 3601 1151 non

2051 1186 2248 1251 habet
2276 1188 2651 1271 quidquam.
2679 1208 2709 1245 1>
2747 1188 3045 1264 Quandiu
3075 1191 3249 1255 enim
3278 1193 3602 1274 passiones

2052 1292 2182 1359 illae
2219 1293 2632 1360 dominantur
2673 1295 2943 1376 homini,
2974 1298 3264 1363 diabolus
3300 1299 3496 1366 habet
3520 1302 3601 1366 de

2051 1418 2172 1465 suo
2212 1402 2282 1464 in
2325 1401 2606 1466 homine.
2654 1402 2754 1467 Ad
2798 1403 2918 1468 hoc
2956 1411 3172 1471 autem
3211 1408 3594 1491 faciendum,
3685 1450 3840 1495 Libido

2050 1526 2304 1573 necesse
2334 1514 2431 1573 est
2468 1514 2541 1573 ut
2568 1510 2922 1575 eradicetur
2953 1513 3188 1595 triplex
3219 1515 3438 1596 libido,
3472 1518 3597 1580 sci·
3654 1514 3815 1569 ‘¹¹1’¹⁶¹

2051 1615 2198 1681 licet
2219 1616 2416 1682 libido
2442 1617 2873 1701 principandi,
2903 1620 3103 1686 libido
3129 1623 3500 1705 delectandi,
3537 1629 3602 1689 et
3628 1576 3842 1694 ‘1¹5⁶qu

2050 1722 2250 1788 libido
2274 1724 2655 1805 possidendi3
2686 1727 2839 1809 quia
2864 1727 3006 1792 haec
3025 1729 3255 1812 triplex
3281 1721 3521 1798 libido
3503 1752 3602 1797 m·
3657 1702 3812 1807 3⁸2¹·

2051 1830 2227 1894 ducit
2252 1830 2623 1896 diabolum
2606 1851 2678 1896 m
2707 1834 3011 1900 animam.
3047 1836 3199 1902 Haec
3225 1844 3441 1903 autem
3470 1775 3681 1906 hie-na

2050 1937 2304 2001 rarchia
2345 1939 2685 2021 respondet
2728 1939 3168 2007 potestatibus.
3213 1943 3355 2010 Non
3397 1952 3602 2033 potest

2051 2050 2268 2110 autem
2297 2047 2513 2112 anima
2529 2050 2908 2131 potestativa
2936 2070 3092 2132 esse,
3124 2056 3434 2136 quamdiu
3466 2057 3600 2122 dia-

2050 2153 2235 2218 bolus
2248 2154 2440 2219 habet
2457 2159 2570 2237 jus
2596 2175 2787 2220 suum
2807 2158 2877 2221 in
2896 2160 3133 2223 anima.
3160 2162 3419 2244 Oportet
3440 2183 3602 2247 ergo
3628 2213 3738 2255 rre-
3759 2212 3842 2255 vn·-

2051 2264 2125 2324 ut
2151 2262 2346 2326 homo
2391 2262 2622 2327 habeat
2648 2265 2774 2328 tria
2804 2265 3092 2348 opposita
3129 2290 3145 2332 ι
3186 2275 3259 2334 ut
3297 2272 3493 2337 homo
3521 2273 3603 2338 sit
3679 2278 3795 2318 ΜΘ·

2051 2370 2399 2452 subjectus,
2431 2375 2663 2450 castnS,
2691 2376 2755 2435 et
2779 2392 3044 2457 pauper3
3068 2379 3132 2439 et
3147 2376 3239 2441 sic
3264 2384 3601 2461 amputan-
3625 2340 3842 2474 tffiitossm

2047 2480 2158 2541 tur
2182 2478 2425 2542 radices
2468 2479 2859 2560 passionum,
2900 2499 3047 2545 cum
3076 2482 3098 2517 ⁸
3130 2506 3161 2543 α
3195 2488 3449 2569 tempus
3472 2507 3596 2571 pu·
3663 2463 3808 2571 ἲξῖξῗ

2048 2584 2303 2648 tationis
2348 2585 2627 2665 advenit,
2657 2609 2688 2646 n
2732 2587 2885 2670 quia
2924 2588 3212 2673 qualibet
3254 2591 3356 2657 die
3383 2594 3596 2676 pullu-

2048 2689 2204 2755 lant.
2239 2692 2532 2759 Secunda
2558 2698 2655 2759 est
2680 2694 2951 2760 discreta
2978 2698 3350 2765 confortatio
3388 2724 3403 2764 ε
3437 2702 3601 2767 sicut

2047 2799 2222 2862 enim
2254 2799 2487 2883 triplex
2513 2800 2708 2867 libido
2735 2803 2884 2867 facit
2922 2805 3306 2887 pronitatem
3345 2808 3427 2873 ad
3453 2828 3597 2875 ma-

2046 2905 2210 2984 lum,
2242 2907 2332 2970 sic
2358 2907 2590 2991 triplex
2619 2909 2961 2976 infirmitas
2987 2912 3136 2978 facit
3161 2914 3600 2981 difficultatem

2046 3013 2128 3076 ad
2151 3013 2421 3079 bonum.
2447 3013 2600 3081 Haec
2619 3021 2838 3082 autem
2856 3024 2950 3085 est
2966 3020 3330 3103 infirmitaS,
3360 3024 3598 3089 scilicet

2045 3121 2491 3206 negligentiae,
2534 3124 2967 3210 impatientiae,
3019 3129 3404 3197 ditfldentiae.
3440 3132 3593 3211 Qui-

2045 3229 2196 3293 dam
2221 3231 2311 3295 ita
2336 3237 2488 3297 sunt
2524 3234 2963 3318 negligentes,
3012 3241 3088 3301 ut
3121 3238 3361 3304 durum
3387 3240 3469 3304 sit
3505 3240 3597 3305 eis

2043 3337 2249 3404 facere
2298 3341 2573 3421 bonum;
2626 3344 2912 3422 secundi,
2943 3346 3019 3408 ut
3054 3345 3177 3410 cito
3215 3346 3343 3410 sint
3388 3348 3592 3431 impa-

2045 3447 2292 3528 tientes3
2313 3450 2509 3529 tertii,
2524 3451 2640 3515 etsi
2660 3451 2789 3517 duo
2808 3454 3137 3535 praemissa
3149 3457 3539 3523 nonhabean
3548 3464 3592 3538 t,

2042 3559 2260 3620 tamen
2282 3557 2603 3623 diffidunt.
2637 3557 2895 3643 Oportet
2920 3579 3077 3643 ergo
3104 3581 3218 3645 per
3244 3566 3475 3630 mentis
3501 3568 3597 3631 vi-

2045 3662 2405 3745 gilantiam,
2451 3665 2889 3744 tolerantiam,
2933 3669 3402 3752 confidentiam,
3450 3675 3590 3738 ani-

2040 3788 2218 3835 mam
2232 3772 2602 3838 reformari:
2632 3777 2695 3838 et
2722 3774 2873 3840 huic
2900 3777 3243 3859 respondet
3267 3779 3423 3846 ordo
3451 3782 3587 3847 vir-

2039 3879 2275 3942 tutum.
2303 3877 2605 3962 Sequitur
2619 3880 2888 3946 discreta
2904 3885 3271 3950 convocatio
3297 3908 3312 3951 :
3336 3890 3591 3971 quando

2040 4002 2227 4049 mens
2249 3990 2345 4051 est
2368 3987 2661 4052 ordinata
2687 3989 2855 4055 sicut
2872 3985 3169 4073 Ecclesia,
3192 3996 3449 4078 quando
3473 3997 3587 4062 ha·

2040 4090 2150 4155 bet
2175 4095 2546 4173 potestatem
2587 4113 2781 4180 supra
2818 4118 2907 4179 se,
2949 4103 3102 4164 tunc
3138 4107 3232 4166 est
3274 4104 3589 4187 templum

2038 4198 2183 4281 Dei3
2208 4201 2464 4284 quando
2490 4205 2877 4284 dominatur,
2905 4212 2970 4272 et
2992 4209 3265 4293 imperat
3291 4213 3590 4278 omnibus

2038 4308 2308 4389 viribus,
2332 4316 2487 4374 tunc
2499 4315 2841 4396 respondet
2860 4318 2998 4395 ejus
3009 4317 3368 4385 hierarchia
3385 4320 3591 4385 Domi·

2037 4415 2405 4481 nationibus
2428 4439 2449 4497 3
2498 4420 2757 4501 quando
2814 4422 3085 4488 virtutes
3148 4432 3460 4491 vocantur
3508 4428 3590 4492 ad

2038 4540 2234 4605 opera
2277 4542 2418 4604 sua,
2459 4525 2621 4590 dicet
2662 4527 2857 4593 huic:
2906 4529 3035 4594 Fac
3073 4537 3146 4597 tu
3169 4534 3325 4612 hoc;
3357 4537 3421 4597 et
3443 4534 3536 4597 illi
3568 4557 3584 4599 ε

2037 4630 2166 4695 Fac
2193 4635 2264 4696 tu
2289 4632 2468 4697 illud.
2495 4635 2595 4699 Ad
2638 4636 2762 4701 hoc
2801 4641 3022 4703 autem
3063 4640 3452 4719 faciendum,
3484 4660 3591 4707 ne-

2038 4757 2213 4804 cesse
2241 4744 2339 4805 est
2362 4745 2437 4805 ut
2457 4742 2820 4808 dominetur
2847 4747 3252 4829 appetitibus,
3282 4748 3588 4830 phantas-

2039 4846 2338 4926 matibuS,
2369 4852 2432 4911 et
2461 4850 3005 4932 occupationibus.
3048 4852 3127 4916 Et
3152 4859 3304 4918 tunc
3325 4858 3423 4919 est
3448 4855 3592 4919 ani-

2039 4974 2149 5021 ma
2174 4955 2435 5021 domina
2459 4957 2582 5036 sui,
2615 4941 2870 5040 quando
2889 4962 3363 5044 concupiscibili
3384 4965 3592 5030 aufer-

2038 5067 2149 5130 tur
2177 5065 2690 5148 concupiscentia
2707 5067 2969 5151 triplex;
2994 5069 3291 5135 irascibili
3306 5072 3592 5139 aufertur

2039 5171 2378 5237 infirmitas
2422 5172 2688 5256 triplex;
2743 5175 3041 5241 rationali
3082 5178 3371 5246 aufertur
3411 5200 3593 5248 error

2039 5279 2293 5365 triplex.
2306 5279 2488 5346 Tunc
2502 5283 2717 5348 anima
2729 5283 2922 5349 habet
2935 5285 3280 5372 imperium
3297 5289 3368 5354 in
3383 5307 3592 5372 regno

2104 5410 2177 5474 (a)
2205 5408 2265 5459 101
2295 5415 2369 5459 est
2397 5412 2561 5462 Deum
2589 5412 3021 5478 contemplamur.

3275 5512 3354 5572 10
