4196 6294
1565 447 1924 516 PSALMUS
1968 447 2228 516 CXVIII.

798 663 1082 722 Articulus
1118 659 1332 717 tertius.

367 788 620 847 Tertium
656 789 1003 859 denotatur,
1043 801 1180 843 cum
1214 777 1483 856 psallitur
1513 795 1528 833 :
1560 775 1837 844 Justifica-

303 887 471 942 tiones
500 888 641 941 tuas.
678 881 1122 942 iustificationes
1153 877 1276 935 istae
1303 875 1440 931 sunt
1466 867 1840 944 operationes

297 979 494 1050 J‘ustae‚
531 976 751 1051 quibus
780 973 1282 1034 remunerationes
1314 969 1484 1042 justoe
1517 960 1842 1067 reddendae

304 1076 469 1144 sunt,
493 1089 619 1130 non
651 1073 898 1147 injustae.
935 1070 1101 1129 Tales
1130 1063 1576 1142 justificationes
1600 1058 1846 1133 deponit

300 1167 492 1238 iustus
535 1167 697 1240 apud
739 1170 953 1238 Deum,
985 1168 1042 1223 et
1084 1166 1235 1220 Deus
1274 1157 1439 1234 apud
1480 1171 1618 1213 eum
1650 1171 1665 1210 ε
1703 1167 1846 1208 nam

308 1262 457 1317 Deus
485 1259 729 1334 deponit
747 1258 909 1333 apud
931 1258 1155 1330 justum
1182 1270 1305 1326 eaS,
1329 1251 1408 1310 ad
1437 1245 1844 1324 operandum;

310 1358 366 1411 et
384 1354 575 1425 ,iustus
601 1353 848 1427 deponit
874 1351 1037 1425 apud
1072 1352 1262 1407 Deum
1299 1347 1603 1420 operatas,
1644 1339 1725 1397 ad
1759 1353 1851 1442 re-

310 1446 764 1505 munerandum.
806 1443 1143 1503 Notandum
1173 1455 1471 1514 namque,
1501 1434 1668 1510 quod
1691 1433 1855 1505 Justi-

313 1542 616 1601 ficationes
645 1539 936 1614 ejusmodi
977 1538 1196 1596 debent
1241 1530 1555 1601 custodiri,
1582 1545 1704 1586 non
1746 1527 1851 1584 de-

316 1637 459 1709 seri,
486 1636 591 1693 sed
613 1634 857 1710 requiri.
888 1632 1135 1704 Qumis,
1163 1645 1287 1703 quo
1313 1625 1541 1685 modo?
1572 1621 1854 1727 custodiri

318 1731 657 1806 operandO,
683 1746 808 1787 non
836 1727 1028 1785 deseri
1056 1722 1434 1793 temerando;
1461 1720 1568 1777 sed
1594 1717 1816 1793 requiri
1839 1760 1853 1785 ,

318 1824 856 1883 remunerationem
882 1821 1203 1896 sperand0.
1240 1822 1318 1876 De
1350 1815 1546 1891 primo
1578 1816 1594 1849 ¹
1632 1831 1646 1869 :
1685 1834 1711 1864 «
1739 1813 1860 1868 Jus-

322 1917 666 1976 tificationes
704 1921 836 1975 tuas
871 1915 1200 1974 custodiam
1242 1930 1257 1970 :
1288 1931 1318 1965 n
1351 1926 1486 1967 ecce
1519 1905 1858 1982 justificatio

323 2013 611 2071 custodita
638 2011 965 2086 operando.
1010 2013 1088 2066 De
1125 2005 1388 2064 secundo
1412 2002 1476 2061 ἐ
1514 2021 1543 2056 α
1577 1999 1863 2059 iustifica-

321 2108 542 2165 tionem
570 2122 799 2177 meam,
840 2120 1024 2178 quam
1061 2100 1214 2176 coepi
1255 2104 1488 2169 tenere,
1530 2112 1653 2154 non
1690 2094 1861 2151 dese-

323 2217 488 2259 ram:
510 2220 538 2255 n
563 2215 697 2258 ecce
716 2197 1054 2272 justificatio
1082 2212 1207 2255 non
1235 2195 1469 2253 deserta
1494 2187 1862 2250 temerand0.

325 2298 402 2354 De
430 2295 601 2353 tertio
633 2297 655 2332 ³
688 2315 702 2354 ε
738 2313 766 2348 α
804 2292 1253 2351 iustificationes
1291 2293 1419 2346 tuas
1452 2283 1754 2361 requiram
1784 2301 1798 2339 2
1830 2303 1858 2334 »

327 2405 459 2448 ecce
483 2388 823 2463 justificatio
847 2386 1152 2461 requisita,
1173 2381 1713 2443 remunerationem
1741 2391 1871 2451 spe-

327 2484 534 2542 raudo.

817 2554 1104 2611 Articulus
1131 2556 1379 2623 quartus.

399 2674 681 2744 Quartum
722 2671 1186 2741 demonstratur,
1230 2683 1370 2725 cum
1408 2664 1673 2739 sequitur
1702 2680 1717 2719 ε
1748 2663 1871 2720 Non

328 2763 446 2825 sum
473 2769 704 2833 oblitus‚·
740 2764 912 2839 quasi
952 2764 1109 2821 dicat
1137 2782 1152 2820 ε
1182 2762 1312 2820 Scio
1354 2759 1449 2818 cui
1477 2756 1735 2827 credidi,
1763 2770 1873 2813 nec

332 2860 619 2920 oblivioni
672 2858 889 2917 tradidi
926 2900 946 2929 ,
997 2857 1147 2932 quid
1205 2857 1258 2913 ei
1312 2852 1557 2912 credidi.
1617 2849 1876 2921 Qualiter

335 2955 491 3012 enim
536 2953 665 3012 dari
710 2955 908 3028 posset
961 2950 1251 3009 oblivioni
1296 2947 1585 3023 possessio
1613 2990 1632 3018 ‚
1681 2942 1832 3001 visio
1855 2984 1875 3013 ,

333 3047 529 3106 fruitio
559 3046 775 3105 summi
801 3045 986 3104 boni?
1012 3044 1127 3103 Sed
1157 3049 1332 3114 nota,
1371 3040 1535 3116 quod
1571 3038 1741 3097 multi
1782 3052 1876 3094 re-

335 3142 639 3217 periuntur
666 3140 827 3199 illius
855 3140 1055 3212 obliti,
1089 3138 1233 3214 quia
1257 3133 1661 3210 multipliciter
1689 3131 1879 3205 impe-

337 3236 461 3294 diti.
491 3240 636 3295 Nam
677 3235 776 3294 alii
818 3237 955 3291 sunt
990 3233 1160 3291 obliti
1198 3231 1414 3290 divinae
1451 3225 1836 3304 possessionis
1857 3268 1874 3295 ,

337 3331 436 3388 alii
462 3329 707 3388 visionis
718 3372 739 3401 ,
768 3328 869 3388 alii
901 3326 1233 3398 fruitionis;
1264 3326 1408 3400 quia
1446 3327 1582 3381 sunt
1608 3319 1879 3395 impediti

339 3426 587 3501 quidam
628 3424 875 3484 avaritia
920 3420 1261 3496 temporali,
1304 3419 1554 3495 quidam
1596 3415 1897 3488 animali,

339 3520 587 3595 quidam
613 3518 856 3578 lascivia
885 3517 1201 3592 corporali.
1236 3519 1313 3573 De
1340 3514 1534 3589 primo
1571 3515 1593 3547 ¹·
1627 3531 1641 3569 ε
1672 3532 1699 3565 α
1721 3508 1880 3568 Obli-

340 3619 432 3673 tus
476 3619 562 3672 est
600 3613 778 3672 lsrael
820 3612 1055 3670 factoris
1099 3610 1223 3683 sui,
1261 3612 1320 3667 et
1361 3605 1676 3666 oedificavit
1714 3604 1883 3663 delu-

341 3709 452 3767 bra
484 3727 498 3765 :
529 3729 556 3762 »ι
593 3723 728 3766 ecce
765 3705 1088 3764 oblivionis
1130 3719 1306 3762 causa
1320 3746 1339 3776 ‚
1370 3699 1710 3777 temporalis
1745 3714 1886 3757 ava-

341 3804 494 3874 ritia,
513 3818 645 3877 quae
666 3801 878 3860 dicitur
896 3798 1257 3868 idololatria,
1270 3796 1551 3872 Apostolo
1577 3795 1806 3853 dicente
1821 3794 1844 3828 ⁸
1867 3811 1882 3852 ι

349 3916 379 3951 ι
406 3896 698 3968 Avaritia,
745 3911 879 3968 quae
924 3898 1010 3951 est
1050 3892 1504 3951 simulacrorum
1550 3888 1818 3947 servitus,
1850 3907 1879 3939 n

347 3994 422 4048 De
449 3990 713 4048 secundo
742 3990 764 4024 ⁶
793 4007 808 4046 :
847 4008 875 4043 α
904 3987 1161 4062 Repulsa
1189 3989 1275 4044 est
1299 3985 1499 4044 anima
1539 3999 1705 4055 mea,
1729 3979 1886 4040 obli-

347 4089 437 4143 tus
457 4102 589 4143 sum
611 4084 911 4142 bonorum
941 4100 956 4139 ε
986 4103 1016 4137 »
1051 4098 1185 4140 ecce
1214 4063 1533 4139 oblivi'onis
1563 4093 1741 4137 causa
1768 4076 1893 4135 ani-

347 4181 519 4239 malis
548 4180 813 4238 avaritia.
844 4182 923 4236 De
965 4178 1167 4250 tertio,
1194 4176 1299 4235 ubi
1326 4174 1541 4233 dicitur
1572 4174 1648 4232 de
1688 4173 1889 4231 anima

347 4266 651 4349 impudica
679 4277 702 4311 ⁷
734 4292 749 4331 ε
786 4292 814 4327 α
840 4271 1099 4347 Reliquit
1131 4271 1348 4328 ducem
1380 4267 1704 4343 pubertatis
1736 4283 1887 4340 suae,

350 4375 406 4430 et
448 4369 604 4445 pacti
644 4370 745 4428 Dei
786 4368 878 4427 sui
919 4366 1104 4427 oblita
1147 4369 1278 4425 est:
1311 4387 1339 4420 ι»
1388 4381 1522 4423 ecce
1569 4362 1890 4429 oblivionis

351 4481 526 4523 causa
556 4462 880 4538 corporalis
914 4460 1179 4521 lascivia.

990 4621 1247 4687 Epilogus.

423 4748 512 4807 Ait
547 4764 689 4822 ergo
726 4746 1043 4821 Propheta,
1084 4748 1371 4818 tanquam
1414 4757 1673 4817 persona
1710 4740 1772 4798 in
1801 4740 1894 4798 di-

353 4844 492 4902 vino
515 4841 743 4917 judicio
772 4838 1117 4899 constituta:
1149 4838 1593 4897 Adolescentulus
1622 4851 1738 4893 sum
1768 4851 1891 4909 eqo,

356 4942 643 5012 quantum
686 4936 765 4994 ad
790 4932 1181 4993 humilitatem
1225 4929 1608 5005 implicitam,
1637 4947 1773 5005 quoe
1812 4934 1899 4987 est

354 5031 584 5090 bonum
627 5030 871 5089 interius
881 5048 900 5102 3
946 5031 1019 5085 Et
1063 5031 1389 5099 contemptus
1423 5067 1444 5096 ,
1486 5029 1775 5100 quantum
1818 5023 1898 5082 ad

355 5125 746 5185 humilitatem
773 5121 1140 5198 explicitam,
1167 5135 1301 5195 quoe
1331 5123 1417 5178 est
1458 5119 1689 5179 bonum
1737 5122 1897 5177 exte-

356 5218 477 5277 rius
492 5239 510 5294 3
556 5221 976 5293 ,iustificationes
1016 5220 1135 5275 tuas
1152 5258 1171 5288 ,
1214 5217 1505 5289 quantum
1552 5215 1633 5274 ad
1676 5230 1898 5273 merce-

423 5348 440 5382 ¹
459 5348 595 5400 Paul.
616 5348 737 5412 boc,
757 5350 803 5398 9.
826 5372 889 5386 -
908 5347 933 5383 ¹
950 5344 1061 5407 Job,
1088 5352 1254 5409 xxvn,
1280 5345 1331 5394 6.
1353 5369 1416 5381 —
1435 5340 1458 5375 θ
1477 5342 1616 5393 Psal.
1639 5342 1761 5406 hoc,
1790 5345 1899 5395 145.

363 5443 420 5454 -
448 5419 472 5454 δ
498 5420 627 5482 ote„
650 5431 766 5483 vm,
790 5421 866 5471 14.
886 5443 949 5461 --
973 5419 996 5453 ⁸
1019 5415 1230 5479 σώσει,
1262 5426 1344 5479 ιιι,
1370 5416 1419 5466 5.
1447 5438 1511 5452 -—
1538 5417 1557 5447 ⁸
1590 5412 1794 5469 Thr-en..
1819 5426 1899 5479 ιιι,

3368 463 3487 530 499

1948 587 2088 646 dem
2141 586 2472 662 depositam
2496 629 2515 659 ,
2560 602 2693 661 quoe
2751 593 2836 648 est
2889 591 3122 652 bonum
3174 600 3485 676 superius3

1948 684 2070 742 Non
2096 697 2216 739 sum
2244 682 2440 739 oblitus
2458 724 2481 753 ,
2505 687 2795 756 quantum
2822 684 2902 743 ad
2926 703 3094 762 spem
3133 693 3488 770 repositam,

1950 792 2085 850 quoe
2114 778 2199 834 est
2226 776 2457 835 bonum
2483 777 2745 837 inferius

2484 1000 2817 1047 vtnsrcums
2849 1005 2973 1051 nv.

2033 1153 2159 1208 142.
2213 1154 2445 1211 lustitia
2495 1161 2593 1213 tua
2612 1198 2634 1228 ,
2680 1159 2909 1229 ,iustitia
2952 1164 3014 1217 in
3057 1168 3347 1240 oeternum,
3386 1173 3496 1227 etc.

1961 1245 2318 1305 Sententiam
2343 1248 2659 1308 humilium
2688 1252 3127 1314 sublimativam
3162 1262 3502 1332 praecedens

1963 1354 2165 1398 versus
2193 1342 2499 1416 exposuit3
2531 1345 2881 1405 sententiam
2922 1349 3270 1410 sublimium
3309 1353 3505 1412 humi-

1965 1433 2230 1493 liativam
2257 1452 2512 1510 praesens
2548 1454 2749 1499 versus
2787 1443 3049 1516 exponit.
3081 1447 3227 1504 Nam
3253 1449 3507 1523 Prophe-

1966 1531 2054 1601 ta,
2082 1532 2370 1603 tanquam
2420 1548 2680 1592 assessor
2720 1536 2936 1594 summi
2978 1538 3197 1609 judicis
3221 1585 3241 1614 ,
3283 1547 3509 1602 senten-

1966 1622 2111 1680 tiam
2169 1625 2571 1685 continuatam
2591 1673 2604 1684 .
2622 1634 2677 1686 et
2723 1630 3135 1692 confirmatam
3189 1652 3367 1708 super
3419 1639 3512 1696 his

1969 1717 2298 1777 luculenter
2341 1721 2544 1780 recita't
2597 1739 2775 1798 super
2827 1726 2918 1783 his
2973 1729 3173 1786 verbis
3211 1750 3226 1788 ε
3278 1734 3513 1792 lustitia

1974 1817 2071 1869 tua
2090 1854 2110 1884 ,
2139 1817 2274 1887 etc.,
2303 1816 2473 1891 quasi
2504 1816 2662 1877 dicat
2677 1839 2696 1891 3
2725 1821 2886 1878 iusta
2923 1826 3009 1881 est
3048 1826 3333 1885 sententia
3372 1844 3515 1887 con-

1973 1907 2401 1986 demnationis3
2426 1913 2584 1985 justa
2619 1916 2904 1975 sententia
2931 1919 3428 1999 continuationis;
3459 1930 3517 1985 et

1975 2002 2074 2060 lex
2102 2008 2215 2062 tuae
2241 2007 2716 2066 comminationis
2753 2014 2839 2069 est
2872 2012 3087 2072 veritas
3115 2017 3516 2079 confirmatio-

1976 2096 2087 2154 nis.
2130 2101 2259 2156 Haec
2293 2099 2520 2159 notavit
2560 2103 2861 2163 Psalmista
2897 2122 3006 2180 per
3041 2114 3298 2183 quatuor
3332 2113 3520 2174 verba

1977 2190 2087 2249 ista
2119 2209 2133 2249 ε
2164 2208 2271 2266 per
2310 2194 2632 2268 justitiam,
2682 2213 2790 2270 per
2832 2200 3243 2275 aeternitatem,
3281 2222 3389 2279 per
3431 2208 3519 2266 le-

1979 2301 2147 2358 gem,
2171 2303 2278 2360 per
2306 2287 2642 2361 veritatem3
2672 2291 2815 2365 quia
2840 2293 3103 2367 profecto
3135 2298 3215 2356 ad
3236 2299 3522 2372 J‘ustitiam

1978 2383 2202 2454 spectat
2229 2382 2677 2456 condemnatio,
2707 2384 2790 2443 ad
2813 2390 3193 2450 oeternitatem
3215 2396 3524 2456 continua-

1979 2474 2061 2533 tio
2076 2515 2097 2544 ,
2128 2474 2208 2532 ad
2235 2475 2429 2549 legem
2464 2479 2878 2552 comminatio,
2917 2483 2998 2542 ad
3035 2486 3340 2549 veritatem
3379 2508 3524 2551 con-

1979 2567 2255 2628 firmatio.

2477 2646 2763 2705 Articulus
2795 2653 3027 2722 primus.

2054 2760 2287 2816 lustitia
2315 2764 2430 2818 tua.
2456 2764 2585 2819 llaec
2608 2767 2693 2822 est
2713 2765 2966 2839 justitia,
2988 2784 3122 2842 quae
3148 2771 3525 2849 condemnat,

1988 2850 2135 2909 dum
2161 2853 2452 2928 superbos
2477 2855 2780 2930 humiliat,
2809 2875 2934 2919 non
2975 2862 3055 2920 ad
3082 2865 3489 2936 poenitentiam
3507 2913 3527 2943 ,

1987 2944 2094 3003 sed
2121 2946 2200 3004 ad
2226 2962 2487 3022 poenam.
2526 2951 2593 3008 Et
2618 2956 2790 3023 nota,
2817 2955 2984 3027 quod
3022 2956 3148 3016 hoec
3185 2959 3407 3032 J'ustitia
3435 2962 3530 3020 di·

1988 3039 2138 3097 citur
2182 3039 2246 3097 in
2286 3041 2580 3116 Scriptura
2620 3047 3015 3107 memoranda
3033 3093 3053 3122 ,
3090 3055 3493 3115 mensuranda
3511 3099 3531 3129 ,

1987 3134 2328 3195 revelanda.
2361 3136 2581 3207 Quaeris
2624 3140 2887 3215 quibus?
2913 3147 3306 3207 memoranda
3330 3150 3536 3210 viven-

1991 3229 2177 3303 tibus,
2205 3233 2606 3293 mensuranda
2636 3236 3057 3312 morientibuS,
3093 3243 3416 3303 revelanda
3440 3262 3535 3304 re-

1990 3326 2384 3397 surgentibus
2432 3330 2509 3385 De
2554 3328 2750 3403 primo
2797 3332 3106 3405 psallimus
3133 3338 3156 3372 ⁸
3186 3355 3202 3394 :
3237 3357 3265 3392 α
3291 3339 3533 3400 Domine

1992 3420 2376 3479 memorabor
2397 3422 2631 3494 justitiae
2668 3428 2782 3482 tuae
2824 3426 3008 3486 solius
3025 3448 3044 3502 3
3076 3450 3107 3486 ιι
3138 3446 3275 3490 ecce
3312 3434 3536 3506 justitia

1993 3515 2402 3573 memoranda.
2435 3518 2513 3574 De
2548 3519 2812 3577 secundo
2841 3520 2863 3555 ⁹
2892 3539 2908 3577 ε
2949 3541 2979 3577 α
3018 3525 3242 3584 Ponam
3281 3527 3346 3586 in
3389 3546 3540 3603 pon-

1995 3605 2136 3665 dere
2159 3608 2483 3681 judicium,
2510 3614 2568 3669 et
2587 3612 2872 3685 justitiam
2897 3615 2961 3674 in
2987 3633 3266 3679 mensura
3298 3641 3313 3680 :
3339 3642 3368 3679 r
3402 3640 3537 3683 ecce

1988 3700 2212 3772 justitia
2240 3701 2302 3760 in
2347 3704 2688 3778 particulari
2727 3708 2955 3781 judicio
2997 3716 3419 3776 mensuranda.
3460 3722 3539 3778 De

1995 3795 2164 3854 tertio
2194 3798 2237 3834 ¹⁰
2263 3816 2278 3855 ε
2314 3817 2344 3853 α
2371 3799 2749 3861 Revelabitur
2775 3805 2946 3878 quasi
2972 3822 3131 3882 aqua
3147 3809 3462 3885 judicium,
3485 3819 3543 3872 et

1990 3889 2243 3965 J'ustitia,
2278 3892 2451 3967 quasi
2490 3898 2719 3955 torrens
2756 3897 2960 3958 fortis:
2992 3922 3021 3955 »ι
3054 3918 3189 3962 ecce
3229 3905 3453 3978 justitia
3478 3909 3542 3967 in

1998 3984 2262 4057 generali
2284 3986 2512 4059 judicio
2541 3991 2880 4052 revelanda.

2466 4146 2752 4206 Articulus
2786 4151 3068 4211 secundus.

2070 4269 2301 4327 Justitia
2348 4274 2410 4328 in
2453 4278 2712 4333 oeternum
2743 4294 2765 4333 .·
2811 4279 2941 4337 Haec
2996 4285 3084 4340 est
3120 4285 3343 4357 justitia
3365 4329 3388 4361 ,
3425 4306 3548 4365 qua

2002 4362 2557 4425 condemnationem
2596 4370 2900 4432 continuat
2944 4390 3068 4434 non
3112 4378 3177 4436 in
3214 4381 3549 4458 quinquen-

2002 4455 2201 4529 nium,
2232 4459 2326 4518 vel
2345 4460 2763 4537 decennium,
2782 4466 2891 4525 sed
2926 4468 2989 4527 in
3015 4475 3318 4534 aeternum.
3351 4478 3395 4535 Ο
3418 4478 3548 4550 J'us-

2003 4549 2129 4610 titia
2150 4552 2546 4625 permirabilis
2563 4597 2585 4627 ,
2614 4562 2670 4617 et
2695 4560 3156 4636 permirabiliter
3196 4567 3547 4631 formidabi-

2004 4643 2076 4703 lis
2104 4688 2124 4717 ,
2170 4648 2335 4719 cujus
2369 4649 2623 4723 qualitas
2673 4652 3062 4716 intolerabilis
3079 4702 3101 4733 ,
3146 4665 3204 4719 et
3251 4665 3548 4739 quantitas

2007 4740 2490 4801 interminabilis!
2537 4749 2604 4804 Et
2652 4752 2796 4807 nota
2820 4794 2840 4822 ,
2878 4754 3047 4826 quod
3100 4757 3390 4818 oeternitas
3445 4760 3551 4821 illa

2006 4834 2241 4894 videtur
2289 4836 2465 4896 nimis
2512 4840 2785 4900 terribilis
2830 4851 3072 4921 propter
3104 4851 3263 4911 tria:
3310 4859 3552 4929 propter

2008 4935 2292 4990 aeternum
2318 4933 2611 5008 laborem,
2632 4943 2872 5013 propter
2896 4946 3182 5004 aeternum
3206 4945 3518 5007 horrorem
3531 4994 3550 5024 ,

2010 5030 2066 5083 et
2106 5031 2347 5101 propter
2391 5032 2678 5088 aeternum
2718 5048 3075 5111 moerorem;
3115 5041 3407 5115 quoniam
3447 5045 3557 5104 erit

2008 5120 2184 5179 labor
2211 5124 2441 5180 oeternoe
2465 5125 2823 5197 poenalitatis
2835 5171 2856 5203 ,
2886 5129 3100 5191 horror
3138 5138 3367 5196 aeternae
3392 5140 3554 5200 tene-

2010 5214 2340 5291 mositatis,
2367 5234 2590 5278 moeror
2634 5223 2984 5285 aeternaliter
3021 5228 3268 5302 perditoe
3307 5233 3555 5295 coelestis

2015 5345 2092 5395 17.
2120 5370 2183 5383 -
2218 5346 2233 5376 ⁷
2262 5347 2430 5408 Prov„
2463 5359 2532 5410 ιι,
2567 5352 2642 5402 18.
2671 5377 2733 5392 -—
2766 5354 2784 5384 ⁸
2807 5354 2981 5419 From,
3014 5368 3152 5424 Lxx,
3186 5362 3260 5411 16.
3292 5386 3352 5400 -—
3389 5364 3409 5394 ⁸
3436 5362 3559 5429 Ita„

2011 5428 2199 5480 xxvm,
2233 5420 2309 5469 17.
2338 5446 2399 5460 -
2430 5421 2469 5458 ¹⁸
2486 5422 2675 5488 Amos„
2705 5437 2755 5490 v,
2780 5428 2858 5478 24.
