4196 6294
1708 418 1964 486 CAPUT
2009 418 2108 486 tx.

318 568 630 651 qratiam,
658 584 698 631 a
720 584 821 645 se,
853 565 961 630 sed
989 582 1028 629 a
1054 563 1179 627 Deo
1201 564 1260 623 ¹:
1296 582 1328 621 «ι
1357 554 1849 622 Misericordiam

320 679 384 740 et
413 675 745 739 veritatem
788 672 1003 754 diligit
1045 670 1212 735 Deus
1233 717 1248 743 ‚
1278 666 1554 749 gratiam
1595 668 1657 726 et
1702 660 1852 743 glo-

320 781 483 845 riam
527 781 699 845 dabit
735 770 1068 845 Dominus,
1109 799 1140 836 n
1171 775 1494 853 Quantum
1531 774 1745 833 autem
1773 768 1854 832 ad

322 890 639 953 malorum
698 887 1174 954 damnationem
1235 881 1545 947 occultam
1577 925 1594 955 ,
1640 876 1790 941 dicit
1834 895 1851 937 ε

322 996 536 1063 Nescit
569 997 746 1064 homo
784 997 974 1076 finem
998 1011 1188 1060 suum
1212 994 1236 1028 ²
1269 1013 1283 1054 :
1315 1012 1346 1051 α
1372 987 1488 1053 Via
1508 986 1856 1067 impiorum

322 1105 674 1168 tenebrosa.
704 1126 735 1162 n
772 1104 949 1169 Sicut
976 1104 1178 1184 pisces
1215 1099 1398 1164 hamo
1416 1143 1437 1175 ,
1472 1094 1538 1159 id
1584 1097 1711 1173 est,
1741 1108 1858 1157 vo·

322 1208 642 1292 luptuosi,
668 1211 780 1294 qui
820 1210 1159 1293 capiuntur
1187 1207 1381 1269 hamo
1411 1199 1755 1283 voluptatis
1786 1202 1809 1238 ⁸
1837 1220 1853 1261 ι

333 1341 364 1380 <1
393 1317 624 1384 Totum
651 1319 721 1382 in
748 1318 940 1408 hamo
968 1336 1086 1382 suo
1117 1312 1497 1380 sublevavit.
1528 1333 1558 1370 ι)
1591 1310 1674 1375 Et
1693 1309 1863 1374 sicut

326 1444 476 1494 aves
502 1428 720 1511 laqueo
737 1476 754 1507 ,
788 1427 852 1492 id
882 1430 1014 1505 est,
1043 1421 1358 1489 ambitiosi
1399 1421 1626 1503 laqueo
1665 1420 1859 1481 hono-

325 1535 414 1599 ris
447 1536 470 1571 ⁸
503 1551 522 1596 ε
568 1559 598 1597 α
638 1534 780 1599 Non
819 1534 1218 1617 neophytum
1237 1579 1257 1610 ‚
1284 1549 1367 1595 ne
1395 1530 1464 1592 in
1491 1525 1858 1609 superbiam

328 1644 562 1720 elatus,
593 1646 662 1707 in
695 1643 1010 1726 judicium
1047 1641 1316 1717 incidat,
1347 1643 1410 1702 et
1455 1637 1524 1700 in
1563 1636 1863 1717 laqueum

328 1750 582 1815 diaboli.
621 1773 652 1810 n
705 1749 809 1816 Sic
855 1751 1201 1832 capiuntur
1242 1746 1523 1814 homines
1545 1791 1563 1823 ,
1616 1742 1682 1807 id
1729 1741 1823 1805 est
1844 1787 1863 1817 ,

331 1858 538 1937 avari,
568 1859 642 1925 in
677 1863 942 1941 tempore
979 1857 1145 1923 malo
1172 1857 1194 1892 ⁸
1227 1877 1243 1919 ε
1284 1877 1316 1915 α
1340 1854 1527 1918 Dives
1555 1867 1704 1915 cum
1726 1848 1869 1912 dor-

332 1965 576 2045 mierit,
615 1965 778 2030 nihil
812 1983 1028 2031 secum
1064 1964 1326 2029 auferet.
1359 1981 1389 2021 1>
1423 1960 1635 2025 Potest
1671 1955 1867 2020 dubi-

335 2071 455 2134 tari
483 2072 560 2136 de
585 2072 709 2137 hoc
748 2073 914 2154 quod
961 2071 1108 2136 dicit
1139 2091 1156 2134 ι
1203 2068 1355 2136 Vidi
1394 2069 1471 2133 in
1512 2071 1782 2146 tempore
1810 2067 1869 2127 et

335 2195 552 2245 casum
581 2181 658 2245 in
684 2179 1012 2258 omnibus;
1050 2196 1211 2259 ergo
1251 2174 1603 2240 secundum
1631 2171 1755 2234 hoc
1780 2168 1871 2234 vi-

337 2286 561 2367 detur,
587 2287 757 2370 quod
784 2286 1000 2351 omnia
1024 2303 1174 2350 casu
1205 2283 1525 2349 eveniant.
1560 2277 1682 2343 Sed
1717 2294 1872 2341 con-

338 2399 438 2458 tra
477 2393 727 2459 videtur
761 2441 777 2473 ,
826 2393 997 2475 quod
1036 2410 1167 2457 non
1215 2389 1433 2454 omnia
1477 2406 1627 2452 casu
1652 2433 1673 2466 ,
1720 2384 1873 2467 quia

340 2519 486 2583 quae
527 2501 832 2566 eveniunt
875 2499 1228 2564 secundum
1270 2496 1667 2581 propositum
1688 2542 1711 2574 ,
1742 2509 1873 2557 non

344 2607 655 2674 eveniunt
680 2626 833 2671 casu
861 2629 877 2670 :
907 2608 1017 2672 sed
1045 2606 1245 2671 multa
1270 2606 1439 2669 fiunt
1477 2622 1559 2667 ex
1594 2600 1873 2685 proposi-

342 2721 443 2779 to:
467 2734 627 2797 ergo
654 2732 785 2779 non
804 2714 1024 2779 omnia
1047 2732 1218 2777 casu.
1251 2712 1568 2777 Praeterea
1591 2708 1873 2786 videtur,

345 2823 518 2905 quod
544 2822 611 2886 in
637 2822 832 2886 nullis
860 2822 942 2885 sit
968 2840 1181 2900 casuS‚
1205 2820 1385 2904 quia,
1406 2821 1482 2883 ut
1506 2817 1656 2882 dicit
1673 2815 1870 2896 Plato,

345 2927 506 2992 nihil
526 2932 623 2993 est
647 2932 879 3011 praeter
917 2928 1195 3011 primam
1234 2943 1491 2991 causam
1513 2973 1532 3005 ,
1561 2926 1745 3006 quus
1781 2940 1880 2987 or-

346 3038 484 3100 tum
529 3034 814 3116 legitima
849 3053 1039 3099 causa
1078 3052 1209 3098 non
1252 3032 1643 3117 praecesserit
1673 3053 1688 3094 :
1718 3047 1878 3111 ergo

347 3142 699 3209 secundum
724 3141 885 3222 hoc,
913 3139 1077 3207 nihil
1121 3142 1195 3206 fit
1233 3159 1422 3219 casu;
1455 3139 1565 3205 sed
1599 3137 1815 3204 omnia
1838 3155 1881 3201 a

349 3270 541 3316 causa
591 3251 1008 3316 determinata
1063 3249 1468 3334 proveniunt.
1532 3245 1689 3311 Item
1729 3293 1748 3324 ,
1811 3245 1880 3307 in

350 3359 530 3424 omni
559 3358 923 3443 operatione
950 3357 1113 3422 Deus
1140 3361 1234 3422 est
1273 3373 1472 3437 agens
1511 3352 1876 3436 principali-

354 3470 450 3530 ter
475 3488 491 3528 :
519 3466 629 3531 sed
652 3465 959 3549 quidquid
977 3465 1117 3547 agit
1136 3461 1584 3547 principaliter,
1627 3459 1768 3541 agit
1798 3461 1879 3540 (a)

355 3573 655 3652 scienter,
685 3576 751 3637 et
794 3591 877 3637 ex
918 3572 1276 3655 proposit03
1321 3573 1386 3634 et
1431 3568 1594 3632 nihil
1637 3566 1759 3631 tale
1811 3566 1886 3628 flt

205 3702 263 3733 us
357 3696 507 3742 casu
539 3701 555 3744 ι
585 3698 745 3761 ergo
792 3679 953 3744 nihil
991 3680 1252 3744 omnino
1283 3696 1436 3742 casu
1477 3677 1570 3739 fit.
1601 3675 1885 3757 Respon-

177 3828 285 3859 π...
315 3777 333 3787 “
355 3786 474 3850 deo
499 3785 835 3850 dicendum
853 3832 869 3864 ,
899 3786 1067 3871 quod
1111 3803 1293 3851 casus
1332 3789 1394 3848 et
1432 3784 1690 3848 fortuna
1736 3783 1888 3845 sunt

358 3910 563 3958 causae
603 3910 719 3975 per
760 3893 1046 3958 accidens
1073 3911 1089 3956 ε
1123 3910 1252 3956 non
1291 3891 1441 3974 quia
1485 3889 1628 3954 aliae
1675 3907 1887 3954 causae

360 3999 644 4065 accidant
667 4017 781 4082 per
809 4018 906 4078 se,
937 3999 1046 4064 sed
1081 4000 1261 4082 quia,
1286 3998 1542 4081 quando
1571 4002 1801 4062 natura
1826 4000 1891 4061 et

360 4105 709 4171 intellectus
721 4105 961 4189 aliquid
983 4106 1225 4169 faciunt
1251 4105 1329 4170 ad
1348 4104 1518 4187 quod
1534 4104 1766 4170 directe
1793 4122 1891 4168 or-

359 4213 682 4292 dinantur,
701 4217 957 4296 propter
979 4229 1361 4276 concursum
1390 4211 1650 4276 alterius
1678 4228 1889 4276 causae

361 4320 448 4384 ibi
492 4324 586 4385 est
624 4338 843 4399 casus,
873 4323 945 4384 ut
970 4321 1141 4402 patet
1168 4318 1245 4383 de
1285 4319 1593 4383 creditore
1628 4318 1890 4385 invento

275 4468 297 4499 2
362 4427 431 4492 in
469 4428 637 4505 foro,
667 4432 732 4493 et
765 4427 968 4510 lapide
992 4426 1254 4491 cadente
1281 4444 1473 4508 super
1499 4430 1709 4508 caput.
1738 4425 1886 4490 Dico

304 4543 337 4628 ζ
363 4552 552 4617 ergo,
581 4535 755 4618 quod
795 4539 850 4599 si
881 4538 1147 4601 eventus
1181 4551 1402 4598 rerum
1444 4536 1890 4615 comparentur

364 4642 444 4707 ad
491 4659 748 4707 causam
790 4642 1063 4725 primam
1090 4688 1112 4720 ,
1159 4657 1308 4723 quae
1350 4638 1517 4704 Deus
1550 4642 1646 4703 est
1676 4687 1698 4717 ,
1743 4656 1892 4703 cum

363 4749 532 4814 Deus
577 4750 794 4814 omnia
831 4748 1178 4832 praevideat
1195 4796 1216 4828 ,
1256 4745 1420 4811 nihil
1460 4748 1556 4811 est
1599 4744 1847 4810 casuale
1867 4794 1892 4826 ,

363 4855 715 4923 secundum
777 4857 1012 4923 divinae
1075 4853 1486 4940 praescientiae
1550 4852 1895 4918 ordinatio·

363 4983 536 5030 nem.
582 4963 650 5029 Si
699 4967 913 5029 autem
955 4963 1280 5046 loquimur
1315 4979 1429 5045 per
1470 4959 1890 5042 comparatio·

366 5088 515 5137 nem
542 5071 624 5137 ad
650 5089 870 5138 causas
895 5073 1134 5136 creatas
1147 5119 1165 5151 ,
1195 5073 1307 5135 aut
1332 5069 1496 5135 circa
1529 5085 1751 5134 causas
1776 5067 1897 5132 im-

433 5270 450 5305 ¹
476 5270 615 5322 Psal.
648 5283 878 5333 Lxxxm,
910 5273 985 5321 12.
1016 5297 1066 5308 —-
1100 5271 1120 5302 ²
1153 5274 1315 5332 From,
1352 5281 1424 5333 w,
1451 5271 1530 5320 19.
1558 5295 1620 5306 -
1647 5267 1670 5303 ⁸
1695 5266 1900 5330 Hebae„

375 5351 420 5404 1,
457 5345 623 5391 15.—
656 5343 679 5381 δ
713 5345 732 5393 1
778 5344 921 5405 Tim,
970 5356 1060 5409 ιιι,
1107 5345 1154 5395 6.
1197 5369 1259 5380 -
1297 5344 1320 5379 ⁸
1356 5339 1470 5405 Job,
1514 5351 1689 5404 xxvn,
1730 5343 1804 5392 ¹9.
1838 5367 1901 5379 —

373 5412 568 5477 Hatra,
596 5419 720 5474 ΧΑ.

3374 430 3492 497 659

1958 556 2298 621 mutabiles
2317 605 2339 637 ,
2388 557 2550 622 sicat
2602 559 2770 625 circa
2800 565 3048 627 motum
3092 564 3493 646 superiorum

1957 681 2300 746 corporum
2314 712 2334 743 ‚
2366 668 2479 729 aut
2523 665 2687 730 circa
2731 669 3100 750 mutabiles,
3146 669 3310 734 sicut
3349 677 3498 737 sunt

1957 788 2169 834 causae
2195 771 2549 853 inferiores,
2581 792 2728 856 quae
2753 780 2900 841 sunt
2927 777 3049 841 sub
3072 776 3237 856 sole;
3270 777 3341 841 in
3366 778 3493 843 dis-

1958 878 2268 960 positione
2286 897 2622 945 causarum
2650 881 2915 948 istarum
2936 884 3347 951 mutabilium
3382 887 3495 953 vix

1961 988 2083 1065 est,
2113 986 2268 1068 quin
2310 992 2646 1053 concurrat
2682 989 2912 1072 aliquis
2936 992 3196 1057 effeetus
3236 1010 3367 1060 non
3392 995 3492 1059 in-

1953 1095 2178 1156 tentus
2203 1142 2221 1172 ,
2269 1093 2401 1158 imo
2456 1099 2688 1178 praeter
2732 1096 3148 1164 intentionem
3192 1122 3208 1164 z
3253 1104 3318 1165 et
3356 1101 3499 1167 ideo

1962 1200 2287 1265 invenitur
2311 1220 2494 1267 casus
2519 1203 2588 1266 in
2613 1204 2944 1285 omnibus,
2982 1225 3114 1271 non
3145 1209 3321 1291 quod
3355 1227 3498 1274 om-

1964 1309 2072 1373 nia
2098 1328 2250 1374 casu
2276 1311 2600 1387 eveniant,
2632 1311 2744 1377 sed
2786 1312 2952 1377 circa
2994 1327 3264 1381 omnem·
3287 1323 3497 1384 muta-

1965 1416 2159 1480 bilem
2180 1422 2534 1483 creaturam
2549 1419 2790 1503 aliquid
2804 1423 3013 1488 evenit
3026 1426 3296 1490 casuale.
3323 1427 3500 1505 Quod

1966 1524 2263 1607 obiicitur
2290 1526 2368 1590 de
2395 1526 2615 1592 divina
2658 1530 3048 1612 praescientia
3065 1581 3083 1613 ,
3111 1535 3250 1616 jam
3290 1541 3499 1618 patet;

1968 1649 2097 1695 non
2136 1633 2312 1696 enim
2354 1633 2589 1699 dicitur
2622 1654 2810 1701 casus
2860 1638 2928 1702 in
2956 1642 3503 1724 comparationead

1970 1737 2258 1804 divinam
2306 1741 2791 1822 praescientiam.
2850 1744 3028 1822 Quod
3073 1748 3372 1831 oincitur
3424 1752 3504 1817 de

1971 1848 2285 1929 secundo,
2326 1849 2499 1933 quod
2538 1852 2754 1917 omnia
2796 1853 3033 1920 habent
3073 1875 3367 1941 causam,
3416 1861 3507 1933 di-

1972 1957 2276 2038 cendum,
2310 1959 2485 2041 quod
2520 1978 2750 2025 verum
2794 1968 2889 2028 est
2916 1967 3090 2048 quod
3128 1969 3347 2034 omnia
3386 1969 3503 2035 ha-

1974 2062 2125 2128 bent
2158 2082 2415 2129 causam
2455 2066 2810 2148 legitimam
2829 2117 2846 2147 ,
2890 2072 3128 2139 scilicet
3160 2079 3459 2142 naturam
3477 2127 3499 2159 ,

1974 2171 2080 2235 vel
2113 2172 2534 2254 intellectum;
2560 2174 2669 2239 sed
2710 2179 2923 2242 tamen
2958 2198 3073 2261 per
3096 2181 3219 2247 hoc
3244 2201 3374 2249 non
3401 2204 3507 2251 ex-

1976 2278 2274 2357 cluditur,
2303 2280 2459 2363 quIn
2487 2281 2728 2364 aliquid
2752 2285 2995 2367 possint
3018 2288 3224 2355 facere
3243 2339 3262 2372 ,
3291 2292 3397 2358 vel
3428 2295 3512 2359 fa-

1977 2386 2176 2467 ciant,
2208 2392 2437 2470 praeter
2460 2389 2746 2456 ordinem
2763 2440 2780 2472 ,
2811 2392 2940 2459 Deo
2961 2402 3242 2480 excepto.

2059 2492 2380 2571 Quaeritur
2400 2496 2478 2561 de
2503 2497 2647 2578 hoc,
2678 2499 2852 2582 quod
2883 2501 3032 2567 dicit
3058 2526 3074 2569 ε
3100 2505 3279 2574 Sicut
3300 2511 3510 2591 pisces

1979 2602 2328 2683 capiuntur
2356 2603 2539 2672 hamo
2552 2625 2581 2688 ;
2622 2609 2934 2690 quaeritur
2972 2615 3205 2679 utrum·
3223 2630 3511 2701 compre-

1981 2710 2204 2774 hensio
2230 2710 2498 2793 piscium
2525 2715 2641 2779 flat
2664 2733 2834 2796 casu,
2865 2717 2968 2783 vel
2996 2737 3148 2785 non.
3194 2720 3374 2799 Quod
3395 2726 3511 2806 sic,

1986 2817 2259 2898 videtur,
2289 2819 2440 2902 quia
2466 2822 2635 2903 quod
2664 2822 2782 2888 iste
2798 2825 2989 2907 piscis
3011 2830 3220 2912 magis
3237 2835 3512 2915 eveniat,

1983 2944 2181 3007 quam
2217 2924 2414 3005 aliuS,
2444 2927 2568 2993 hoc
2591 2948 2724 2995 non
2757 2936 2855 2997 est
2886 2952 3001 3017 per
3045 2941 3365 3023 naturam,
3398 2961 3518 3008 nec

1984 3051 2098 3115 per
2120 3033 2429 3099 rationem
2459 3057 2475 3099 ε
2508 3054 2664 3119 ergo
2685 3056 2800 3122 per
2823 3058 3103 3108 causam.
3134 3044 3312 3129 Item,
3346 3050 3518 3133 quod

1985 3159 2159 3206 unus
2183 3141 2379 3209 homo
2416 3143 2641 3227 capiat,
2670 3147 2831 3212 alter
2873 3167 3034 3232 non,
3081 3152 3203 3219 hoc
3250 3173 3385 3222 non
3425 3165 3520 3224 est

1987 3267 2102 3331 per
2126 3250 2433 3314 rationem
2459 3254 2728 3335 naturae,
2753 3256 2856 3320 vel
2872 3259 3026 3322 artis
3058 3278 3259 3343 :ergo
3285 3282 3325 3328 a
3341 3282 3515 3331 casu.

1989 3353 2115 3423 Sed
2139 3364 2358 3424 contra
2389 3381 2406 3425 t
2438 3360 2504 3426 Si
2534 3363 2681 3445 quis
2704 3365 3040 3432 intendens
3069 3370 3363 3439 invenire
3405 3392 3522 3439 au-

1990 3483 2174 3545 rum,
2214 3467 2483 3549 foderet,
2531 3486 2664 3535 non
2704 3477 2867 3538 aeset
2904 3493 3087 3542 casus
3117 3497 3320 3562 :ergo
3374 3500 3520 3546 cum

1991 3573 2104 3655 qui
2132 3573 2426 3657 piscatur,
2455 3576 2739 3645 intendat
2762 3598 3006 3665 capere,
3035 3603 3163 3649 non
3192 3591 3286 3650 est
3309 3586 3398 3651 ibi
3418 3605 3524 3653 ca-

1992 3698 2122 3747 sus.
2155 3681 2523 3765 Respondeo
2549 3685 2906 3768 dicendum,
2936 3691 3109 3773 quod
3128 3697 3222 3758 est
3245 3693 3420 3778 loqui
3448 3697 3526 3761 de

1993 3788 2283 3870 captione
2327 3808 2444 3873 per
2483 3795 3022 3876 comparationem
3062 3798 3142 3864 ad
3184 3802 3524 3885 capienteS,

1994 3897 2058 3958 et
2084 3896 2174 3960 sic
2215 3913 2344 3961 non
2373 3901 2468 3962 est
2510 3917 2551 3963 a
2591 3918 2746 3966 casu
2775 3923 2791 3966 ι
2822 3906 2918 3967 est
2964 3905 3158 3970 etiam
3195 3907 3372 3992 loqui
3413 3929 3529 3993 per

1995 4003 2529 4086 comparationem
2547 4006 2627 4071 ad
2652 4007 2875 4091 pisces,
2901 4011 3015 4094 qui
3038 4014 3282 4080 vadunt
3311 4017 3390 4082 ad
3409 4018 3528 4083 ha-

1996 4127 2211 4188 mum;
2258 4114 2322 4174 et
2364 4111 2519 4193 quia
2562 4113 2807 4180 vadunt
2850 4121 3108 4201 propter
3156 4122 3375 4189 cibum
3392 4173 3411 4205 ‚
3464 4131 3529 4191 et

1997 4215 2172 4281 aliud
2189 4217 2402 4283 evenit
2426 4225 2742 4301 quantum
2768 4223 2850 4289 ad
2884 4224 3046 4308 illua,
3076 4232 3172 4294 est
3200 4230 3291 4295 ibi
3318 4247 3525 4299 casus.

2080 4328 2181 4388 13.
2202 4323 2386 4390 Hanc
2411 4342 2655 4410 quoque
2680 4330 2828 4397 vidi
2841 4333 2957 4398 sub
2974 4335 3102 4402 sole
3117 4340 3529 4424 sapientiam,

2000 4436 2119 4496 etc.
2150 4430 2608 4499 Determinavit
2633 4453 2829 4520 supra
2852 4439 3167 4507 defectum
3193 4446 3532 4528 regiminis

2001 4537 2414 4622 providentiae
2440 4541 2508 4605 in
2539 4545 2857 4626 generali3
2890 4547 2996 4614 hic
3031 4550 3303 4618 intendit
3328 4560 3534 4622 osten-

2003 4643 2152 4710 dere
2188 4645 2258 4710 in
2283 4648 2558 4730 speciali,
2587 4651 2819 4718 scilicet
2860 4655 3025 4722 circa
3062 4659 3499 4742 praelationem
3513 4711 3529 4743 ,

2002 4752 2155 4836 quia
2163 4753 2474 4837 sapientes
2486 4761 3005 4845 contemnuntur,
3014 4768 3079 4830 et
3088 4767 3264 4832 stulti
3274 4786 3536 4852 promo-

2004 4864 2271 4926 ventur.
2298 4861 2464 4929 Sunt
2495 4883 2657 4947 ergo
2683 4867 2751 4933 in
2781 4869 2903 4935 hac
2924 4876 3104 4955 parte
3125 4878 3256 4939 tres
3279 4881 3489 4960 partes
3517 4897 3534 4945 ι

2002 4968 2075 5031 in
2101 4967 2311 5051 prima
2327 4971 2602 5036 ostendit
2619 4974 2917 5058 sapientis
2943 4978 3436 5065 depressionem
3469 4986 3539 5050 in

2005 5076 2283 5161 secunda
2322 5076 2660 5160 subiungit
2711 5081 2989 5165 depressi
3041 5093 3542 5159 commendatio·

2008 5199 2182 5259 nem,
2226 5181 2315 5246 ibi
2343 5185 2428 5265 (v.
2463 5185 2557 5268 16)
2582 5209 2597 5252 ε
2620 5186 2704 5254 Et
2729 5187 3014 5258 dicebam
3049 5208 3157 5278 eqo
3186 5196 3503 5266 meliorem
3516 5218 3546 5283 ;

2010 5291 2080 5356 in
2096 5291 2283 5356 tertia
2294 5310 2446 5358 vero
2466 5279 2776 5363 subinfert
2788 5299 2965 5365 stulti
2984 5306 3447 5386 promotionem
3474 5309 3495 5346 ⁸
3522 5328 3542 5374 z

2073 5419 2267 5483 (aJCoet.
2286 5420 2408 5471 edit.
2427 5421 2671 5488 quidquid
2690 5426 2823 5477 Deus
2837 5427 2960 5494 agit,
2975 5429 3082 5496 agit
3098 5427 3459 5500 principaliter,
3470 5440 3546 5489 et.
