4196 6294
1561 480 1928 549 PSALMUS
1970 483 2230 550 CXVIII.

299 620 434 688 illa,
484 635 607 695 qua
658 617 1009 694 perspicitur
1059 617 1123 676 in
1176 617 1473 677 mandatis
1526 618 1842 677 consilium

299 715 687 774 mandatoris
716 714 897 788 Hujus
922 712 1298 789 perspicaciae
1322 712 1683 772 beneficium
1707 712 1841 772 insi·

297 815 443 870 nuat
468 811 573 870 iste
601 826 835 881 versus,
866 808 1173 889 innuendo
1202 811 1460 883 quatuor
1503 808 1716 866 mentis
1742 823 1841 866 ac-

296 909 423 978 tuS,
454 906 557 980 qui
584 908 720 963 sunt
745 903 1068 978 appetituS‚
1093 904 1391 977 introitus,
1422 903 1696 975 intuitus,
1725 902 1840 962 ob-

296 1002 510 1057 tentus.
541 998 878 1074 Disponitur
904 1014 1165 1072 namque
1201 1013 1402 1070 mens,
1430 1001 1719 1073 tanquam
1744 997 1840 1054 in·-

294 1093 499 1152 venire
547 1092 792 1168 cupiens
812 1136 833 1165 ,
868 1091 1185 1167 imperium
1232 1091 1570 1165 ingrediens
1589 1135 1608 1164 ,
1653 1092 1843 1166 impe-

295 1191 557 1246 ratorem
584 1186 921 1260 inveniens,
950 1186 1179 1244 donum
1215 1187 1509 1260 optimum
1545 1185 1841 1244 obtinens,

297 1280 451 1350 Quid
495 1281 657 1339 enim
703 1284 790 1340 est
827 1279 1102 1339 meditari
1120 1324 1139 1353 ,
1186 1279 1301 1338 nisi
1347 1278 1640 1355 appetitus
1674 1278 1841 1336 inve-

296 1375 501 1433 niendi
518 1378 549 1433 ‘t
578 1374 731 1445 Quid
761 1373 1140 1447 mandatum,
1169 1374 1283 1433 nisi
1309 1374 1666 1449 imperium?
1691 1372 1844 1443 Quid

297 1469 640 1541 mandator,
668 1469 783 1527 nisi
814 1469 1179 1544 imperator?
1208 1467 1362 1538 Quid
1405 1467 1652 1543 diligere
1671 1510 1691 1541 ‚
1729 1465 1844 1525 nisi

300 1564 527 1625 donum
555 1563 849 1638 optimum
879 1563 1147 1623 obtinere
1164 1566 1195 1621 ‘r

787 1719 1070 1779 Articulus
1121 1724 1354 1794 primus.

370 1848 672 1922 Appetitus
712 1846 891 1921 igitur
930 1851 1319 1923 praenotatur,
1360 1862 1498 1905 cum
1525 1845 1796 1922 psallitur
1825 1864 1840 1903 ε

300 1940 374 1995 Et
415 1939 741 2008 meditabar,
777 1939 946 2014 quod
987 1941 1298 2015 proprium
1330 1943 1416 1997 est
1438 1940 1652 1997 mentis
1679 1938 1844 1997 inve-

298 2034 425 2091 nire
450 2033 757 2108 cupientis.
800 2034 956 2092 lllud
998 2049 1260 2109 namque
1307 2032 1549 2108 proprie
1594 2032 1844 2091 medita·

299 2144 456 2200 mur,
487 2128 656 2202 quod
683 2128 949 2185 invenire
972 2143 1280 2187 conamur.
1303 2127 1465 2185 Unde
1489 2128 1843 2201 notandum,

301 2220 468 2295 quod
494 2225 648 2279 recte
677 2237 845 2279 mens
879 2222 1216 2295 meditatur,
1261 2222 1374 2280 tria
1398 2222 1727 2297 specialiter
1753 2221 1844 2280 in-

306 2314 504 2373 venire
533 2315 811 2390 cupiens;
846 2321 1056 2391 utputa
1097 2310 1445 2392 sapientiam
1465 2358 1485 2388 ‚
1517 2316 1803 2390 justitiam
1824 2359 1844 2385 ,

301 2407 634 2468 doctrinam
664 2428 680 2467 :
710 2409 972 2484 primum
1006 2409 1287 2484 quidem,
1317 2412 1562 2484 propter
1588 2409 1688 2468 Dei
1708 2424 1844 2483 spe-

300 2504 698 2577 culationem;
728 2503 1056 2562 secundum
1100 2507 1328 2576 autem,
1358 2506 1599 2578 propter
1638 2504 1731 2560 sui
1756 2518 1844 2561 re-

300 2597 711 2673 gulationem;
751 2597 983 2656 tertium
1036 2613 1181 2657 vero
1209 2639 1230 2669 ‚
1283 2602 1523 2672 propter
1574 2597 1843 2656 fraternas

297 2692 502 2751 salutis
528 2691 988 2751 aemulationem.
1020 2694 1098 2749 De
1142 2690 1337 2766 primo
1366 2692 1384 2726 ¹
1418 2709 1433 2748 ε
1470 2712 1499 2745 α
1524 2693 1679 2750 Mens
1701 2691 1843 2764 justi

295 2788 682 2846 meditabitur
703 2787 1073 2861 sapientiam.
1102 2807 1131 2841 ι
1161 2788 1239 2844 De
1267 2786 1530 2844 secundo
1557 2785 1580 2817 ¹
1611 2804 1626 2843 :
1658 2805 1687 2839 α
1704 2788 1844 2844 Bea-

295 2885 390 2938 tus
417 2864 538 2953 vir',
569 2880 673 2955 qui
713 2880 777 2937 in
815 2880 1107 2955 sapientia
1144 2879 1513 2950 morabitur,
1546 2883 1603 2936 et
1646 2880 1751 2954 qui
1779 2878 1842 2938 in

290 2974 518 3048 justitia
561 2974 979 3047 meditabitur,
1001 2997 1031 3029 »
1066 2975 1235 3051 quasi
1276 2974 1433 3033 dicat
1462 2993 1477 3033 ε
1515 2977 1725 3034 Beatus
1750 2975 1843 3033 vir

295 3070 359 3126 in
410 3068 698 3143 sapientia
744 3085 1131 3144 perseverans
1169 3112 1190 3142 ,
1234 3069 1520 3142 justitiam
1575 3070 1840 3129 invenire

296 3163 659 3236 desideranS,
679 3164 852 3223 istam
884 3182 1009 3225 non
1037 3165 1333 3238 deserens,
1358 3165 1525 3224 illam
1549 3173 1855 3258 quaerensg¹

294 3262 373 3317 De
428 3260 600 3317 tertio
653 3260 851 3334 psallit
905 3261 1194 3335 Propheta
1235 3261 1257 3296 ⁸
1308 3277 1323 3317 ε
1371 3279 1401 3315 α
1437 3263 1843 3319 praevenerunt

295 3352 454 3413 oculi
482 3353 601 3412 mei
628 3354 707 3413 ad
736 3357 793 3413 te
820 3354 1084 3414 diluculo
1096 3398 1116 3428 ‚
1146 3360 1212 3414 ut
1235 3353 1556 3414 meditarer
1601 3353 1843 3429 eloquia

292 3451 412 3506 tua.
442 3467 472 3504 ι
506 3449 745 3523 Oportet
782 3450 943 3508 enim
980 3451 1265 3510 orationis
1306 3449 1644 3509 instantiam
1689 3465 1841 3523 prae-

292 3543 528 3614 venire‚
567 3544 616 3601 si
661 3544 937 3604 volumus
978 3544 1414 3619 praedicationis
1456 3544 1708 3618 gratiam
1754 3542 1840 3601 in·

290 3651 516 3695 vemre.

762 3712 1047 3768 Articulus
1082 3712 1362 3769 secundus.

365 3822 639 3883 introitus
659 3831 1006 3898 annotatur,
1035 3842 1172 3883 cum
1199 3824 1438 3884 additur
1469 3841 1484 3881 t
1519 3826 1587 3882 In
1613 3824 1841 3881 manda·

295 3923 390 3977 tis.
434 3919 739 3992 Mandata,
797 3920 1127 3978 secundum
1178 3919 1526 3993 Gregorium
1568 3919 1611 3991 ⁶,
1653 3919 1840 3978 multa

292 4012 461 4086 sunt,
490 4017 548 4072 et
571 4030 759 4073 unum
791 4033 806 4072 ε
834 4014 1022 4072 multa
1048 4013 1268 4072 scilicet
1293 4028 1401 4088 per
1442 4012 1841 4071 diversitatem

295 4107 533 4182 operis;
563 4124 750 4166 unum
776 4108 839 4165 in
878 4108 1078 4167 radice
1116 4106 1467 4167 dilectionis.
1517 4105 1678 4164 Unde
1716 4107 1838 4165 sive

299 4201 565 4259 dicamus
612 4202 896 4261 mandata
922 4244 943 4273 ‚
993 4202 1115 4261 sive
1160 4202 1511 4261 mandatum
1528 4244 1549 4274 ‚
1589 4201 1840 4260 virtuale

298 4294 641 4369 designatur
666 4295 986 4371 imperium
1002 4339 1022 4370 ,
1051 4296 1115 4354 in
1160 4313 1283 4371 quo
1315 4295 1569 4371 imperat
1593 4310 1701 4353 rex
1720 4294 1837 4354 vir·

297 4393 510 4448 tutum.
559 4393 680 4451 Hoc
727 4391 1047 4465 imperium
1090 4390 1327 4450 videtur
1364 4406 1533 4448 mens
1577 4389 1794 4448 intrare
1819 4433 1841 4464 ,

298 4501 436 4543 cum
476 4484 555 4543 ad
598 4485 810 4544 divinoe
853 4485 1255 4561 dispositionis
1282 4500 1590 4567 „arcanum
1637 4482 1841 4544 nititur

296 4581 624 4653 penetrare.
654 4583 721 4637 Et
746 4582 919 4651 nota,
951 4579 1118 4655 quod
1164 4578 1436 4638 divinum
1481 4578 1798 4653 imperium
1817 4620 1839 4651 ,

296 4673 395 4731 vel
419 4673 804 4748 mandatum,
837 4678 922 4733 est
963 4676 1095 4735 aliis
1134 4675 1451 4751 pacificum
1471 4716 1492 4746 ‚
1522 4673 1652 4732 aliis
1677 4689 1841 4732 mor-

297 4765 554 4840 tificum,
596 4768 726 4825 aliis
770 4767 1073 4825 vivificum
1098 4788 1112 4826 ε
1142 4769 1458 4844 pacificum
1490 4767 1668 4841 plane
1706 4782 1841 4841 pro·

298 4860 703 4934 gradientibus
734 4881 752 4934 3
810 4861 1170 4920 mortificum
1228 4860 1837 4935 transgredientibus,

299 4954 604 5015 vivificum
629 4954 1121 5029 regredientibus.
1147 4959 1224 5013 De
1250 4956 1445 5030 primo
1462 4956 1484 4990 ⁸
1512 4972 1528 5013 ε
1560 4974 1588 5010 α
1611 4954 1840 5039 Utinam

298 5048 642 5109 attendisses
685 5049 971 5109 mandata
1013 5065 1150 5109 mea
1164 5068 1183 5123 3
1220 5048 1374 5108 facta
1416 5047 1650 5121 suisset,
1694 5048 1843 5106 sicut

297 5141 555 5216 flumen,
580 5159 702 5219 pax
744 5148 880 5217 tua3
911 5164 941 5201 ι
974 5144 1146 5219 quasi
1174 5143 1372 5202 dicat:
1401 5143 1632 5202 Utinam
1656 5146 1840 5201 atten-

298 5237 488 5297 disses
510 5239 794 5301 mandata
817 5254 955 5299 mea
968 5280 990 5314 ,
1012 5236 1398 5314 procedendo
1423 5236 1547 5296 sine
1571 5236 1834 5312 querela.

367 5364 576 5426 ¹Prov.,
603 5377 691 5431 κν,
719 5368 799 5419 28.
822 5389 886 5406 -·
913 5366 934 5397 ²
959 5365 1139 5428 Eccln'„
1169 5376 1276 5428 xm,
1305 5367 1383 5416 22.
1417 5389 1472 5401 --
1498 5363 1523 5399 ⁸
1547 5363 1687 5415 Psal.
1717 5364 1839 5430 hoc,

304 5438 412 5488 ¹⁴8.
441 5463 507 5476 -
531 5439 548 5468 ⁴
580 5439 755 5503 Greg„
783 5439 922 5489 Hom.
958 5450 1123 5489 xxvii.
1150 5463 1214 5476 —
1244 5438 1268 5473 ὓ
1293 5437 1417 5500 lea„
1457 5447 1640 5499 xum,
1670 5437 1748 5487 ¹8.
1776 5462 1841 5476 -

3371 492 3481 553 381

1947 622 2122 679 Facta
2171 620 2375 680 fuisset
2388 661 2409 695 ,
2437 621 2586 681 sicut
2630 622 2855 681 flumen
2869 664 2889 695 ,
2918 638 3038 696 pax
3084 626 3219 694 tua,
3250 621 3488 680 descen-

1949 713 2150 772 dendo
2203 715 2330 773 sine
2384 714 2511 773 vitii
2570 719 2628 776 et
2669 715 2942 791 supplicii
3000 716 3350 791 corruptela.
3408 719 3487 774 De

1947 807 2211 866 secundo
2237 809 2300 866 ⁸:
2337 827 2366 863 α
2406 813 2681 869 Peccator
2727 809 3166 883 transgrediens
3208 809 3491 868 mandata

1948 902 2179 960 Domini
2210 946 2227 973 ,
2273 903 2491 963 incidet
2536 906 2600 963 in
2640 888 3099 980 promissionem
3142 920 3423 978 nequam.
3455 926 3484 961 κ

1948 998 2061 1055 lsta
2087 1012 2348 1072 nequam
2373 999 2689 1073 promissio
2717 999 2847 1074 ipsa
2885 1001 2969 1057 est
3004 1002 3128 1056 tam
3170 997 3490 1069 interioris,

1949 1106 2135 1165 quam
2160 1091 2462 1151 exterioris
2489 1092 2749 1151 hominis
2785 1091 3180 1152 mortificatio.
3215 1094 3291 1149 De
3317 1091 3487 1149 tertio

1947 1183 2224 1242 scribitur
2244 1186 2268 1223 ⁷
2298 1202 2313 1242 ε
2348 1205 2379 1241 α
2415 1186 2560 1244 Vide
2606 1186 2893 1261 quoniam
2937 1186 3222 1246 mandata
3262 1190 3366 1243 tua
3401 1186 3492 1243 di-

1948 1276 2066 1335 lexi
2100 1319 2122 1349 ‚
2176 1279 2422 1338 Domine
2458 1300 2477 1353 ς
2524 1279 2588 1338 in
2637 1279 3044 1340 misericordia
3112 1285 3213 1339 tua
3261 1279 3494 1339 vivitica

1947 1387 2045 1430 me
2075 1391 2090 1429 ε
2121 1392 2151 1428 ιι
2185 1389 2445 1446 quorum
2485 1373 2748 1447 primum
2785 1372 3037 1448 pertinet
3065 1373 3146 1433 ad
3171 1374 3491 1447 regressio-

1947 1480 2112 1538 nem3
2162 1466 2492 1524 secundum
2519 1509 2540 1539 ‚
2587 1467 2666 1525 ad
2709 1468 3096 1542 regredientis
3141 1467 3486 1528 vivificatio·

1946 1574 2115 1632 nem,
2147 1575 2252 1618 seu
2273 1559 2774 1633 justificationem.

2443 1720 2733 1777 Articulus
2771 1722 2988 1779 tertius.

2020 1841 2263 1899 intuitus
2310 1843 2657 1917 denotatur,
2706 1860 2845 1903 cum
2882 1845 3092 1904 dicitur
3138 1864 3153 1903 ε
3197 1847 3347 1905 nais.
3396 1850 3492 1905 Est

1950 1935 2112 1993 enim
2162 1951 2496 2011 pronomen
2555 1939 2991 2013 possessivum,
3029 1944 3086 1998 et
3137 1940 3491 2015 possessoris

1950 2028 2500 2090 demonstrativum.
2537 2035 2840 2092 Possessor
2881 2037 3081 2092 autem
3107 2034 3341 2109 imperii
3368 2035 3488 2092 vir-

1948 2125 2126 2184 tualis
2153 2131 2238 2185 est
2265 2128 2613 2203 imperator,
2645 2134 2957 2204 operator,
2988 2147 3058 2188 ac
3085 2135 3493 2189 remunerator

1948 2220 2082 2279 vitm
2110 2221 2449 2296 spiritualis,
2475 2224 2565 2282 Ad
2604 2223 2789 2298 ipsius
2817 2224 3189 2299 imperatoris
3215 2225 3491 2283 intuitum

1949 2313 2185 2374 videtur
2210 2332 2378 2373 mens
2404 2316 2666 2376 humana
2692 2321 3000 2392 penetrare
3021 2361 3039 2388 ,
3071 2334 3206 2375 cum
3234 2322 3493 2377 meretur

1950 2409 2028 2466 ab
2070 2409 2204 2483 ipso
2243 2410 2622 2469 revelationis
2663 2411 2914 2485 gratiam
2958 2412 3294 2488 impetrare.
3327 2414 3491 2471 Circa

1950 2502 2176 2561 dictum
2229 2504 2651 2579 imperatorem
2707 2507 2820 2564 tria
2870 2510 3076 2566 notare
3127 2524 3443 2583 possumus
3469 2551 3488 2580 ,

1950 2613 2083 2671 quoe
2119 2597 2326 2657 decent
2364 2600 2806 2675 imperatoriam
2849 2602 3215 2675 maJestatem
3243 2622 3260 2659 ε
3289 2605 3491 2676 utpote

1948 2690 2302 2765 potentiam,
2342 2693 2692 2768 sapientiam
2715 2738 2736 2767 ‚
2765 2694 3110 2754 bonitatem.
3143 2698 3281 2766 Quae
3318 2700 3491 2754 nota-

1948 2785 2034 2843 vit
2063 2786 2395 2860 Psalmjsta,
2426 2804 2562 2846 cum
2590 2790 2671 2847 ait
2699 2807 2715 2846 ε
2751 2790 2903 2862 Tuis,
2933 2790 3103 2865 quasi
3132 2790 3290 2849 dicat
3318 2811 3336 2847 .-
3361 2794 3493 2848 Tuae

1948 2881 2258 2953 potentiae,
2305 2886 2418 2940 tuae
2461 2883 2787 2957 sapientioe,
2815 2887 2930 2942 tuae
2965 2883 3244 2942 bonitatis
3287 2903 3303 2941 ε
3345 2901 3494 2960 qua-

1948 2988 2085 3031 rum
2111 2974 2334 3048 prima,
2363 2975 2582 3036 scilicet
2617 2977 2908 3051 potentia,
2950 2982 3035 3036 est
3077 2978 3493 3037 venerabiliter

1950 3067 2290 3144 eloquenda
2303 3090 2323 3144 3
2366 3071 2662 3144 secunda,
2702 3072 2924 3131 scilicet
2964 3074 3286 3150 sapientia,
3315 3090 3494 3133 vene·

1948 3163 2215 3223 rabiliter
2241 3166 2577 3240 audienda;
2611 3166 2811 3239 tertia,
2840 3168 3062 3227 scilicet
3097 3169 3364 3241 bonitaS,
3389 3185 3494 3226 ve-

1949 3258 2296 3318 nerabiliter
2338 3259 2769 3335 amplectenda.
2820 3265 2898 3320 De
2945 3262 3137 3338 prima
3183 3262 3397 3321 dicitur
3422 3263 3490 3320 ⁸:

1953 3371 1984 3407 ι
2011 3352 2271 3412 Gloriam
2298 3355 2466 3428 regni
2502 3355 2588 3413 tui
2616 3354 2846 3427 dicent,
2887 3360 2944 3414 et
2976 3357 3304 3431 potentiam
3330 3361 3495 3415 tuam

1946 3447 2271 3521 loquentur
2301 3465 2318 3503 :
2347 3467 2375 3503 n
2427 3463 2562 3506 ecce
2605 3449 2873 3523 potentia
2909 3450 3326 3510 venerabiliter
3371 3449 3493 3508 elo-

1949 3541 2210 3615 quenda.
2248 3545 2327 3601 De
2370 3542 2629 3601 secunda
2654 3544 2677 3580 ⁹
2709 3561 2723 3599 t
2773 3562 2802 3597 α
2838 3544 2995 3604 Beati
3032 3544 3186 3603 servi
3232 3543 3497 3618 tui‚‘qui

1946 3638 2105 3694 stant
2129 3650 2331 3695 coram
2369 3639 2423 3694 te
2453 3652 2724 3711 semper,
2755 3641 2811 3695 et
2848 3637 3099 3695 audiunt
3141 3637 3494 3712 sapientiam

1946 3732 2113 3788 tuam
2145 3749 2159 3787 ε
2189 3750 2218 3786 »
2247 3746 2383 3788 ecce
2412 3730 2699 3804 sapientia
2723 3731 3140 3790 venerabiliter
3167 3732 3488 3791 audienda.

1948 3826 2028 3882 De
2045 3823 2215 3883 tertia
2235 3823 2279 3859 ¹⁰
2303 3842 2318 3880 ε
2341 3842 2371 3878 α
2397 3826 2501 3897 Tu,
2524 3823 2788 3896 Domine,
2813 3825 3145 3884 secundum
3162 3825 3490 3885 bonitatem

1948 3919 2113 3975 tuam
2157 3916 2478 3992 promisisti
2521 3917 2929 3992 poenitentiam
2973 3918 3332 3978 remissionis
3358 3937 3492 3994 pec-

1950 4015 2220 4070 catorum
2248 4029 2262 4068 :
2298 4030 2327 4067 »
2356 4028 2492 4071 ecce
2519 4011 2756 4071 bonitas
2781 4011 3195 4072 venerabiliter
3230 4013 3491 4088 amplec-

1948 4105 2148 4165 tenda.

2436 4179 2725 4238 aniculus
2751 4184 2998 4251 quartus.

2020 4294 2301 4353 Obtentus
2344 4294 2696 4356 subnotatur
2720 4339 2739 4369 ‚
2792 4312 2930 4355 cum
2978 4295 3254 4355 subditur
3294 4315 3309 4354 ε
3362 4297 3491 4365 Quoe

1948 4388 2140 4448 dile-214.
2186 4390 2337 4449 Sane
2363 4390 2648 4451 mandata
2673 4390 2909 4464 dilexit,
2939 4392 3082 4467 quia
3107 4392 3490 4451 mandantem

1946 4483 2252 4556 prospexit
2298 4484 2681 4544 :mandantis
2718 4485 3044 4545 bonitatem
3088 4486 3388 4561 percepit,
3434 4492 3493 4544 ct

1948 4576 2087 4634 ideo
2112 4578 2453 4639 charitatem
2476 4579 2765 4656 concepit.
2798 4585 2864 4640 Et
2889 4585 3060 4655 nota,
3090 4581 3260 4657 quod
3288 4581 3493 4640 divina

1949 4671 2234 4731 mandata
2282 4671 2570 4732 debemus
2629 4673 2877 4750 diligere
2927 4676 3116 4735 tribus
3171 4676 3247 4733 de
3298 4675 3491 4734 causis

1948 4763 2281 4840 potissime,
2310 4766 2586 4826 videlicet
2623 4768 2767 4843 quia
2813 4768 3048 4829 dilectio
3095 4774 3182 4829 est
3222 4769 3491 4828 mandati

1951 4874 2130 4918 causa
2165 4859 2516 4931 materiam,
2546 4861 2835 4936 efficiens,
2878 4863 3071 4921 finalis
3100 4883 3116 4922 ε
3146 4862 3325 4938 plane
3363 4879 3491 4923 ma-

1948 4952 2168 5012 terialis
2193 4993 2214 5027 ,
2263 4953 2407 5028 quia
2466 4954 2700 5014 dilectio
2756 4962 2844 5015 est
2869 4999 2890 5029 ,
2944 4975 3077 5033 quae
3126 4959 3487 5032 mandatur3

1951 5045 2231 5120 efficiens,
2248 5047 2393 5124 quia
2408 5063 2517 5123 per
2536 5049 2913 5112 dilectionem
2925 5054 3261 5127 mandatum
3275 5052 3490 5126 finalis,

1951 5142 2343 5217 quiapropter
2356 5141 2734 5206 dilectionem
2747 5148 3082 5210 mandatur.
3099 5152 3179 5208 De
3191 5149 3387 5225 primo
3405 5152 3448 5188 ¹¹
3473 5167 3488 5208 ε

1954 5295 1973 5324 ⁸
1993 5293 2176 5358 Redi„
2204 5279 2348 5361 xxix,
2379 5299 2458 5350 26.
2478 5325 2541 5337 -
2568 5300 2585 5330 ’
2606 5299 2745 5351 Psal.
2767 5301 2886 5360 hoc,
2909 5305 3020 5353 159.
3041 5329 3105 5342 -—
3122 5304 3140 5334 ¹⁵
3159 5302 3298 5354 Psal.
3319 5315 3488 5367 cxuv,

1951 5370 2031 5417 ¹¹.
2076 5393 2143 5406 -
2187 5369 2207 5400 ⁹
2245 5368 2314 5418 lli
2363 5369 2497 5434 Κεφ,
2544 5385 2608 5435 x,
2653 5373 2699 5423 8.
2745 5399 2805 5413 -
2861 5376 2898 5411 ⁸⁰
2941 5375 3083 5426 ome.
3125 5376 3387 5428 Manassoe.
3431 5401 3492 5414 -—

1956 5439 1996 5474 ¹¹
2019 5440 2185 5504 loon„
2213 5451 2332 5503 1111,
2361 5444 2438 5493 34.
