4196 6294
1305 500 1389 568 IN
1430 501 1999 570 HEXAEMERON.
2043 500 2310 570 SERMO
2352 502 2460 570 111.
3400 511 3484 575 45

332 636 488 703 fleret
503 656 522 702 2
538 639 700 703 esset
714 640 933 704 autem
948 636 1236 712 mutatio,
1253 637 1308 702 si
1328 638 1407 705 de
1422 657 1556 704 non
1574 638 1828 706 volente

330 751 518 813 fierem
543 749 785 815 volens.
817 750 1052 816 lterum
1084 751 1164 815 ab
1198 751 1626 817 actualissimo
1661 754 1830 817 flunt

329 855 629 938 possibilia,
657 858 792 924 sive
820 858 1193 923 materialia.
1230 858 1415 924 Pater
1440 859 1828 940 intelligitur

326 964 671 1047 principium
697 965 1085 1048 principians
1113 967 1193 1030 de
1232 985 1341 1030 se:
1379 967 1565 1031 Pater
1590 966 1824 1031 intelli-

325 1071 475 1150 gitur
519 1072 897 1155 principium
951 1073 1341 1156 principians
1404 1073 1484 1139 de
1543 1074 1746 1139 nihilo
1804 1092 1823 1137 τ

326 1176 485 1242 Pater
519 1178 896 1262 intelligitur
919 1181 1308 1264 principium
1334 1181 1722 1265 principians
1747 1182 1826 1246 de

323 1284 507 1368 aliquo
549 1289 881 1353 materiali.
935 1287 1221 1353 Verbum
1265 1289 1470 1354 Patris
1523 1289 1827 1373 exprimit

324 1393 565 1476 Patrem,
594 1401 666 1461 ut
688 1398 1075 1481 principium
1113 1397 1496 1481 111-1661616115
1515 1399 1595 1463 (16
1621 1417 1689 1463 56
1716 1421 1732 1462 :
1762 1400 1829 1463 et

317 1502 420 1567 1166
465 1504 646 1571 modo
697 1511 793 1570 est
837 1512 1302 1590 repraesentans
1345 1507 1826 1590 productionem

315 1615 694 1692 aeternorum,
724 1614 963 1679 scilicet
980 1615 1253 1697 Spiritus
1272 1616 1498 1694 sancti,
1521 1618 1588 1680 et
1606 1633 1816 1681 suam.

314 1717 562 1784 Verbum
596 1719 806 1787 Patris
843 1722 1149 1805 exprimit
1189 1723 1443 1787 Patrem
1459 1770 1479 1802 ,
1523 1726 1598 1787 ut
1640 1722 1825 1805 prin-

311 1824 523 1909 cipium
562 1829 950 1913 principians
984 1830 1223 1913 aliquid
1259 1830 1339 1895 (16
1380 1829 1615 1909 nihilo,
1645 1834 1708 1895 et
1736 1830 1826 1894 sic

308 1941 688 2016 repraesentat
705 1936 1191 2020 productionem
1209 1937 1639 2020 spiritualium
1655 1955 1827 2003 erea-

309 2042 495 2105 torum
518 2043 977 2137 aeviternorum
1001 2091 1020 2122 ,
1050 2048 1127 2109 ut
1164 2044 1550 2126 angelorum
1578 2049 1643 2107 et
1681 2045 1824 2109 ani-

306 2165 556 2214 mamm.
600 2150 887 2217 Verbum
932 2150 1137 2216 Patris
1171 2152 1478 2236 exprimit
1524 2151 1778 2217 Patrem
1797 2200 1816 2232 ‚

304 2258 368 2319 ut
389 2256 766 2341 principium
794 2259 1187 2342 principians
1211 2258 1460 2342 aliquid
1503 2258 1582 2324 de
1610 2259 1823 2341 aliquo

303 2365 614 2445 materiali,
642 2371 713 2432 et
750 2368 845 2431 sic
887 2370 1298 2451 repraesentat
1344 2367 1823 2449 productionem

302 2473 701 2555 corporalium
728 2474 1195 2540 distinctorum.
1231 2475 1394 2540 Illud
1420 2475 1618 2555 enim,
1649 2477 1823 2558 quod

302 2577 365 2640 fit
383 2578 454 2644 de
478 2580 623 2661 alio,
651 2582 841 2666 prius
868 2586 1003 2647 erat
1044 2583 1112 2645 in
1137 2583 1452 2665 potentia,
1482 2601 1681 2665 quam
1707 2584 1822 2649 fle-

300 2689 414 2749 ret:
442 2706 594 2771 ergo
628 2691 720 2755 de
755 2690 1129 2755 necessitate
1170 2696 1584 2773 repraesentat
1615 2692 1818 2773 possi-

300 2789 430 2856 bilia
456 2816 472 2859 :
500 2796 580 2859 ab
605 2797 1046 2863 661116115511116
1072 2816 1235 2879 ergo
1261 2799 1431 2863 fiunt
1472 2799 1817 2882 possibilia.

136 2923 266 3037 ςιιζιῖει..
299 2898 428 2965 Haec
453 2904 837 2982 similitudo,
866 2907 1003 2970 sive
1050 2905 1354 2986 Verbum,
1402 2912 1497 2971 est
1536 2908 1816 2971 veritas:

298 3027 423 3092 quae
447 3012 710 3095 quidem
749 3015 985 3078 veritas
1029 3018 1125 3079 est
1170 3022 1191 3056 ¹
1233 3014 1590 3097 adaequatio
1632 3015 1818 3078 intel-

294 3114 468 3185 lectus
490 3128 551 3187 et
575 3123 682 3188 rei
709 3142 728 3203 ;
760 3121 933 3188 illius
958 3122 1346 3201 intellectuS,
1384 3122 1553 3202 dico,
1587 3121 1699 3206 qui
1727 3127 1823 3188 est

294 3242 459 3293 musa
488 3233 622 3310 rei;
657 3248 793 3296 non
820 3231 989 3310 mei,
1030 3230 1145 3313 qui
1181 3250 1315 3296 non
1356 3236 1451 3296 est
1484 3249 1674 3295 causa
1697 3231 1817 3296 rei.

293 3331 448 3402 Tunc
483 3345 577 3404 est
639 3356 796 3404 vera
842 3339 1239 3422 adaequatio,
1284 3339 1537 3422 quando
1580 3342 1677 3403 est
1720 3355 1821 3403 res

289 3446 629 3512 secuudum
672 3446 840 3511 hane
882 3447 1337 3526 substantiam,
1379 3450 1591 3528 tanta,
1638 3447 1816 3526 talis,

293 3552 571 3633 ordinata,
617 3572 859 3636 agens,
887 3556 1170 3637 patiens,
1203 3554 1434 3618 situata
1465 3554 1819 3619 secundum

291 3655 667 3725 differentias
701 3661 1373 3743 praedicamentorum.
1420 3659 1599 3726 Tunc
1646 3661 1818 3725 enim

291 3779 441 3830 rerae
483 3787 592 3835 roe
639 3772 826 3847 sunt,
872 3769 1126 3851 quando
1161 3772 1312 3832 sunt
1351 3767 1419 3831 in
1462 3785 1534 3831 re
1555 3815 1574 3844 ,
1614 3767 1766 3832 vel
1750 3786 1821 3831 111

291 3873 601 3955 universo,
635 3875 799 3939 sicut
816 3878 969 3940 sunt
992 3875 1059 3938 16
1078 3878 1213 3939 arte
1241 3879 1503 3954 aeterna,
1527 3873 1631 3939 vel
1657 3874 1821 3966 sieut

293 3978 367 4042 1111
390 3984 871 4066 exprimuntur.
895 3983 1016 4048 Res
1044 3987 1259 4048 autem
1288 4001 1443 4048 vera
1472 3987 1567 4048 est
1594 3999 1820 4047 secun·

291 4086 426 4154 dum
464 4092 649 4176 quod
688 4092 1063 4177 adaequatur
1101 4091 1449 4157 intellectui
1479 4091 1813 4156 causanti:

293 4196 425 4276 quia
460 4218 624 4265 vero
661 4200 932 4282 perfecte
973 4217 1104 4263 666
1138 4204 1468 4282 aequatur,
1501 4199 1611 4264 sed
1645 4197 1819 4264 adse-'-

291 4309 507 4384 quatur
556 4307 815 4386 ratioui,
864 4325 1014 4390 quae
1055 4307 1357 4389 exprimit
1406 4325 1572 4386 eam,
1620 4324 1819 4390 quam

292 4410 486 4477 tamen
528 4431 666 4479 non
710 4414 1046 4498 adaequat,
1089 4414 1231 4479 ideo
1274 4413 1483 4480 omnis
1527 4417 1820 4478 creatura

291 4519 686 4585 mendacium
741 4525 880 4601 est,
939 4519 1292 4585 secundum
1349 4520 1815 4601 Augustinum.

294 4619 399 4689 Res
451 4632 677 4691 autem
745 4628 1077 4710 adaequata
1139 4645 1271 4692 non
1324 4632 1421 4692 est
1472 4645 1591 4691 5116
1639 4627 1817 4692 adae-

295 4734 491 4812 quatio
527 4756 544 4798 :
577 4752 738 4816 ergo
764 4752 1015 4798 necesse
1039 4738 1134 4798 est
1153 4782 1170 4814 ,
1213 4739 1290 4797 ut
1323 4734 1392 4798 in
1424 4731 1634 4799 Verbo
1674 4733 1817 4813 Dei,

294 4843 447 4921 quod
488 4849 586 4908 est
635 4843 997 4926 adaequatio
1015 4891 1033 4923 ,
1075 4843 1158 4906 sit
1199 4842 1432 4906 veritas
1473 4846 1814 4923 creaturae,

296 4951 352 5009 et
395 4950 464 5014 16
524 4955 817 5016 creatura
871 4949 1217 5014 similitudo
1276 4948 1582 5013 veritatis
1638 4948 1818 5015 Unde

296 5050 423 5120 licet
475 5058 750 5140 angelus
807 5057 1022 5138 magis
1081 5057 1411 5140 participet
1471 5056 1680 5121 Verbo
1748 5057 1817 5123 in

299 5163 742 5232 mditiombus
807 5164 1174 5243 nobilibus;
1229 5168 1445 5232 tamen
1499 5168 1816 5247 quantum

300 5269 371 5334 nd
416 5273 722 5338 rationem
774 5271 1308 5355 exemplar-itatis,
1369 5272 1507 5337 sive
1561 5275 1817 5356 experi-

358 5430 1052 5500 ·Axi=t.‚,uetq›11.1ib.‚1x
1080 5433 1637 5500 textaletsaqff-
1659 5435 1814 5500 Aug,

306 5498 567 5568 kmi„
591 5502 1525 5573 lib.,...,.1011-⁸Poalcxr.vm³
1556 5505 1814 5567 —⁸1.ue.

1937 638 2302 718 mentalem,
2320 657 2452 705 non
2470 638 2718 705 excedit
2736 640 3008 722 angelus
3024 642 3476 715 vermiculum.

1937 745 2031 811 Ita
2073 746 2249 810 enim
2298 746 2463 811 ratio
2506 746 2840 811 vermiculi
2895 748 3198 830 exprimit
3238 753 3477 817 vermi-

1935 854 2192 933 culum,
2233 854 2398 918 sicut
2435 854 2600 919 ratio
2643 855 2862 936 angeli
2915 857 3243 937 angelum.
3290 859 3479 926 Vides

1935 977 2095 1042 ergo
2117 1009 2134 1039 ,
2165 960 2486 1044 quomodo
2519 961 2601 1024 ab
2638 962 3066 1029 actualissimo
3093 969 3246 1030 suut
3273 970 3479 1045 possi-

1934 1067 2123 1147 bilia,
2152 1087 2193 1132 a
2232 1067 2640 1132 stabilissimo
2683 1070 3016 1134 mutabilia
3036 1120 3054 1152 ,
3086 1091 3126 1135 a
3152 1073 3475 1140 sublimis-

1934 1176 2097 1241 simo
2133 1176 2381 1241 infima.
2414 1175 2493 1240 Et
2533 1177 2696 1242 sicut
2737 1177 2854 1241 lux
2880 1178 3028 1242 facit
3067 1180 3481 1246 multiformi·
3549 1251 3555 1257 ,

1934 1289 2133 1350 tatem
2167 1286 2453 1351 colorum
2474 1335 2492 1366 ,
2525 1287 2616 1350 ita
2645 1286 2928 1351 Verbum
2955 1288 3478 1371 multiplicitatem

1934 1411 2158 1458 rerum
2181 1441 2201 1472 ,
2231 1397 2296 1458 et
2334 1394 2754 1459 varietatem:
2800 1395 2940 1460 ideo
2988 1414 3121 1462 non
3166 1399 3482 1482 contingit

1933 1500 2326 1581 intelligere,
2371 1501 2496 1565 nisi
2536 1520 2653 1584 per
2688 1500 2971 1568 Verbum
2998 1506 3043 1567 ².
3090 1504 3243 1570 Haec
3286 1506 3483 1571 clavis

1932 1608 2168 1674 animae
2209 1614 2503 1691 purgatae
2543 1628 2659 1693 per
2698 1611 2914 1691 fidem,
2965 1615 3320 1678 necessaria
3363 1621 3478 1696 est,

1933 1717 2091 1799 quia
2123 1718 2358 1782 mentis
2395 1718 2702 1783 humanae
2729 1719 2899 1784 acies
2938 1720 3220 1786 invalida
3250 1722 3319 1786 in
3346 1727 3480 1788 tam

1933 1820 2265 1885 excellenti
2289 1820 2436 1886 luce
2461 1840 2590 1886 non
2614 1823 2863 1904 flgitur,
2887 1824 3013 1888 nisi
3036 1842 3150 1907 per
3163 1825 3481 1908 justitiam

1931 1927 2080 1993 fidei
2123 1927 2528 1993 emundetur.
2572 1927 2749 1995 Unde
2786 1948 3011 1996 omnes
3052 1933 3164 2015 qui
3204 1951 3335 1998 666
3362 1934 3482 1999 116-

1930 2035 2089 2101 11661
2138 2036 2334 2100 fidem
2362 2084 2382 2117 ,
2440 2037 2682 2102 habent
2735 2055 3002 2103 manum
3055 2044 3475 2122 amputatam.

1935 2142 2111 2209 Unde
2141 2143 2686 2228 psalmographus
2709 2145 2770 2209 ⁸:
2804 2168 2836 2207 α
2858 2144 2999 2228 Ipse
3026 2145 3206 2227 dixit,
3228 2151 3291 2213 et
3315 2148 3482 2213 facta

1930 2256 2105 2330 sunt,
2147 2273 2179 2312 11
2214 2256 2333 2316 ete.

2011 2359 2306 2425 Secunda
2327 2360 2524 2424 clavis
2550 2364 2645 2425 est
2670 2359 3030 2425 intellectus
3051 2360 3245 2427 Verbi
3273 2362 3479 2429 incar-

1930 2468 2103 2547 nati,
2157 2484 2272 2549 per
2324 2467 2498 2551 quod
2553 2468 2773 2532 omnia
2831 2474 3235 2550 reparantur.
3298 2469 3476 2538 Unde

1930 2573 2214 2640 Christus
2242 2575 2487 2640 dicebat
2514 2582 2538 2617 ⁴
2569 2594 2587 2639 :
2623 2599 2656 2637 α
2682 2574 2835 2641 Haec
2870 2581 3024 2641 sunt
3057 2578 3287 2659 verba,
3325 2598 3474 2661 quae

1928 2681 2179 2746 locutus
2208 2701 2356 2747 sum
2384 2683 2589 2762 vobis,
2620 2701 2772 2748 cum
2797 2683 3009 2749 adhuc
3032 2702 3239 2751 essem
3267 2688 3474 2753 vobis-

1929 2808 2110 2869 cum,
2139 2791 2449 2874 quoniam
2476 2795 2724 2874 oportet
2748 2791 3031 2875 impleri,
3063 2812 3213 2877 quae
3240 2797 3476 2878 scripta

1929 2898 2169 2963 suntin
2189 2898 2364 2981 lege,
2392 2904 2456 2964 et
2481 2900 2832 2983 prophetis,
2864 2905 2924 2965 et
2949 2902 3208 2984 psalmis
3234 2903 3314 2967 de
3343 2922 3471 2970 me.

1929 3003 2112 3071 Tunc
2147 3008 2396 3090 aperuit
2435 3008 2559 3073 illis
2594 3026 2890 3088 sensum,
2929 3014 3002 3074 ut
3040 3009 3476 3094 intelligerent

1928 3113 2311 3197 Scripturas.
2340 3136 2371 3178 1)
2407 3114 2718 3200 Loquitur
2750 3116 3031 3182 Verbum
3061 3116 3205 3199 Dei,
3236 3120 3314 3186 de
3342 3139 3473 3204 quo

1929 3223 2085 3298 dicit,
2115 3223 2393 3289 Joannes
2417 3230 2440 3265 ⁸
2475 3247 2491 3289 ε
2530 3248 2563 3286 α
2587 3222 2872 3290 Verbum
2904 3244 3052 3290 caro
3079 3227 3319 3291 factum
3352 3235 3469 3310 est,

1928 3334 1993 3394 et
2033 3330 2348 3396 habitavit
2388 3331 2458 3395 in
2502 3333 2688 3397 nobis
2729 3355 2746 3398 z
2777 3355 2810 3394 »
2847 3334 2961 3398 ubi
2997 3335 3271 3400 ostendit
3314 3336 3473 3402 duas

1928 3443 2195 3504 naturas
2218 3439 2288 3504 in
2317 3458 2449 3505 una
2472 3459 2762 3523 persona.
2791 3442 2969 3506 Hanc
2994 3441 3473 3526 Scripturarum

1927 3546 2362 3630 impletionem
2399 3548 2580 3615 docet
2615 3549 2884 3632 Paulus,
2922 3552 3180 3635 quando
3218 3553 3370 3616 dicit
3397 3553 3419 3588 ⁸
3451 3573 3467 3617 z

1938 3677 1970 3715 α
1997 3654 2175 3719 Finis
2198 3655 2369 3737 legis
2395 3660 2493 3722 est
2516 3657 2808 3722 Christus
2836 3659 2917 3724 ad
2937 3659 3257 3741 justitiam
3294 3660 3474 3724 omni

1929 3763 2231 3828 credenti.
2283 3785 2317 3824 11
2368 3762 2443 3828 16
2487 3763 2631 3846 lege
2679 3765 2991 3848 scriptum
3044 3771 3175 3847 est,
3228 3769 3405 3851 quod
3449 3773 3472 3811 ¹

1937 3891 1970 3929 «ι
1993 3867 2126 3934 duo
2157 3867 2502 3949 Cherubin,
2536 3871 2739 3935 versis
2764 3872 3052 3937 vultibus
3078 3873 3148 3936 in
3176 3874 3473 3958 propitia·

1929 3977 2169 4042 torium
2187 3978 2231 4057 ’,“
2253 3996 2323 4043 56
2369 3979 2809 4061 respiciebant.
2853 4002 2885 4041 n
2929 3981 3068 4046 Duo
3115 3983 3469 4065 Cherubin,

1929 4084 2056 4149 duo
2107 4089 2514 4163 testamenta,
2562 4104 2842 4169 quorum
2892 4092 3184 4172 aspectus
3234 4092 3363 4155 erit
3404 4093 3474 4156 in

1930 4192 2277 4259 Christum.
2310 4195 2431 4260 Per
2452 4195 2618 4260 hanc
2646 4196 2893 4260 clavem
2915 4196 3108 4262 Verbi
3134 4201 3469 4279 incarnati,

1930 4300 2277 4384 Scripturae
2306 4303 2545 4367 habent
2568 4303 2862 4385 intelligi,
2890 4322 3038 4387 quae
3063 4314 3216 4371 suut
3242 4309 3474 4391 princi·

1927 4409 2157 4492 paliter
2183 4410 2261 4475 de
2288 4411 2588 4494 operibus
2628 4412 3086 4494 reparationis3
3128 4415 3253 4479 nisi
3295 4417 3468 4480 enim

1930 4515 2253 4598 intelligas
2273 4517 2597 4600 originem
2626 4521 2689 4582 et
2715 4518 3006 4583 ordinem
3027 4523 3467 4603 reparationis,

1930 4622 2326 4707 Scripturam
2379 4625 2739 4707 intelligere
2793 4645 2923 4690 666
2972 4633 3172 4710 poteS.
3223 4629 3471 4695 Nomen

1928 4736 2148 4796 autem
2193 4732 2594 4815 Reparatoris
2647 4737 2744 4798 est
2782 4733 3065 4800 Verbum
3109 4735 3252 4817 Dei,
3297 4740 3471 4820 quod

1929 4840 2225 4904 describit
2267 4840 2459 4905 Isaias
2495 4840 2589 4903 sic
2625 4840 2924 4923 inquiens
2959 4846 2983 4880 ⁸
3029 4864 3045 4907 :
3083 4865 3115 4904 α
3152 4843 3472 4912 Parvulus

1929 4951 2122 5011 natus
2165 4950 2261 5011 est
2303 4947 2518 5025 nobis,
2562 4951 2626 5011 et
2668 4948 2839 5013 filius
2887 4949 3074 5015 datus
3111 4955 3209 5016 est
3249 4954 3467 5034 nobis,

1929 5057 2117 5136 cujus
2165 5054 2507 5137 imperium
2550 5071 2741 5136 super
2789 5054 3139 5122 humerum
3183 5061 3326 5143 eJus
3338 5108 3360 5141 ‚
3408 5068 3473 5127 et

1926 5160 2264 5225 vocabitur
2297 5178 2534 5225 nomen
2578 5163 2723 5243 ejus
2763 5160 3210 5246 Admirabilis,
3249 5168 3472 5234 Consi-

1925 5264 2423 5349 11611115,1)6115,
2469 5265 2710 5350 Fortis,
2753 5267 2941 5334 Pater
2970 5270 3173 5338 futuri
3215 5276 3466 5355 saeculi,

1925 5431 2189 5495 ιιιν,,44
2225 5429 2450 5481 11.’1.--ι
2482 5428 2734 5496 Ιοωι.,,1
2771 5431 3185 5498 ι4..,-“1ωηι
3221 5448 3287 5502 x
3323 5439 3468 5490 4..

1919 5502 2162 5566 ῖΕωοά..
2188 5502 2558 5566 xxv,.2⁰-⁸
2582 5503 2706 5568 Ita.
2739 5505 2893 5568 116
