4196 6294
661 398 780 462 408

660 531 736 591 rit
774 527 1061 605 sapientia
1099 542 1205 586 cor
1245 533 1445 599 tuum,
1482 530 1540 585 et
1582 528 1824 586 scientia
1851 528 2064 587 animae
2090 532 2207 588 tuas

660 623 980 701 placuerit,
1008 620 1324 681 consilium
1368 620 1660 680 custodiet
1682 624 1740 678 te
1759 663 1780 692 ,
1809 625 1866 679 et
1889 622 2210 696 prudentia

662 717 924 778 servabit
946 721 1003 776 te
1024 734 1044 789 ;
1069 737 1098 771 n
1137 715 1310 790 quasi
1356 715 1512 774 dicat
1553 733 1569 772 :
1617 715 1675 774 Si
1715 716 2005 790 sapientia
2042 716 2212 791 spiri-

663 810 839 872 tualis
861 809 1089 869 venerit
1110 809 1191 868 ad
1219 809 1416 868 cordis
1434 810 1518 868 tui
1540 808 1866 883 introitum,
1888 813 1946 870 et
1971 811 2215 870 scientia

663 905 961 967 saecularis
1003 904 1446 980 apprehensivae
1490 908 1605 962 tuae
1654 905 1989 978 placuerit,
2028 905 2214 964 consi-

665 1002 816 1060 lium
860 998 1160 1074 sapientiae
1198 997 1488 1056 custodiet
1513 1000 1571 1055 te
1609 1003 1899 1074 quantum
1932 1000 2014 1059 ad
2041 999 2213 1074 spiri-

667 1094 880 1165 tualia,
912 1097 969 1152 et
998 1092 1317 1167 prudentla
1338 1091 1634 1151 saecularis
1656 1094 1917 1152 servabit
1941 1096 1996 1151 te
2026 1108 2216 1167 quan-

668 1195 797 1248 tum
825 1189 906 1248 ad
932 1188 1284 1264 temporalia
1317 1208 1336 1246 :
1367 1205 1503 1247 ecce
1542 1189 1742 1247 cordis
1781 1188 2107 1248 introitum.
2136 1191 2216 1247 De

669 1283 933 1342 secundo
956 1282 1015 1341 ¹:
1055 1303 1083 1337 α
1099 1283 1337 1341 Custodi
1367 1299 1459 1356 ea,
1477 1303 1507 1338 r
1539 1283 1761 1342 scilicet
1787 1284 2031 1357 eloquia
2058 1299 2216 1355 mea,

677 1379 784 1436 «in
808 1378 1011 1437 medio
1037 1376 1234 1436 cordis
1256 1377 1411 1449 tui‚»
1434 1376 1712 1436 videlicet
1737 1378 1800 1435 in
1816 1379 2080 1452 potentia
2096 1395 2220 1437 me·

671 1470 965 1532 morativa
996 1489 1012 1529 ε
1038 1486 1174 1529 ecce
1199 1471 1396 1529 cordis
1420 1470 1708 1530 medium.
1728 1474 1806 1530 De
1825 1472 1996 1530 tertio
2015 1471 2038 1505 ²
2062 1490 2078 1530 ε
2098 1475 2219 1532 «De

672 1566 854 1625 corde
882 1568 1100 1624 exeunt
1129 1565 1516 1639 cogitationes
1533 1608 1553 1638 ,
1578 1585 1608 1619 n
1641 1565 1862 1624 scilicet
1903 1582 2013 1640 per
2050 1567 2224 1625 inter-

670 1660 976 1735 pretativae
1033 1659 1307 1734 potentias
1362 1659 1751 1719 eructationes
1780 1678 1796 1716 ι
1849 1676 1984 1718 ecce
2024 1659 2223 1720 cordis

675 1755 920 1812 exitum.
952 1753 1009 1812 Si
1034 1753 1127 1811 vis
1155 1770 1299 1827 ergo
1337 1753 1506 1812 omni
1543 1753 1815 1813 custodia
1853 1770 2089 1813 servare
2118 1772 2222 1814 cor

675 1856 875 1920 tuum,
902 1847 1076 1923 quasi
1101 1847 1403 1922 spirituale
1434 1847 1807 1922 praesidium,
1839 1849 2068 1907 custodi
2097 1850 2224 1922 ejus

680 1942 1023 2013 introitum,
1066 1942 1367 2014 medium,
1394 1946 1452 2000 et
1501 1943 1757 2015 exitum3
1789 1946 1854 2001 ut
1895 1944 2021 2002 nihi
2078 1944 2226 2003 reci·

678 2036 841 2111 pias,
874 2036 1024 2095 nihil
1049 2036 1333 2110 retineas,
1353 2036 1500 2095 nihil
1526 2037 1875 2112 pronunties
1895 2080 1913 2109 ,
1952 2037 2066 2096 nisi
2108 2054 2229 2096 rec-

1170 2205 1453 2261 Articulus
1489 2206 1740 2278 quartae.

762 2320 880 2379 Nisi
918 2319 1134 2391 deinde
1169 2320 1470 2378 humilitas
1505 2320 1568 2378 in
1607 2321 1857 2380 Domino
1887 2322 2231 2394 confideret,

686 2414 1184 2489 psalmographus
1236 2430 1362 2472 non
1405 2415 1831 2490 superadderet
1869 2436 1889 2489 3
1944 2404 2240 2474 Scrutabor'

687 2509 951 2567 mandata
979 2513 1076 2566 tua
1097 2550 1114 2579 ,
1159 2509 1325 2583 quod
1356 2509 1609 2585 pertinet
1645 2510 1725 2569 ad
1747 2511 2091 2569 scrutinium
2125 2513 2234 2569 hu·

689 2602 989 2675 militatis,
1031 2602 1199 2676 cujus
1235 2619 1539 2662 summum
1583 2609 1669 2663 est
1715 2605 1978 2663 studium
2020 2606 2236 2664 divinis

693 2696 1105 2772 obtemperare
1131 2697 1447 2756 mandatis.
1480 2698 1581 2756 Hic
1615 2704 1808 2774 potest
1832 2700 2045 2773 notari,
2068 2700 2238 2775 quod

693 2791 1039 2851 humilitatis
1068 2795 1156 2851 est
1182 2794 1460 2866 scrutari,
1488 2810 1612 2852 non
1644 2794 2084 2871 imprudenter,
2114 2812 2238 2854 non

695 2885 1072 2961 impudenter
1090 2929 1111 2958 ,
1140 2886 1248 2944 sed
1274 2887 1615 2961 prudenter.
1644 2889 2051 2963 imprudenter
2079 2906 2239 2948 scru-

697 2983 893 3038 tantur
919 2979 1136 3038 curiosi
1157 2998 1176 3052 3
1203 2980 1602 3054 impudenter,
1626 2982 1948 3055 luxuriosi3
1980 2984 2241 3058 pruden-

698 3077 816 3146 ter,
844 3072 1127 3131 virtuosi.
1158 3076 1237 3131 De
1263 3076 1460 3149 primo
1484 3076 1505 3111 ³
1536 3094 1551 3133 ε
1583 3095 1612 3130 α
1638 3076 1787 3134 ΝοΙο
1816 3080 1882 3135 ut
1907 3077 2243 3137 scrutemini

700 3172 897 3227 actum
923 3184 1155 3241 meum,
1185 3188 1214 3224 n
1248 3173 1538 3244 quantum
1573 3172 1653 3230 ad
1680 3171 2026 3230 scrutinium
2052 3173 2244 3232 curio-

701 3278 856 3320 sum.
905 3266 985 3320 De
1031 3265 1293 3323 secundo
1313 3265 1379 3322 ⁶:
1414 3285 1445 3319 a
1480 3268 1560 3325 Ne
1612 3266 1892 3340 respicias
1932 3267 2246 3326 mulierem

701 3356 882 3416 alieni
921 3358 1031 3416 viri
1059 3400 1080 3430 ,
1131 3360 1188 3416 et
1235 3374 1310 3416 ne
1368 3359 1639 3417 scruteris
1686 3361 1965 3420 ancillam
2013 3363 2140 3436 ejus
2160 3402 2181 3434 ,
2212 3384 2241 3420 a

705 3455 996 3526 quantum
1032 3452 1114 3513 ad
1160 3453 1507 3511 scrutinium
1534 3453 1926 3513 luxuriosum.
1972 3459 2050 3514 De
2076 3458 2247 3516 tertio

708 3548 1058 3605 scribitur-⁸:
1095 3567 1124 3601 α
1149 3547 1465 3607 Scrutabor
1508 3548 1703 3622 legem
1741 3552 1932 3618 tuam,
1961 3555 2018 3608 et
2057 3555 2251 3608 custo-

709 3640 870 3701 diam
897 3640 1065 3700 illam
1091 3642 1155 3700 in
1191 3645 1315 3700 toto
1361 3642 1539 3701 corde
1578 3659 1720 3720 ⁴meo
1740 3685 1761 3714 ,
1789 3663 1818 3699 ιο
1850 3650 2143 3718 quantum
2171 3645 2250 3704 ad

710 3735 1058 3796 scrutinium
1082 3736 1433 3796 virtuosum.
2076 3741 2081 3745 ’

1351 3901 1612 3968 Epilogus.

783 4025 987 4098 Liquet
1038 4024 1217 4097 igitur
1266 4040 1435 4083 mens
1488 4025 1791 4099 Prophetae
1845 4025 2253 4087 demonstrare

713 4118 968 4179 volentis
995 4118 1382 4177 resistentiam
1408 4119 1759 4192 tentationiS,
1781 4120 2249 4180 demonstrando

716 4214 1037 4273 exercitum
1063 4213 1334 4272 vanitatis
1358 4218 1563 4272 contra
1587 4214 1858 4289 spiritum
1883 4214 2246 4273 humilitatis

715 4309 808 4368 Ait
841 4307 1003 4366 enim
1034 4325 1047 4364 :
1077 4308 1455 4381 nultiplicata
1500 4313 1578 4366 est
1617 4325 1779 4381 super
1817 4325 1933 4374 me,
1963 4312 2253 4382 quantum

714 4404 796 4462 ad
822 4403 1143 4461 exercitum
1168 4401 1538 4462 obsidentem
1550 4423 1567 4475 3
1591 4404 1865 4475 iniquitas
1891 4406 2253 4476 superborum,

716 4500 1008 4572 quantum
1050 4496 1130 4556 ad
1158 4497 1476 4556 vanitatem
1521 4496 1902 4568 stridentem;
1932 4499 2049 4567 qu
2077 4502 2255 4553 autem

716 4596 778 4648 in
810 4597 919 4651 toto
961 4591 1117 4649 corde
1155 4607 1295 4662 meo,
1325 4594 1611 4665 quantum
1652 4590 1730 4647 ad
1758 4590 2028 4664 spiritum
2054 4591 2255 4664 praesi-

719 4686 993 4760 dentem3
1033 4686 1323 4744 scrutabor
1367 4685 1628 4741 mandata
1671 4690 1802 4753 tua,
1849 4691 2139 4758 quantum
2179 4685 2258 4742 ad

715 4778 1107 4840 humilitatem
1130 4781 1192 4838 in
1219 4779 1469 4838 Domino
1506 4775 1921 4837 confidentem.

1274 5004 1607 5049 melcums
1642 5006 1721 5048 vl.

744 5183 753 5192 ·
790 5169 875 5223 70.
904 5167 1257 5240 Coaqulacum
1283 5169 1379 5238 est,
1401 5168 1540 5222 sicut
1567 5167 1668 5234 lac,
1692 5180 1992 5236 cereorum,
2014 5165 2122 5221 etc.
2149 5165 2260 5219 Re-

719 5259 1040 5344 sistentiam
1077 5261 1375 5321 tentatoris
1413 5258 1752 5333 praecedens
1791 5275 1995 5317 versus
2033 5273 2260 5332 propo,-

720 5354 871 5426 suit3
902 5354 1211 5415 victoriam
1235 5354 1571 5414 tentationis
1597 5370 1851 5428 praesens
1878 5368 2082 5412 versus
2120 5365 2259 5424 pro-

1704 389 2119 458 EXPOSITIO
2167 391 2243 457 ΙΝ
2289 392 2815 461 PSALTERIUM.

2316 530 2529 603 ponit,
2584 528 2942 588 insinuando
2999 527 3292 586 defectum
3352 528 3508 586 circa
3555 527 3857 586 tentatoris

2319 623 2594 682 affectum
2613 666 2634 695 ,
2681 627 2738 682 et
2781 625 3129 698 provectum
3173 621 3330 680 circa
3370 620 3608 679 victoris
3657 637 3857 695 aspec-

2317 721 2466 776 tum.
2498 718 2759 777 Defectus
2800 717 3054 792 pertinet
3094 715 3174 774 ad
3217 715 3545 790 potentiam
3569 715 3851 788 ligatam3

2321 811 2562 871 affectus
2581 854 2602 883 ,
2649 813 2730 870 ad
2783 808 3260 886 malevolentiam
3302 809 3673 882 instigatam3
3717 823 3857 882 pro·

2321 912 2553 980 vectus,
2581 908 2660 967 ad
2685 907 3030 982 patientiam
3067 906 3415 978 levigatam;
3461 908 3748 978 aspectus,
3775 902 3854 960 ad

2323 1003 2671 1077 sapientiam
2734 1017 2854 1077 qua
2922 1000 3172 1058 vincitur
3211 997 3439 1057 malitia
3491 997 3852 1070 investigata.

2823 1163 3108 1220 Articulus
3139 1163 3372 1234 primus.

2398 1291 2689 1359 Quantum
2716 1288 2797 1346 ad
2828 1288 3123 1362 primum,
3155 1285 3522 1361 praemittitur
3552 1303 3567 1341 ε
3601 1284 3860 1356 coacula-

2329 1387 2442 1439 tum
2469 1388 2550 1439 cst
2577 1387 2715 1440 sicut
2757 1385 2859 1440 lac.
2903 1383 3014 1439 lsta
3055 1379 3390 1453 coagulatio
3436 1382 3524 1437 est
3562 1378 3861 1437 diabolicoe

2239 1534 2245 1540 .
2325 1476 2600 1552 potentiae
2646 1476 2849 1549 ligatio
2880 1518 2899 1547 ,
2946 1492 3078 1550 quas
3123 1474 3341 1547 ligatur
3383 1472 3599 1531 divinae
3640 1472 3862 1531 virtutis

2326 1570 2684 1642 retinaculo,
2704 1569 2854 1628 sicut
2878 1569 3097 1643 ligatur
3121 1569 3216 1627 lac
3244 1584 3281 1625 a
3307 1567 3584 1640 coagulo.
3616 1570 3680 1624 Et
3704 1572 3862 1640 nota,

2331 1664 2496 1739 quod
2540 1663 2674 1722 talis
2714 1663 3081 1736 coagulatio,
3111 1678 3215 1720 seu
3258 1660 3531 1735 potentiae
3565 1660 3863 1731 limitatio,

2331 1759 2394 1816 in
2422 1757 2669 1817 diversis
2698 1756 3095 1816 diversimode
3123 1755 3432 1830 reperitur.
3464 1754 3628 1811 Unde
3655 1754 3865 1812 diversi

2333 1851 2730 1910 diversimode
2775 1850 3070 1924 coagulati
3115 1850 3391 1922 leguntur
3439 1866 3453 1907 ε
3504 1848 3672 1907 aliter
3713 1850 3866 1907 enim

2333 1945 2524 2004 existit
2564 1946 2907 2018 coagulatus
2946 1944 3116 2002 foetus
3163 1944 3227 2002 in
3265 1943 3506 2002 matrice
3551 1942 3865 2017 formatus3

2335 2039 2506 2098 aliter
2530 2040 2766 2114 spiritus
2803 2039 3154 2097 informatus
3167 2057 3186 2111 3
3215 2038 3383 2097 aliter
3418 2036 3659 2111 spiritus
3700 2037 3872 2096 infor-

2337 2133 2577 2206 mantis,
2605 2133 2924 2192 informato
2967 2131 3194 2207 spiritui
3233 2129 3656 2189 conformatus.
3685 2131 3874 2190 Prima

2339 2231 2425 2286 est
2450 2227 2783 2302 coagulatio
2810 2226 3110 2286 seminalis
3123 2245 3140 2298 ;
3170 2225 3433 2284 secunda
3459 2223 3868 2299 disciplinalis3

2337 2323 2508 2380 tertia
2552 2321 2913 2380 doctrinalis
2959 2323 3036 2389 De
3087 2319 3284 2395 primo
3320 2320 3343 2354 ⁶
3397 2337 3411 2375 ε
3467 2336 3499 2371 ι(
3526 2318 3874 2391 coagulatus

2340 2432 2474 2474 sum
2514 2415 2576 2474 in
2621 2415 2908 2488 sanguine
2951 2428 3024 2472 ex
3067 2412 3291 2471 semine
3334 2411 3594 2470 hominis
3624 2430 3640 2468 ε
3667 2434 3697 2468 1·
3747 2427 3875 2469 ecce

2342 2511 2677 2586 coagulatio
2706 2509 3032 2580 seminalis,
3062 2525 3183 2583 qua
3220 2503 3505 2567 limitatur
3542 2506 3716 2566 foetus
3758 2523 3879 2565 ma-

2341 2606 2489 2665 teria
2514 2612 2550 2676 ,‘
2572 2620 2704 2679 quae
2747 2604 3107 2661 ministratur
3131 2618 3168 2659 a
3192 2600 3415 2659 femina
3459 2617 3566 2675 per
3609 2600 3878 2659 virtutem

2343 2698 2719 2758 formativam
2753 2742 2771 2770 ,
2818 2714 2952 2772 quae
2994 2695 3294 2754 derivatur
3329 2711 3366 2752 a
3404 2694 3691 2753 masculo.
3724 2694 3879 2751 Unde

2347 2792 2740 2867 Philosophus
2756 2791 2777 2824 '¹
2803 2811 2818 2848 ε
2846 2811 2874 2844 «
2897 2790 2993 2848 Vir
3011 2790 3114 2848 dat
3135 2790 3390 2846 formam
3416 2793 3474 2846 et
3497 2788 3877 2862 principium;

2344 2887 2567 2946 femina
2597 2888 2699 2945 dat
2725 2902 2942 2960 corpus
2970 2889 3027 2943 et
3062 2884 3392 2942 materiam.
3422 2902 3451 2937 ιο
3484 2882 3641 2940 Sicut
3678 2882 3883 2940 accidit

2347 2983 2409 3039 in
2433 2982 2581 3040 lacte
2628 2980 2967 3054 coagulato,
2995 2978 3163 3053 quod
3214 2994 3430 3052 corpus
3475 2976 3593 3034 exit
3640 2993 3713 3035 ex
3738 2975 3881 3033 lacte

2349 3079 2407 3134 et
2460 3075 2794 3149 coagulatio
2868 3089 2943 3130 ex
3012 3070 3265 3144 coagulo
3291 3091 3309 3143 ;
3378 3070 3459 3128 ita
3526 3069 3646 3127 exit
3705 3068 3880 3141 illud,

2351 3170 2518 3244 quod
2558 3167 2924 3227 abscinditur
2978 3183 3014 3224 a
3069 3181 3233 3223 mare
3282 3165 3345 3221 in
3372 3164 3616 3222 femina.
3673 3165 3752 3220 De
3801 3178 3883 3221 sc·

2351 3264 2550 3322 cundo
2607 3262 2819 3320 dicitur
2886 3275 2994 3334 per
3054 3258 3416 3317 psalmistam
3457 3256 3482 3291 ⁸
3545 3275 3561 3315 :
3611 3275 3641 3313 a
3680 3254 3885 3330 thuid

2354 3356 2732 3433 suspicamini
2783 3359 3016 3413 montes
3072 3352 3414 3425 coagulatos
3440 3352 3470 3408 ἲ
3513 3371 3542 3407 »
3599 3354 3720 3411 Hoc
3761 3356 3884 3409 est:

2353 3455 2469 3511 Cur
2506 3451 2592 3509 illi
2633 3466 2806 3525 pares
2852 3447 3181 3523 opinamini
3216 3487 3236 3517 ,
3283 3446 3388 3519 qui
3435 3448 3522 3503 est
3568 3461 3744 3503 mons
3792 3443 3886 3502 Dei

2354 3546 2683 3604 secundum
2711 3543 2976 3602 divinam
3014 3543 3323 3610 naturam,
3349 3542 3407 3598 et
3440 3555 3616 3598 mons
3659 3537 3885 3613 pinguis

2355 3640 2683 3699 secundum
2734 3639 3059 3696 humanam
3084 3677 3104 3705 ,
3149 3635 3244 3692 cui
3297 3634 3465 3690 datus
3519 3637 3605 3691 est
3659 3633 3885 3706 spiritus

2356 3751 2481 3793 non
2509 3734 2587 3792 ad
2623 3748 2996 3802 mensuram,
3027 3729 3163 3787 illos
3208 3728 3314 3802 qui
3354 3731 3490 3786 sunt
3528 3730 3759 3785 montes
3782 3767 3801 3797 ,
3828 3725 3887 3783 id

2360 3833 2476 3902 est,
2500 3828 2785 3903 sapientia
2818 3830 2874 3883 et
2918 3824 3106 3897 gratia
3133 3822 3456 3880 eminentes
3473 3862 3493 3892 ,
3534 3820 3640 3879 sed
3678 3837 3888 3894 coagu-

2357 3922 2489 3996 lati,
2518 3939 2622 3980 seu
2664 3919 2893 3979 limitati
2928 3916 3259 3976 secundum
3292 3930 3635 3974 mensuram
3661 3914 3887 3989 spiritus

2360 4017 2474 4075 sibi
2528 4015 2649 4074 dati
2686 4016 2714 4071 ‘l
2783 4029 2892 4071 nec
2963 4012 3122 4069 enim
3179 4013 3533 4084 acceperunt
3610 4011 3888 4083 quantum

2362 4110 2625 4185 accipere
2658 4107 3005 4182 potuerunt,
3034 4104 3253 4161 scilicet
3297 4102 3626 4162 secundum
3667 4116 3890 4161 mensu·

2360 4222 2492 4265 ram
2546 4200 2882 4261 donationis
2935 4198 3161 4257 Christi.
3218 4197 3370 4257 Talis
3426 4200 3512 4254 est
3566 4195 3889 4269 coagulatio

2363 4295 2775 4372 disciplinaIiS,
2807 4309 2928 4369 qua
2955 4292 3239 4350 limitatur
3265 4291 3529 4365 potentia
3573 4289 3891 4364 apprehen·

2362 4394 2489 4450 siva
2527 4388 2795 4463 discipuli
2820 4428 2839 4457 ,
2865 4386 3194 4444 secundum
3234 4385 3448 4442 limites
3475 4383 3769 4457 dogmatis
3793 4398 3892 4455 ap-

2361 4484 2656 4561 prehensi.
2689 4486 2765 4540 De
2793 4481 2963 4540 tertio
3007 4480 3276 4554 psallitur
3311 4496 3419 4554 per
3455 4476 3847 4552 Prophetam⁹
3875 4492 3888 4531 ε

2371 4602 2398 4636 α
2423 4585 2586 4639 Mons
2628 4577 2972 4651 coagulatus
2987 4618 3006 4648 ,
3044 4591 3219 4632 mons
3245 4573 3520 4649 pinguis;
3549 4589 3578 4626 ιο
3611 4569 3784 4645 quasi
3810 4568 3894 4626 di·

2365 4677 2459 4734 cat
2490 4692 2505 4732 τ
2539 4673 2639 4732 llle
2655 4715 2672 4744 ,
2704 4670 2808 4745 qui
2836 4675 2921 4728 cst
2948 4685 3121 4727 mons
3151 4667 3393 4742 pinguis
3433 4664 3762 4723 secundum
3786 4663 3895 4719 hu-

2364 4784 2606 4828 manam
2631 4767 2925 4833 naturam,
2949 4761 3298 4836 accipiendo
3326 4759 3605 4834 Spiritum
3637 4762 3897 4816 sanctum

2365 4878 2489 4922 non
2517 4860 2597 4919 ad
2622 4873 2990 4928 mensuram,
3013 4859 3100 4913 est
3125 4854 3470 4927 coagulatus
3497 4849 3899 4910 collimitando

2367 4962 2424 5018 et
2451 4951 2881 5015 conformando
2921 4968 2983 5009 se
3012 4948 3389 5009 audientibus
3428 4945 3755 5004 secundum
3783 4943 3902 5001 exi-

2433 5136 2443 5163 ¹
2483 5131 2652 5189 Pron„
2692 5135 2763 5187 lv,
2798 5127 2877 5175 21.
2912 5150 2975 5163 —
3009 5124 3028 5154 ²
3061 5121 3268 5175 March..
3299 5132 3387 5183 xv,
3443 5124 3521 5171 18.
3555 5145 3620 5156 -
3653 5119 3673 5148 ³
3710 5116 3906 5176 ludim,

2367 5216 2488 5266 vm,
2519 5205 2596 5251 33.
2618 5225 2682 5235 —
2717 5199 2732 5226 ⁴
2771 5196 2941 5260 lice-li„
2973 5209 3089 5261 xm,
3134 5197 3209 5245 17.
3242 5220 3304 5231 -
3346 5195 3364 5223 ⁸
3401 5192 3535 5243 Psal.
3569 5190 3704 5251 hoc.
3736 5193 3816 5239 34.
3847 5216 3907 5226 —

2369 5285 2387 5310 ὃ
2415 5280 2552 5340 Sap„
2585 5283 2678 5328 vn,
2710 5273 2756 5318 2.
2784 5294 2848 5305 —
2875 5272 2891 5301 ²
2925 5269 3097 5329 Arist„
3125 5267 3186 5316 de
3201 5267 3422 5330 qenerat.
3453 5262 3702 5325 Animal„
3730 5261 3819 5312 lib.
3847 5261 3907 5322 ll,

2368 5368 2411 5402 c.
2445 5359 2515 5398 ιν.
2540 5371 2593 5382 -
2617 5344 2640 5379 ⁸
2662 5341 2795 5393 psal.
2826 5353 2987 5403 nvn,
3015 5342 3089 5391 17.
3118 5365 3171 5377 -
3194 5340 3216 5375 ⁹
3247 5338 3393 5399 thid„
3419 5339 3495 5387 16.
