4196 6294
587 498 668 559 28
1629 484 2303 559 ILLUMINATIONES
2346 484 2741 554 ECCLESIAE

586 650 777 709 nem;
812 648 1044 697 verum
1059 677 1079 710 ,
1134 629 1257 694 nisi
1304 627 1645 694 credideris
1682 629 1897 712 ipsum
1926 624 2133 691 cruci-

588 740 825 818 fixum,
847 756 979 802 non
1004 735 1411 819 consequeris
1430 735 1731 818 gratiam.
1758 735 1938 800 Unde
1964 734 2132 817 Apo-

588 846 791 911 stolus
834 844 985 909 dicit
1021 845 1041 880 ¹
1078 867 1094 908 :
1136 867 1167 905 α
1188 843 1329 909 Νο11
1357 862 1440 908 ex
1476 843 1778 926 operibus
1819 842 2085 926 justitiae
2105 888 2127 921 ,

588 973 739 1039 quae
761 953 1027 1019 fecimus
1049 970 1198 1032 1105,
1225 951 1335 1017 sed
1356 951 1706 1016 secundum
1733 970 1918 1015 suam
1946 950 2132 1014 mise-

588 1063 925 1128 ricordiam
948 1062 1158 1128 salvos
1186 1078 1306 1125 nos
1330 1060 1507 1141 fecit,
1542 1079 1659 1144 per
1675 1061 2002 1126 lavacrum
2024 1077 2130 1123 re-

568 1170 1044 1266 ·generationiffi
1066 1172 1130 1236 et
1152 1168 1588 1234 renovationis
1606 1168 1884 1251 Spiritus
1906 1167 2127 1247 sancti,

588 1298 783 1363 quem
806 1278 1037 1343 effudit
1074 1277 1142 1341 in
1170 1276 1354 1341 nobis
1380 1276 1461 1359 (α)
1492 1276 1744 1341 abunde
1770 1292 1885 1358 per
1911 1274 1944 1339 J
1948 1293 2132 1340 esum

589 1387 911 1453 Christum
956 1385 1353 1450 Salvatorem
1397 1387 1690 1448 nostrum
1714 1430 1736 1462 ,
1788 1385 1863 1446 ut
1890 1381 2130 1465 justiti-

588 1496 710 1560 cati
738 1493 948 1577 gratia
972 1493 1172 1576 ipsius
1190 1541 1208 1571 ‚
1233 1491 1520 1557 baeredes
1547 1490 1749 1555 simus
1776 1488 2130 1554 secundum

588 1621 768 1686 spem
788 1602 937 1668 vitae
957 1604 1238 1666 aeternae.
1253 1622 1284 1659 n
1313 1600 1588 1682 Spiritus
1608 1602 1883 1679 sanctuS,
1905 1597 2018 1681 qui
2036 1600 2132 1662 est

589 1711 769 1775 dator
780 1710 1160 1788 formarum,
1179 1710 1244 1772 et
1260 1707 1634 1772 distributor
1645 1706 2128 1784 charismatum,

586 1836 770 1884 amor
800 1820 897 1881 est
938 1815 1282 1899 procedens
1309 1834 1349 1879 a
1375 1813 1559 1879 Patre
1606 1817 1668 1878 et
1704 1813 1886 1879 Filio.
1932 1813 2133 1892 Quid-

586 1925 742 2009 quid
785 1925 991 2007 igitur
1031 1927 1186 2006 agat
1231 1922 1419 1988 Pater
1436 1972 1457 2003 ,
1504 1921 1813 2006 quidquid
1850 1921 2132 2004 patiatur

584 2033 784 2099 Filius
805 2082 824 2114 ,
854 2051 985 2097 non
1017 2032 1268 2116 proficit
1292 2032 1373 2096 ad
1398 2030 1669 2095 salutem
1710 2031 1847 2094 sine
1887 2029 2132 2113 Spiritu

587 2144 827 2206 sancto.
860 2139 1181 2213 Secundo,
1215 2138 1489 2223 Spiritus
1515 2142 1772 2203 sanctus
1794 2140 1893 2202 est
1921 2155 2129 2201 nexus

587 2248 792 2314 Patris
822 2253 884 2314 et
922 2248 1063 2313 Filii
1084 2299 1101 2329 ‚
1146 2251 1405 2313 nectens
1448 2265 1566 2312 1105
1612 2245 1783 2310 Patri
1836 2247 1901 2308 et
1941 2243 2124 2309 Filio.

588 2356 766 2422 Unde
792 2354 1121 2439 Apostolus
1147 2355 1297 2420 dicit
1321 2362 1346 2396 ¹
1376 2376 1391 2417 ε
1433 2377 1464 2416 α
1495 2353 1705 2419 Gratia
1731 2353 1983 2418 Domini
2009 2371 2127 2418 no·

586 2465 703 2529 stri
726 2464 878 2530 Jesu
904 2463 1155 2545 Christi,
1188 2468 1253 2529 et
1278 2464 1552 2529 charitas
1579 2462 1711 2544 Dei,
1744 2466 1807 2528 et
1833 2480 2124 2527 commu-

588 2573 817 2638 nicatio
844 2573 1044 2638 sancti
1071 2572 1349 2657 Spiritus
1377 2572 1460 2636 sit
1485 2590 1635 2637 cum
1675 2570 1978 2636 omnibus
2007 2588 2123 2637 vo-

587 2683 705 2763 bis,
728 2682 999 2748 Amen.»
1030 2681 1097 2747 Si
1116 2682 1320 2764 igitur
1333 2681 1431 2746 vis
1453 2680 1689 2745 habere
1715 2698 1998 2745 amorem
2020 2697 2129 2762 pa-

586 2790 844 2856 ternalis
870 2789 1200 2873 principii,
1250 2792 1315 2853 et
1344 2806 1631 2853 amorem
1664 2786 1855 2854 Verbi
1899 2788 2127 2871 prolati

585 2918 626 2964 a
650 2898 958 2983 principio
977 2948 995 2977 ‚
1038 2902 1102 2963 et
1128 2916 1413 2963 amorem
1443 2897 1718 2982 Spiritus
1748 2898 1948 2961 sancti
1988 2897 2127 2980 spi-

586 3007 708 3075 rati
737 3026 777 3071 a
802 3006 1051 3071 duobus
1087 3025 1220 3071 uno
1247 3005 1555 3090 principio
1569 3053 1591 3085 ,
1626 3004 1793 3069 habe
1819 3004 2121 3085 gratiam.

586 3114 765 3182 Unde
805 3115 1012 3198 igitur
1058 3116 1265 3180 oritur
1312 3115 1522 3197 gratia
1538 3116 1569 3178 ‘t
1615 3112 1792 3180 Certe
1819 3132 1934 3198 per
1961 3112 2124 3180 Ver-

584 3226 742 3290 bum
766 3225 1197 3304 incarnatum,
1244 3242 1358 3307 per
1381 3223 1665 3289 Verbum
1705 3222 2120 3301 crucifixum,

584 3337 647 3397 et
674 3351 790 3416 per
813 3332 1088 3398 verbum
1124 3331 1527 3415 inspiratum.
1558 3330 1803 3395 Mobilis
1840 3329 2123 3395 intluen-

586 3442 672 3504 tia
699 3459 847 3523 quae
878 3460 918 3505 a
940 3438 1147 3505 Verbo
1173 3440 1499 3504 incarnato
1525 3439 1721 3504 habet
1747 3438 2068 3520 originem
2101 3459 2115 3502 :

583 3549 829 3614 custodi
871 3549 1077 3630 igitur
1105 3549 1511 3631 temetipsum
1538 3551 1601 3613 et
1627 3547 1911 3612 animam
1940 3550 2122 3611 tuam

585 3658 868 3723 sollicite.
898 3657 1212 3741 Aincitur
1241 3658 1448 3741 gratia
1472 3707 1489 3738 ‚
1522 3674 1669 3740 quae
1699 3659 1794 3721 est
1821 3655 1952 3722 vita
1979 3656 2120 3720 ani-

581 3784 747 3846 mae,
778 3767 857 3831 de
888 3767 1096 3831 medio
1125 3784 1239 3849 per
1275 3770 1622 3850 peccatum.
1653 3763 1987 3829 Peccatum
2027 3767 2124 3828 051

581 3893 699 3938 sua
724 3878 946 3957 sponte
989 3875 1421 3941 introductum
1465 3874 1534 3937 in
1560 3871 1931 3956 {thalamum
1976 3872 2117 3936 ani-

581 3999 708 4046 mae
727 4029 748 4061 ,
779 3981 1133 4065 pretiosum
1179 3982 1406 4064 gratiae
1460 3982 1837 4047 thesaurum
1879 3981 2122 4045 exhau-

582 4090 772 4155 riens.
798 4089 956 4154 Cum
982 4091 1128 4173 quis
1152 4109 1266 4172 per
1291 4091 1566 4174 gratiam
1596 4090 1832 4172 dignus
1856 4089 2120 4154 effectus

580 4200 676 4262 est
703 4196 835 4262 vita
862 4201 1134 4276 aeterna,
1171 4199 1440 4264 efficitur
1465 4217 1580 4281 per
1609 4201 1936 4281 peccatum
1964 4197 2119 4279 dig-

584 4323 707 4371 nus
733 4307 941 4370 morte
975 4310 1238 4371 aeterna.
1272 4305 1449 4372 Unde
1492 4306 1831 4390 Apostolus
1860 4305 2012 4370 dicit
2042 4306 2065 4342 ³
2096 4326 2113 4370 t

589 4437 621 4476 α
640 4412 896 4477 Irritam
921 4413 1067 4496 quis
1092 4414 1326 4479 faciens
1345 4415 1557 4496 legem
1587 4414 1810 4498 Moysi,
1827 4414 1963 4478 sine
1985 4413 2119 4478 ulla

579 4521 979 4586 miseratione
1005 4522 1286 4602 duobus,
1316 4523 1422 4589 vel
1449 4523 1652 4588 tribus
1679 4522 1944 4587 testibus
1974 4539 2114 4585 mo-

577 4629 742 4694 ritur
774 4651 791 4694 τ
826 4632 1066 4714 quanto
1108 4632 1316 4713 magis
1359 4631 1593 4714 putatis
1630 4630 1941 4696 deteriora
1976 4648 2112 4694 me-

575 4737 704 4802 reri
732 4737 1060 4821 supplicia,
1089 4737 1203 4821 qui
1229 4738 1466 4803 Filium
1491 4738 1599 4803 Dei
1623 4738 2113 4818 conculcaverit,

583 4848 645 4909 et
680 4845 1066 4927 sanguinem
1088 4846 1448 4910 testamenti
1485 4845 1798 4929 pollutum
1826 4845 2111 4925 duxerit,

583 4954 647 5016 et
671 4951 936 5035 Spiritui
961 4952 1189 5035 gratiae
1217 4955 1664 5019 contumeliam
1688 4952 1941 5035 fecerit?
1968 4976 1999 5013 n
2034 4954 2116 5019 Et

582 5058 874 5141 sequitur
903 5059 925 5093 ⁸
964 5079 981 5124 ε
1029 5085 1060 5123 α
1088 5061 1335 5127 Rursus
1358 5063 1810 5144 crucifigentes
1836 5062 2114 5128 sibimet·

574 5165 729 5250 ipsis
756 5165 989 5232 Filium
1020 5168 1163 5251 Dei,
1196 5174 1259 5234 et
1274 5170 1546 5235 ostentui
1575 5170 1899 5235 habentes,
1921 5192 1952 5230 n
1987 5170 2113 5237 Pro

606 5298 658 5344 ,¹
690 5297 805 5358 Τιί..
832 5308 914 5358 111,
945 5300 1045 5348 5-7.
1073 5324 1136 5336 -
1170 5300 1188 5330 ²
1223 5302 1264 5351 ll
1295 5300 1434 5363 Corn,
1461 5310 1580 5363 1111,
1614 5303 1688 5351 13.
1717 5327 1778 5338 -
1811 5301 1835 5336 ⁸
1859 5299 2030 5363 Helm,
2057 5313 2113 5364 x,

577 5371 665 5429 28,
702 5371 781 5419 29.
817 5395 882 5406 —
924 5370 947 5400 ‘¹
983 5369 1157 5431 Hebr„
1197 5383 1278 5435 v1,
1320 5373 1369 5421 6.
1403 5397 1470 5408 --
1508 5374 1526 5402 ⁵
1563 5371 1739 5434 Eccli„
1781 5385 1900 5433 xxl,
1933 5376 2015 5423 22.
2049 5398 2114 5411 —

578 5440 598 5470 ⁶
626 5439 819 5502 Galae„
848 5452 885 5504 1,
918 5443 995 5505 15,
1027 5442 1177 5495 16.—
1204 5444 1390 5508 ’Aug.,
1420 5444 1584 5508 Confi,
1614 5443 1701 5493 lib.
1726 5445 1789 5508 x,
1813 5459 1859 5494 0.
1892 5456 2109 5494 xm.—

577 5513 596 5542 ⁸
618 5512 793 5577 Rern..
809 5514 863 5566 in
884 5514 1052 5579 Cant„
1080 5529 1233 5570 serm.
1266 5528 1386 5581 xm,
1408 5516 1463 5568 in
1488 5516 1716 5582 princ.—
1742 5516 1762 5547 ⁹
1790 5515 1975 5579 Eccle„
2000 5528 2039 5581 1,
2060 5517 2112 5566 7.

2241 624 2374 689 toto
2410 624 2712 690 universo
2739 642 2872 690 non
2914 624 3175 692 deberet
3214 626 3408 694 homo
3453 633 3785 714 peccatum

2240 733 2510 798 mortale
2533 733 2950 814 committere,
2977 734 3448 819 peremptivum
3473 738 3785 807 nobilissi-

2240 859 2368 905 mae
2385 841 2560 906 vitae.
2582 840 2797 906 Voluit
2818 840 3020 906 Filius
3038 842 3147 907 Dei
3164 845 3416 925 tentari,
3433 849 3507 911 ut
3532 846 3784 915 doceret

2240 948 2378 1012 vias
2404 948 2760 1031 repulsivas
2777 954 3202 1031 peccatorum.
3235 950 3413 1017 Unde
3442 954 3787 1023 Ecclesias-

2240 1057 2405 1122 ticus
2429 1055 2576 1120 dicit
2594 1060 2615 1096 ⁸
2646 1075 2663 1119 ε
2695 1077 2724 1117 c
2745 1055 2935 1133 Quasi
2961 1076 3000 1121 a
3023 1057 3179 1123 facie
3204 1058 3447 1124 colubri
3461 1061 3619 1142 fuge
3645 1081 3783 1145 pec-

2239 1168 2412 1244 cata,
2440 1167 2504 1228 et
2529 1163 2583 1227 si
2610 1164 2947 1228 accesseris
2973 1164 3054 1228 ad
3079 1164 3191 1230 illa
3211 1215 3228 1247 ‚
3261 1168 3608 1251 suscipient
3634 1176 3718 1235 te.
3742 1193 3775 1232 ιο

2237 1268 2462 1337 Vidisti
2486 1272 2673 1353 e‘rgo,
2702 1271 2849 1354 quis
2868 1271 2952 1335 sit
2965 1276 3142 1336 ortus
3164 1275 3430 1356 gratiae3
3463 1277 3608 1342 vide
3636 1280 3783 1362 quis

2239 1379 2321 1443 sit
2347 1398 2506 1444 usus
2535 1380 2784 1462 gratiae.
2823 1380 2990 1446 Usus
3019 1386 3235 1448 autem
3260 1386 3489 1466 gratiae
3517 1392 3614 1452 est
3643 1407 3785 1471 pro-

2241 1487 2524 1553 motivus
2551 1488 2621 1551 in
2648 1488 3006 1573 profectum
3034 1492 3436 1558 meritorium
3464 1496 3779 1579 operatio-

2237 1611 2421 1659 num.
2456 1594 2823 1677 Requiritur
2851 1602 3067 1689 autem
3094 1600 3176 1664 ad
3218 1600 3589 1684 hujusmodi
3629 1623 3778 1687 pro-

2238 1703 2625 1783 motionem,
2656 1705 2829 1787 quod
2856 1725 3014 1771 usus
3056 1708 3285 1789 gratiae
3312 1709 3394 1773 sit
3432 1710 3634 1775 fidelis
3673 1730 3779 1776 re-

2237 1815 2459 1894 spectu
2484 1810 2773 1894 Domini,
2813 1815 3020 1880 virilis
3045 1815 3116 1880 in
3154 1835 3253 1898 se,
3306 1820 3369 1882 et
3404 1817 3684 1883 liberalis
3710 1820 3781 1886 in

2237 1920 2630 2003 proximum.

2316 2026 2509 2093 Debet
2533 2029 2737 2110 igitur
2776 2047 2928 2095 usus
2974 2030 3202 2112 gratiae
3241 2032 3449 2098 fidelis
3491 2052 3628 2101 esse
3672 2055 3774 2102 re·

2238 2139 2460 2217 spectu
2477 2134 2749 2201 Domini.
2768 2136 2945 2203 Unde
2964 2139 3307 2223 Apostolus
3327 2141 3476 2207 dicit
3493 2143 3516 2178 ⁰
3539 2166 3555 2208 ε
3576 2167 3608 2205 ιι
3622 2144 3780 2209 Cum

2236 2241 2472 2324 placuit
2497 2243 2596 2324 ei,
2629 2244 2743 2327 qui
2770 2263 2875 2309 me
2914 2248 3289 2329 segregavit
3315 2250 3393 2313 de
3420 2254 3605 2315 utero
3632 2271 3778 2317 ma-

2233 2350 2349 2414 tris
2379 2368 2541 2416 meae
2561 2398 2583 2430 ,
2617 2354 2682 2417 et
2706 2354 2959 2421 vocavit
2988 2373 3101 2437 per
3128 2356 3407 2438 gratiam
3437 2375 3621 2423 suam
3640 2408 3659 2440 ,
3704 2363 3781 2425 ut

2225 2446 2548 2525 'revelaret
2563 2459 2798 2526 Filium
2817 2480 3013 2528 suum
3037 2465 3107 2529 in
3125 2483 3229 2529 me
3246 2515 3264 2545 ,
3285 2470 3359 2530 ut
3375 2468 3778 2552 evangeliza-

2233 2566 2568 2631 remilium
2587 2568 2656 2632 in
2678 2569 3002 2651 gentibuS‚
3017 2572 3319 2639 continuo
3333 2591 3465 2638 non
3484 2576 3776 2659 acquievi

2235 2674 2412 2748 carni
2439 2678 2503 2740 et
2530 2676 2854 2758 sanguini.
2877 2699 2908 2737 n
2956 2678 3218 2757 Quando
3263 2682 3498 2763 quaeris
3535 2682 3775 2767 aliquid

2234 2785 2468 2865 praeter
2524 2783 2727 2848 Deum
2765 2833 2781 2864 ‚
2832 2785 3001 2867 quod
3041 2804 3174 2850 non
3221 2788 3458 2870 quaeris
3511 2796 3770 2874 propter

2235 2887 2461 2970 Deum,
2490 2909 2623 2955 non
2647 2910 2715 2956 es
2737 2892 2941 2956 fidelis
2971 2892 3119 2958 Deo.
3147 2892 3325 2960 Unde
3348 2896 3772 2980 Augustinus,

2233 2994 2303 3057 in
2347 2996 2510 3062 libro
2577 2999 3086 3080 confessionum,
3136 3001 3228 3065 ait
3262 3003 3285 3037 ⁷
3323 3024 3338 3067 ε
3386 3027 3417 3065 α
3461 3003 3671 3070 Minus
3712 3010 3779 3072 te

2233 3109 2446 3184 amat,
2489 3107 2602 3191 qui
2644 3112 2855 3174 tecum
2896 3109 3135 3193 aliquid
3183 3115 3389 3192 amat,
3429 3115 3601 3197 quod
3648 3134 3780 3182 non

2233 3218 2491 3297 propter
2547 3219 2610 3281 te
2656 3222 2852 3282 amat.
2881 3240 2912 3278 υ
2967 3219 3112 3284 Ideo
3169 3203 3318 3284 dicit
3356 3223 3698 3305 Apostolus
3758 3248 3774 3287 ι

2209 3343 2214 3348 ·
2242 3344 2273 3382 α
2286 3320 2426 3387 Νο11
2443 3323 2734 3406 acquievi
2755 3327 2933 3390 carni
2955 3330 3018 3392 et
3037 3327 3364 3410 sanguini,
3378 3352 3407 3390 υ
3430 3331 3494 3394 id
3513 3335 3630 3412 est,
3648 3351 3780 3398 non

2233 3430 2504 3512 quaesivi
2554 3431 2904 3497 humanam
2958 3433 3256 3516 gloriam,
3307 3438 3416 3502 sed
3465 3438 3772 3506 divinam.

2234 3536 2616 3621 Perspectivi
2631 3540 2871 3620 dicunt,
2885 3544 3054 3626 quod
3067 3544 3121 3607 si
3134 3544 3351 3609 radius
3365 3550 3782 3629 perpendicu-

2231 3644 2384 3710 laris
2412 3647 2591 3711 cadat
2627 3667 2820 3732 super
2848 3669 3076 3735 corpus
3103 3656 3344 3717 tersum
3374 3658 3437 3719 et
3464 3657 3733 3739 politum
3756 3707 3775 3739 ‚

2230 3773 2484 3820 necesse
2511 3760 2606 3820 est
2646 3760 2817 3842 quod
2846 3779 2960 3843 per
2988 3762 3279 3827 eamdem
3306 3763 3482 3827 viam
3504 3814 3522 3845 ‚
3563 3770 3626 3830 et
3662 3788 3778 3852 per

2232 3862 2530 3928 eumdem
2552 3865 2867 3932 incessum
2879 3871 3240 3935 reflectatur
3255 3871 3322 3936 in
3338 3891 3530 3937 suum
3544 3876 3776 3958 princi-

2236 3969 2432 4050 pium;
2456 3991 2586 4036 non
2602 3974 2691 4038 sic
2708 3976 2786 4041 de
2801 3977 2978 4042 radio
2997 3978 3068 4062 (c)
3084 3980 3462 4045 incidentiae.
3482 3980 3775 4049 Intluxus

2229 4077 2458 4157 gratiae
2488 4081 2690 4160 gratis
2718 4082 2881 4148 datae
2914 4089 3009 4150 est
3045 4087 3208 4151 sicut
3233 4088 3454 4152 radius
3484 4090 3773 4157 inciden-

2229 4183 2365 4264 tiae;
2391 4187 2678 4253 influxus
2695 4192 2924 4271 gratiae
2947 4198 3206 4274 gratum
3228 4196 3535 4277 facientis,
3562 4204 3657 4264 est
3683 4203 3771 4266 si-

2229 4295 2337 4355 cut
2370 4292 2586 4359 radius
2611 4298 3175 4380 perpendicularis.
3207 4302 3327 4381 Qui
3358 4306 3634 4386 gratiam
3662 4309 3774 4374 Dei

2227 4399 2509 4484 suscipit,
2524 4420 2776 4469 necesse
2789 4409 2883 4470 est
2894 4411 2965 4471 ut
2980 4406 3108 4473 Deo
3126 4409 3402 4490 gratiam
3420 4417 3483 4476 et
3497 4414 3773 4495 gloriam

2226 4507 2468 4572 reddat.
2508 4532 2540 4572 α
2566 4508 2761 4593 Origo
2789 4514 3062 4579 fontium
3092 4520 3157 4581 et
3182 4518 3526 4584 fluminum
3552 4540 3766 4604 mare;

2225 4618 2412 4698 origo
2431 4618 2744 4685 virtutum
2761 4625 2824 4686 et
2846 4622 3258 4689 scientiarum
3278 4631 3370 4691 est
3395 4627 3703 4709 Christus,
3732 4653 3763 4689 »

2225 4723 2314 4788 ait
2333 4723 2694 4791 Bernardus
2719 4728 2762 4792 ⁸.
2792 4751 2823 4789 α
2840 4729 2938 4794 Ad
2964 4730 3176 4796 locum
3196 4734 3368 4799 unde
3399 4740 3637 4803 exeunt
3650 4738 3772 4804 ssu-

2227 4833 2424 4912 mina,
2449 4838 2881 4919 revertuntur,
2903 4839 3222 4906 utiterum
3237 4843 3440 4908 fluant
3456 4893 3478 4924 ,
3495 4867 3525 4905 1›
3556 4847 3771 4930 inquit

2227 4940 2635 5010 Ecclesiaste-3
2663 4946 2711 5007 ⁹.
2743 4943 2920 5011 Sicut
2939 4948 3081 5013 fons
3106 4969 3237 5016 non
3262 4953 3456 5018 habet
3483 4954 3767 5020 duratio-

2224 5066 2399 5126 nem,
2430 5049 2552 5112 nisi
2581 5050 2812 5117 habeat
2842 5055 3211 5126 continuam
3239 5061 3768 5145 sconjunctionem

2224 5174 2375 5221 cum
2400 5174 2521 5221 sua
2546 5158 2797 5240 origine
2814 5183 2831 5240 ;
2876 5163 2968 5228 sic
2993 5184 3110 5231 nec
3135 5168 3253 5234 lux
3300 5171 3527 5251 gratiae
3562 5174 3769 5255 potest
3812 5191 4014 5239 erati.-

2225 5265 2448 5348 vigere
2488 5265 2557 5329 in
2603 5267 2857 5351 anima,
2902 5273 3027 5337 nisi
3078 5296 3193 5360 per
3237 5280 3669 5345 reversionem
3698 5280 3767 5346 in
3795 5264 3906 5371 {¹22¹

2289 5436 2357 5503 (α)
2388 5434 2536 5520 {fulq-
2561 5451 2674 5490 nos.
2695 5468 2767 5521 .‘'’
2805 5443 2877 5512 (b)
2905 5446 3139 5500 Fortasse
3165 5447 3448 5515 leyendum,
3466 5452 3681 5505 Nobilis.
3705 5477 3767 5493 —

2228 5512 2293 5579 (c)
2327 5508 2463 5561 Edu.
2499 5510 2615 5562 Ven.
2642 5511 2764 5565 abo.

3953 5265 4037 5334 a}-

3931 5334 4040 5368 ⁸01-
