4196 6294
690 462 769 523 32
1735 447 2410 521 ILLUMINATIONES
2450 445 2849 520 ECCLESIAE

686 589 979 656 interitus
1018 590 1113 653 est
1144 637 1165 670 ‚
1213 603 1492 672 quorum
1533 586 1701 653 Deus
1736 592 1963 654 venter
2000 593 2094 655 est
2110 637 2127 671 ,
2169 593 2237 654 et

687 700 895 783 gloria
920 700 989 763 in
1020 697 1388 763 confusione
1427 713 1652 761 eorum
1670 745 1689 775 ,
1718 696 1830 780 qui
1856 700 2110 762 terrena
2136 716 2239 763 sa-

684 808 889 892 piunt.
914 828 944 866 n
978 806 998 841 ¹
1044 830 1075 869 α
1102 804 1243 870 Non
1282 805 1349 869 in
1384 803 1693 888 sapientia
1732 803 1947 886 verbi,
1983 808 2059 870 ut
2104 823 2238 871 non

684 919 1033 981 evacuetur
1067 931 1230 977 crux
1257 911 1507 977 Christi.
1554 934 1585 972 υ

770 1023 852 1087 De
877 1021 1188 1105 sapientia
1216 1024 1432 1085 autem
1449 1069 1468 1101 ,
1499 1038 1648 1104 quae
1680 1020 1759 1086 de
1782 1038 2044 1086 sursum
2095 1022 2232 1101 est,

686 1130 837 1196 dicit
878 1129 1298 1197 Ecclesiaste-3
1315 1134 1339 1168 ¹¹
1365 1178 1384 1210 ,
1421 1130 1591 1213 quod
1628 1152 1659 1190 a
1694 1132 1949 1194 tantum
1991 1147 2233 1213 praece-

685 1237 861 1304 deret
887 1237 1199 1321 sapientia
1246 1236 1614 1315 stultitiam,
1659 1240 1975 1321 quantum
2021 1236 2237 1303 differt

684 1347 799 1411 lux
843 1366 883 1411 a
926 1345 1228 1412 tenebris.
1270 1370 1300 1406 n
1347 1344 1424 1410 ln
1466 1345 1590 1410 hoc
1636 1345 2006 1411 insinuatur
2054 1349 2235 1412 ortus

684 1454 1050 1539 sapientiae‚
1103 1456 1258 1539 quia
1303 1454 1420 1519 lux
1479 1456 1574 1518 est
1626 1475 1642 1519 ε
1698 1454 1817 1520 lux
1846 1502 1867 1534 ,
1919 1454 2231 1537 inquam,

692 1588 725 1626 α
750 1564 1136 1629 descendens
1154 1582 1194 1627 a
1224 1560 1408 1627 Patre
1435 1561 1761 1627 luminum
1778 1609 1800 1641 ‚
1824 1584 1857 1624 n
1900 1582 1941 1628 a
1975 1581 2104 1646 quo
2137 1566 2234 1628 est

692 1696 723 1734 α
748 1690 941 1737 omne
984 1671 1208 1736 datum
1251 1669 1567 1753 optimum
1588 1718 1605 1748 ‚
1649 1673 1713 1735 et
1751 1688 1942 1736 omne
1985 1669 2231 1736 donum

681 1781 1055 1863 perfectum.
1097 1801 1127 1838 n
1163 1776 1493 1842 Descendit
1533 1780 1751 1842 autem
1795 1777 1937 1842 haec
1973 1776 2091 1843 lux
2138 1796 2231 1843 sa·

682 1888 937 1971 pientiae
965 1888 1143 1953 radio
1164 1885 1463 1965 triformi,
1494 1885 1847 1950 secundum
1870 1885 2228 1950 triformem

682 1996 1101 2061 affluentiam.
1134 1993 1234 2060 Ad
1270 1983 1618 2077 potentiam
1656 1992 2110 2058 intellectivam
2149 1993 2226 2057 il·

680 2101 1120 2167 luminandam
1156 2150 1175 2181 ,
1223 2098 1542 2164 descendit
1585 2118 1624 2164 a
1673 2117 1930 2164 summo
1980 2100 2108 2166 Deo
2157 2103 2227 2167 in

681 2208 1111 2287 intellectum;
1145 2207 1226 2272 ad
1250 2206 1599 2291 potentiam
1636 2207 1983 2272 amativam
2022 2208 2227 2273 laetifi-

682 2316 971 2393 eandam,
999 2313 1317 2380 descendit
1337 2313 1419 2377 ab
1438 2312 1761 2378 intellectu
1791 2313 1862 2377 in
1889 2314 2189 2379 affectum
2201 2338 2221 2397 3

681 2422 759 2487 ad
789 2422 1135 2505 potentiam
1160 2421 1556 2504 operativam
1578 2421 2065 2503 fortificandam,
2086 2422 2226 2488 des-

680 2531 890 2595 cendit
932 2531 1014 2595 ab
1056 2531 1290 2595 affectu
1314 2530 1383 2593 in
1419 2529 1740 2594 effectum.
1787 2529 1874 2594 De
1919 2530 2226 2598 descensu

678 2637 841 2703 lucis
880 2638 1206 2722 sapientise
1257 2638 1326 2702 in
1370 2636 1760 2701 intellectum
1807 2638 2109 2703 scribitur
2155 2639 2225 2704 in

678 2745 1000 2829 Sapientia
1028 2750 1050 2787 ⁸
1082 2765 1099 2810 :
1144 2769 1175 2807 α
1221 2744 1467 2809 Candor
1513 2748 1609 2809 est
1653 2744 1814 2809 lucis
1855 2751 2116 2812 aeternae
2161 2751 2226 2812 et

678 2853 1012 2937 speculum
1056 2852 1193 2916 sine
1241 2852 1494 2917 macula
1536 2851 1646 2916 Dei
1698 2854 2051 2936 majestatis
2081 2903 2104 2935 ‚
2160 2860 2225 2920 et

676 2960 900 3041 imago
924 2959 1225 3024 bonitatis
1257 2959 1462 3038 illius;
1496 2977 1611 3042 per
1650 2960 1940 3025 nationes
1978 2961 2047 3025 in
2080 2962 2223 3026 ani-

675 3086 816 3132 mas
859 3071 1105 3131 sanctas
1153 3086 1221 3131 se
1254 3067 1332 3152 (a)
1364 3068 1693 3150 transfert,
1726 3068 1965 3134 amicos
2011 3070 2123 3134 Dei
2159 3074 2224 3136 et

674 3175 1013 3261 prophetas
1038 3176 1380 3241 constituit.
1416 3198 1447 3236 υ
1483 3176 1570 3242 De
1598 3177 1908 3242 descensu
1934 3177 2100 3242 lucis
2125 3197 2221 3243 sa·

673 3286 934 3369 pientiae
974 3286 1043 3350 in
1068 3285 1403 3365 affectum,
1432 3285 1732 3350 scribitur
1762 3286 1831 3348 in
1863 3286 2216 3352 Ecclesias-

679 3395 802 3461 tico
828 3392 853 3429 ⁴
884 3413 902 3458 ι
940 3416 971 3454 α
996 3391 1233 3458 Vinum
1262 3395 1326 3456 et
1359 3392 1601 3456 musica
1638 3391 1970 3457 laetiflcant
1997 3411 2128 3471 cor,
2156 3397 2221 3458 et

679 3517 871 3583 super
925 3503 1198 3582 utraque
1237 3498 1487 3565 dilectio
1528 3499 1876 3583 sapientise.
1907 3524 1938 3561 ι)
1975 3499 2218 3568 Vinum

673 3612 737 3672 et
757 3609 1001 3673 musica
1026 3607 1395 3689 significant
1418 3607 1654 3690 species
1681 3608 2046 3692 impressas,
2068 3627 2217 3692 quae

671 3736 805 3784 non
845 3724 1000 3784 sunt
1037 3719 1301 3799 veritas,
1351 3719 1462 3783 sed
1509 3718 1858 3785 similitudo
1903 3721 2210 3787 veritatis

672 3821 816 3890 Istae
860 3844 993 3890 non
1042 3846 1191 3892 vere
1223 3875 1240 3905 ,
1287 3826 1398 3890 sed
1452 3826 1849 3911 phantastice
1891 3828 2218 3894 laetificant

670 3931 976 3998 animam.
1005 3931 1249 3999 'Veritas
1276 3938 1494 3999 autem
1534 3933 1818 4000 increata
1842 3937 2043 4020 replet
2070 3938 2210 4001 ani-

669 4055 846 4102 mam
872 4063 887 4105 :
910 4063 942 4100 α
967 4046 989 4080 ⁸
1013 4039 1190 4105 Hanc
1214 4040 1451 4123 amavi,
1478 4043 1542 4105 et
1570 4041 1887 4124 exquisivi
1915 4061 1954 4107 a
1969 4045 2212 4126 Juven-

668 4151 806 4212 tute
834 4166 1013 4229 mea,
1043 4154 1108 4214 et
1146 4148 1467 4233 praeposui
1496 4148 1675 4214 illam
1704 4150 1931 4232 regnis
1958 4155 2022 4216 et
2046 4152 2211 4217 sedi-

668 4255 824 4336 bus,
856 4259 918 4321 et
941 4256 1195 4323 divitias
1233 4257 1399 4322 nihil
1438 4275 1577 4323 esse
1602 4259 1760 4324 duxi
1787 4260 1856 4323 in
1883 4278 2214 4343 compara-

666 4363 837 4429 tione
864 4362 1057 4429 illius.
1086 4386 1117 4424 n
1164 4365 1187 4400 ⁰
1224 4387 1256 4426 α
1283 4363 1490 4447 Super
1532 4363 1804 4430 salutem
1834 4369 1896 4430 et
1921 4365 2208 4449 pulchri-

665 4470 957 4536 tudinem
1022 4471 1214 4536 dilexi
1276 4490 1441 4536 eam.
1500 4494 1531 4533 ι)
1595 4471 2064 4538 lnaestimabilis
2116 4477 2212 4538 est

666 4578 992 4645 delectatio
1037 4579 1383 4661 sapientiae.
1430 4579 1519 4644 De
1561 4579 1868 4646 descensu
1904 4582 2065 4646 lucis
2103 4602 2204 4647 sa-

584 4721 593 4732 ·
664 4687 921 4771 pientiae
948 4686 1018 4751 in
1042 4686 1369 4767 effectum,
1396 4687 1465 4751 in
1487 4687 1866 4755 Ecclesiaste
1897 4687 2125 4755 dicitur
2143 4691 2203 4756 ⁷:

675 4818 707 4856 α
734 4793 1051 4879 Sapientia
1084 4795 1460 4860 confortavit
1492 4796 1843 4879 sapientem
1883 4814 2076 4881 super
2103 4798 2206 4863 de-

665 4921 804 4967 cem
829 4902 1143 4986 principes
1177 4902 1466 4970 civitatis,
1498 4925 1528 4963 1>
1565 4900 1752 4967 Nulla
1796 4903 2004 4969 virtus
2027 4953 2044 4983 ‚
2088 4924 2206 4971 nec
2247 4977 2252 4986 ,

666 5009 982 5090 angelica,
1015 5028 1131 5073 nec
1156 5009 1470 5090 humana,
1503 5013 1755 5075 tantum
1796 5010 2089 5077 fortificat
2131 5015 2209 5079 ut

665 5116 993 5201 sapientia.
1033 5140 1065 5179 α
1089 5115 1113 5151 ⁸
1142 5116 1463 5200 Sapientia
1502 5117 1771 5183 intravit
1808 5119 1877 5183 in
1917 5120 2207 5185 animam

731 5244 751 5280 ¹
776 5242 794 5292 1
824 5242 962 5302 Cor„
987 5254 1026 5307 1,
1055 5246 1133 5296 17.
1153 5271 1216 5285 —
1240 5246 1264 5280 ⁸
1291 5243 1479 5306 Eccle„
1508 5256 1570 5305 ιι,
1600 5246 1675 5297 13.
1699 5273 1756 5282 -
1783 5247 1804 5278 ⁸
1832 5245 1973 5313 Sap„
1998 5258 2092 5311 vn,
2124 5248 2201 5313 16,

664 5318 745 5366 27.
777 5338 839 5351 -
864 5314 883 5345 ⁴
912 5314 1093 5381 Eccli.,
1128 5328 1219 5380 η,
1250 5318 1326 5368 20.
1358 5341 1422 5356 --
1456 5317 1476 5347 ⁵
1508 5315 1649 5382 Sap„
1682 5328 1798 5381 vm,
1830 5323 1878 5370 9..
1914 5345 1971 5356 —
1999 5320 2023 5355 ⁸
2051 5319 2203 5384 ibid„

666 5397 766 5450 vn,
815 5388 891 5437 10.
930 5411 994 5424 -—
1037 5388 1054 5419 ⁷
1091 5388 1269 5453 necle„
1311 5400 1414 5453 vn,
1466 5390 1540 5439 20.
1571 5413 1635 5426 -—
1675 5389 1695 5419 ⁶
1731 5389 1875 5455 Sap„
1915 5402 1978 5454 x,
2025 5394 2103 5442 12.
2143 5415 2204 5430 —·

664 5459 688 5496 ⁸
713 5455 921 5521 naith..
944 5470 1041 5523 vu,
1073 5461 1152 5511 24.
1182 5485 1239 5498 -·
1275 5462 1317 5498 ¹⁰
1343 5461 1510 5524 Pron„
1540 5469 1656 5525 vm,
1685 5463 1765 5513 31.
1793 5488 1855 5500 -
1879 5462 1917 5498 ¹¹
1950 5462 2098 5527 lbid.,
2127 5475 2203 5527 ιι,

2349 590 2522 655 servi
2549 588 2702 668 Dei,
2744 593 2809 655 et
2844 590 3015 656 stetit
3057 592 3280 656 contra
3315 603 3507 673 reges
3531 584 3886 655 horrendos

2348 695 2419 759 in
2446 696 2653 779 signis
2679 701 2743 763 et
2767 698 3074 780 portentis
3090 746 3112 779 ‚
3144 702 3208 763 et
3237 697 3408 763 dedit
3447 696 3541 761 illi
3567 700 3886 763 certamen

2346 803 2509 868 forte
2522 852 2539 885 ‚
2570 808 2646 869 ut
2697 805 3009 886 vinceret,
3058 813 3122 872 et
3169 806 3356 870 sciret
3395 805 3700 889 quoniam
3741 823 3888 871 om-

2347 912 2533 977 nium
2560 913 2875 996 potentior
2901 918 2996 978 est
3023 913 3350 997 sapientia.
3380 936 3411 974 n
3447 913 3600 978 Haec
3640 914 3884 996 sapien-

2344 1019 2436 1084 tia
2465 1020 2772 1104 disponit,
2804 1026 2879 1087 ut
2905 1024 3124 1087 anima
3149 1022 3232 1086 sit
3255 1021 3486 1087 domus
3507 1021 3640 1087 Dei.

2426 1124 2768 1194 Videamus
2805 1130 3037 1212 igitur,
3084 1148 3233 1213 quae
3262 1130 3344 1193 sit
3370 1130 3598 1195 domus
3623 1130 3884 1214 sapien-

2344 1234 2474 1300 tiae.
2524 1235 2807 1301 Christus
2846 1237 3091 1302 dicebat
3126 1238 3150 1275 ⁹
3183 1260 3198 1303 ε
3241 1261 3273 1301 α
3310 1236 3430 1315 Qui
3469 1237 3645 1302 audit
3688 1238 3888 1303 verba

2345 1361 2489 1408 mea
2532 1344 2675 1409 haec
2691 1392 2708 1423 ,
2761 1349 2824 1410 et
2874 1345 3023 1410 facit
3066 1364 3171 1427 ea,
3215 1345 3666 1411 assimilabitur
3703 1345 3847 1411 viro
3865 1395 3883 1427 ,

2343 1454 2456 1536 qui
2484 1454 2823 1520 aedificavit
2847 1454 3109 1520 domum
3129 1474 3314 1520 suam
3337 1473 3535 1538 supra
3557 1457 3826 1538 petram.
3846 1473 3878 1514 n

2344 1560 2496 1627 Haec
2540 1561 2769 1626 domus
2816 1561 3249 1646 principaliter
3299 1561 3653 1628 aedificatur
3693 1580 3735 1626 a
3776 1580 3887 1627 sa-

2346 1668 2584 1753 pientia
2603 1717 2623 1750 ,
2655 1669 2811 1753 quia
2849 1674 2897 1712 ¹⁰
2938 1692 2967 1732 τι
2993 1669 3234 1736 deliciae
3281 1693 3313 1731 n
3359 1670 3689 1753 sapientiae
3733 1674 3890 1735 sunt

2351 1799 2382 1837 α
2409 1795 2545 1843 esse
2573 1796 2722 1843 cum
2748 1777 2896 1841 filiis
2930 1778 3291 1845 hominum.
3340 1801 3371 1839 n
3417 1777 3492 1842 In
3521 1777 3884 1845 Proverbiis

2341 1902 2598 1968 quoque
2617 1885 2909 1967 legitur¹¹
2945 1907 2961 1950 ε
2994 1909 3025 1947 α
3051 1885 3374 1969 Sapientia
3400 1885 3738 1951 aedificavit
3758 1884 3881 1948 sibi

2341 1990 2606 2057 domum
2636 2042 2652 2074 ,
2705 1991 2938 2057 excidit
2986 1993 3314 2059 columnas
3358 1998 3621 2076 septem.
3671 2013 3703 2052 n
3757 1990 3884 2056 Has

2341 2103 2582 2181 septem
2610 2100 2945 2165 columnas
2981 2105 3279 2165 numerat
3322 2099 3595 2167 Jacobus
3616 2146 3634 2177 ,
3666 2098 3756 2163 sic
3781 2098 3884 2164 in·

2337 2205 2570 2288 quiens
2600 2228 2616 2270 :
2658 2207 2703 2243 ¹¹
2741 2229 2773 2268 α
2801 2205 3129 2291 Sapientia
3151 2256 3168 2286 ‚
3202 2226 3348 2292 quae
3377 2208 3712 2273 desursum
3745 2210 3878 2287 est,

2338 2313 2626 2397 primum
2652 2315 2910 2398 quidem
2937 2316 3168 2400 pudica
3186 2320 3311 2396 est,
3342 2316 3566 2381 deinde
3593 2315 3874 2398 pacifica,

2339 2421 2655 2502 modesta,
2692 2423 3053 2503 suadibiliS,
3081 2423 3268 2488 bonis
3290 2407 3721 2504 consentiens,
3751 2424 3880 2507 ple-

2338 2548 2426 2594 na
2450 2531 2916 2608 misericordia,
2947 2536 3010 2595 et
3035 2532 3345 2597 fructibus
3370 2531 3557 2597 bonis
3578 2579 3596 2610 ,
3624 2550 3755 2597 non
3776 2534 3880 2615 Ju-

2338 2636 2554 2701 dicans
2581 2686 2599 2718 ,
2648 2638 2785 2703 sine
2830 2638 3256 2703 simulatione.
3302 2660 3332 2699 n
3385 2639 3592 2721 Igitur
3648 2640 3880 2705 domus

2335 2746 2664 2828 sapientiae
2717 2746 2926 2828 prima
2969 2746 3266 2812 columna
3317 2753 3414 2812 est
3457 2746 3761 2831 pudicitia
3806 2748 3878 2812 in

2335 2871 2560 2932 carne;
2603 2854 2880 2918 secunda
2920 2854 3222 2920 columna
3266 2861 3362 2919 est
3405 2855 3772 2937 simplicitas
3805 2855 3877 2919 in

2335 2965 2585 3040 mente3
2616 2962 2800 3026 tertia
2827 2962 3130 3027 columna
3161 2969 3255 3027 est
3292 2963 3601 3028 modestia
3638 2963 3708 3026 in
3746 2980 3877 3027 ser-

2334 3085 2527 3134 mone
2564 3090 2582 3147 ;
2618 3072 2849 3152 quarta
2891 3070 3190 3135 columna
3237 3073 3334 3135 est
3372 3068 3765 3134 suadibilitas
3804 3070 3877 3135 in

2333 3176 2566 3240 affectu
2600 3198 2617 3255 ;
2663 3177 2890 3260 quinta
2933 3179 3232 3243 columna
3277 3184 3371 3243 est
3417 3177 3764 3242 liberalitas
3805 3177 3876 3242 in

2332 3284 2596 3362 effectu3
2626 3288 2806 3348 sexta
2847 3285 3148 3350 columna
3191 3288 3287 3350 est
3312 3286 3646 3350 maturitas
3672 3285 3741 3349 in
3761 3287 3875 3366 ju-

2332 3391 2537 3470 dicio;
2569 3391 2838 3473 septima
2881 3392 3178 3457 columna
3219 3396 3315 3457 est
3355 3392 3650 3458 sanctitas
3678 3392 3749 3457 in
3773 3392 3877 3458 in-

2329 3499 2633 3564 tentione.

2412 3605 2631 3671 Prima
2659 3625 2818 3690 ergo
2846 3608 3173 3688 columna,
3197 3624 3312 3690 per
3337 3626 3532 3690 quam
3559 3609 3874 3675 stabilitur

2331 3712 2560 3778 domus
2616 3716 2976 3800 sapientiae,
3032 3719 3128 3779 est
3179 3713 3485 3798 pudicitia
3536 3716 3604 3780 in
3658 3735 3870 3783 carne.

2329 3818 2494 3885 Nam
2515 3823 2563 3862 ¹³
2587 3846 2617 3884 c
2637 3824 2707 3887 in
2721 3822 3104 3888 malevolam
3125 3822 3408 3886 animam
3426 3840 3560 3888 non
3585 3823 3874 3890 introibit

2335 3929 2647 4011 sapientia
2663 3978 2682 4010 ,
2709 3949 2826 3995 nec
2867 3929 3176 3994 habitabit
3218 3929 3286 3993 in
3326 3947 3590 4013 corpore
3615 3931 3871 3998 subdito

2325 4037 2621 4119 peccatis.
2652 4058 2684 4099 n
2722 4037 2983 4102 Castitas
3009 4041 3072 4102 et
3097 4036 3431 4101 humilitas
3469 4041 3621 4103 sunt
3656 4039 3867 4123 pedis-

2324 4162 2540 4230 sequae
2587 4147 2915 4230 sapientiae
2932 4194 2949 4224 ‚
2987 4149 3179 4230 ‚iuxta
3222 4145 3537 4212 visionem
3582 4146 3870 4230 Gregorii

2324 4252 2700 4321 Nazianzeni
2734 4278 2750 4321 ε
2789 4280 2820 4318 α
2848 4254 2921 4320 Si
2947 4256 3048 4322 vis
3073 4273 3214 4335 me,
3254 4273 3403 4339 quae
3440 4276 3586 4321 sum
3613 4258 3867 4340 sapien-

2325 4363 2414 4428 tia
2434 4412 2455 4444 ,
2485 4382 2669 4429 serva
2698 4365 3109 4449 pedissequas
3134 4382 3330 4429 meas.
3364 4387 3396 4425 n
3430 4364 3738 4430 Munditia
3763 4384 3865 4431 er·

2327 4489 2415 4553 go
2429 4520 2452 4551 ,
2476 4490 2627 4536 cum
2650 4473 3033 4547 humilitate,
3056 4475 3152 4536 est
3180 4471 3544 4556 principalis
3568 4471 3869 4538 columna

2322 4581 2672 4663 sapientiae.
2707 4580 2884 4648 Unde
2912 4584 2957 4623 ¹⁸
2984 4582 3368 4647 «luxuriosa
3391 4600 3496 4647 res
3520 4582 3769 4662 vinum,
3801 4586 3868 4648 et

2320 4688 2718 4753 tumultuosa
2743 4688 3015 4754 ebrietas
3049 4712 3066 4754 ε
3097 4689 3490 4774 quicumque
3515 4690 3618 4754 his
3656 4690 3863 4756 delec-

2320 4798 2514 4877 tatur,
2542 4816 2672 4862 non
2698 4798 2817 4862 erit
2834 4797 3105 4881 sapiens.
3123 4820 3154 4858 n
3185 4799 3229 4834 ¹⁸
3256 4797 3527 4867 «Vinum
3546 4801 3610 4862 et
3638 4798 3864 4864 mulie-

2320 4922 2424 4969 res
2479 4908 2833 4987 apostatare
2882 4905 3122 4970 faciunt
3169 4906 3506 4989 sapientes.
3559 4929 3589 4967 ι)
3635 4905 3864 4973 Divina

2319 5010 2734 5094 permissione
2784 5013 3162 5094 apostatavit
3202 5013 3502 5080 Salomon
3540 5032 3741 5097 usque
3779 5015 3862 5080 ad

2319 5116 2744 5184 idololatriam
2791 5122 3050 5202 propter
3097 5121 3420 5187 mulieres.
3478 5119 3553 5185 In
3596 5122 3862 5188 taberna

2321 5295 2364 5343 1.
2384 5317 2450 5331 -
2478 5292 2518 5327 ¹¹
2538 5292 2665 5356 lac..
2695 5304 2776 5358 111,
2800 5294 2952 5345 17.-
2983 5293 3024 5331 ¹⁸
3043 5295 3184 5362 Sap„
3205 5306 3245 5360 1,
3270 5297 3319 5346 4.
3338 5319 3400 5336 —
3429 5295 3467 5332 ¹⁴
3490 5297 3658 5361 Prov„
3687 5306 3777 5362 xx,
3811 5298 3856 5346 1.

2316 5387 2379 5401 -
2408 5364 2444 5394 ¹⁵
2469 5362 2652 5427 mxli„
2677 5375 2788 5430 xix,
2817 5367 2870 5416 2.

2381 5462 2455 5527 (α)
2483 5461 2608 5516 Goet.
2634 5462 2757 5516 edit.
2782 5467 2950 5517 omitt.
2977 5480 3054 5517 se.
