4196 6294
81 1615 299 1661 Cithara.

1629 483 1990 552 PSALMUS
2029 486 2263 553 xcvll.

349 627 488 688 tera
517 622 769 687 Domini
799 622 945 688 fecit
968 623 1315 700 virtutem3
1345 643 1376 681 n
1412 625 1476 686 et
1516 620 1704 699 facit3
1737 638 1888 684 nam

349 750 467 816 per
490 731 724 796 Filium
752 736 1051 815 operatur
1078 733 1295 797 omnia
1323 729 1489 796 Deus
1517 731 1726 796 Pater.

432 845 492 904 4.
528 840 608 923 (α)
630 839 909 907 ,Ιαὺίῑατο
924 841 1078 920 Dec,
1107 840 1318 907 omnis
1349 845 1544 906 terra.
1570 837 1688 901 Hic
1715 842 1891 902 notat

348 947 559 1012 laudis
583 946 1085 1012 ineffabilitatem
1108 996 1126 1027 ,
1157 946 1328 1012 unde
1360 969 1376 1010 ι
1408 946 1708 1024 subilate3
1745 955 1888 1010 eam

351 1056 479 1121 Deo
502 1056 779 1121 oblatam
802 1104 820 1133 ,
859 1056 1029 1120 unde
1062 1078 1077 1120 :
1109 1057 1241 1123 Deo
1264 1077 1281 1134 ;
1313 1054 1711 1119 laudantium
1740 1054 1885 1117 uni-

349 1164 713 1229 versitatem
735 1212 753 1239 ‚
787 1164 961 1228 unde
993 1186 1007 1228 :
1052 1164 1271 1230 Omnis
1312 1167 1503 1230 terra.
1554 1161 1708 1239 Quae
1748 1161 1888 1226 laus

348 1272 629 1337 consistit
638 1272 707 1336 in
719 1271 925 1337 tribus
946 1290 963 1336 τ
986 1272 1053 1336 in
1071 1275 1308 1351 mente,
1325 1271 1529 1336 unde:
1550 1270 1883 1348 Eoeultate3

348 1380 419 1444 in
444 1380 678 1461 verbo,
706 1379 879 1444 unde
910 1401 927 1444 ε
964 1380 1266 1457 cantate;
1296 1380 1364 1444 in
1399 1397 1587 1462 opere
1612 1428 1629 1458 ,
1670 1378 1881 1443 unde:

349 1488 629 1556 Psallite.

427 1601 487 1661 5.
527 1595 796 1665 Psallite
822 1597 1099 1664 Domino
1126 1598 1202 1663 in
1228 1595 1498 1662 cithara.
1532 1594 1604 1659 In
1647 1594 1888 1659 cithara

350 1704 481 1769 duo
507 1709 703 1769 sunt:
738 1704 1000 1769 inferius
1028 1721 1377 1768 concavum
1395 1751 1412 1782 ‚
1456 1702 1750 1785 superius
1778 1720 1886 1766 so-

345 1811 571 1876 lidum.
605 1810 777 1875 Intra
797 1813 940 1876 haec
967 1811 1317 1876 tenduntur
1342 1809 1623 1891 chordae,
1651 1809 1886 1892 quibus

344 1919 510 1983 clavi
544 1919 843 1983 deorsum
892 1918 1266 1997 tenduntur,
1312 1917 1693 2000 quibusdam
1738 1936 1882 1981 sur-

345 2044 492 2092 sum
523 2026 926 2091 trahentibus
948 2049 965 2104 ;
997 2025 1076 2089 ad
1105 2025 1465 2108 superiores
1486 2024 1701 2089 clavos
1725 2023 1888 2107 plec-

348 2138 523 2200 trum
550 2138 844 2218 torquet,
887 2134 969 2199 ad
1017 2134 1345 2199 inferiores
1375 2133 1588 2198 clavos
1631 2131 1884 2198 chordae

344 2243 565 2326 digitis
595 2260 916 2326 percussae
942 2245 1263 2307 resonant.
1295 2239 1616 2305 Moraliter
1643 2240 1773 2304 duo
1804 2239 1884 2303 li-

345 2369 479 2432 gna
502 2356 654 2417 sunt
675 2351 821 2416 duae
845 2367 1083 2415 cruces.
1115 2349 1380 2414 Inferius
1401 2347 1683 2429 lignum,
1720 2367 1884 2412 crux

342 2460 583 2536 carnis;
638 2459 933 2541 superius
957 2505 977 2537 ,
1017 2475 1179 2521 crux
1216 2455 1482 2520 mentis:
1530 2456 1884 2538 compassio

340 2566 412 2631 in
439 2569 669 2631 mente.
707 2565 978 2630 Inferius
1001 2565 1255 2646 lignum
1289 2562 1564 2628 solidum
1590 2581 1721 2627 non
1747 2567 1879 2642 est,

340 2674 492 2756 quia
517 2691 708 2738 omne
731 2673 904 2756 quod
929 2672 1000 2735 in
1022 2688 1212 2735 carne
1250 2670 1420 2735 dolet
1437 2716 1453 2748 ‚
1483 2672 1538 2733 si
1565 2670 1884 2736 conscien-

342 2781 450 2845 tiae
491 2780 682 2846 bonae
725 2779 1038 2862 gaudium
1078 2778 1344 2855 tollitur,
1409 2777 1562 2842 foris
1608 2778 1879 2860 speciem

338 2887 533 2954 habet
559 2889 797 2954 doloris
814 2936 832 2968 ,
884 2889 993 2953 sed
1031 2887 1207 2952 intus
1232 2886 1566 2952 veritatem
1600 2903 1733 2950 non
1763 2887 1879 2951 ha-

342 2995 451 3059 bet
464 3043 485 3074 ,
509 2998 574 3059 et
598 2995 740 3061 ideo
760 3012 1114 3061 concavum
1144 2996 1273 3071 est;
1303 2993 1599 3074 superius
1625 2993 1876 3074 lignum

338 3101 612 3169 solidum
659 3106 789 3183 est,
843 3102 995 3186 quia
1038 3099 1218 3167 dolor
1263 3100 1493 3165 mentis
1535 3099 1615 3165 ad
1654 3100 1880 3167 intima

335 3216 673 3296 penetrans
692 3259 713 3290 ,
761 3211 1103 3276 monstrari
1131 3212 1371 3293 potest,
1413 3210 1577 3291 fingi
1605 3227 1736 3274 non
1764 3230 1876 3293 po-

336 3324 480 3385 test.
502 3319 748 3385 Chorda
768 3323 864 3384 est
888 3336 1138 3401 corpus,
1169 3317 1342 3401 quod
1365 3317 1646 3381 tenditur
1663 3322 1727 3382 et
1747 3336 1880 3383 ma-

336 3432 615 3494 ceratur.
670 3428 838 3492 Inter
876 3443 1130 3509 poenam
1180 3423 1387 3489 carnis
1420 3472 1437 3503 ‚
1484 3426 1548 3488 et
1594 3424 1876 3492 dolorem

333 3537 568 3602 mentis
594 3585 614 3616 ,
661 3535 922 3600 inferior
948 3533 1168 3603 clavus
1193 3534 1288 3596 est
1328 3531 1545 3610 timor,
1585 3533 1876 3615 superior

333 3648 430 3708 est
462 3660 683 3721 amor;
714 3641 868 3725 quia
901 3640 1130 3705 timore
1177 3656 1325 3703 caro
1360 3638 1610 3719 figitur,
1657 3657 1875 3706 amore

331 3753 588 3817 animus
631 3751 1052 3816 vulneratur:
1088 3748 1228 3826 ille,
1275 3766 1358 3812 ne
1393 3746 1472 3811 ad
1522 3747 1692 3812 mala
1734 3767 1870 3814 mo-

330 3864 594 3939 veatur3
623 3859 745 3923 iste
762 3905 784 3938 ,
814 3875 897 3922 ne
923 3856 1006 3922 ad
1037 3856 1204 3920 bona
1242 3855 1659 3920 sensificetur.
1692 3855 1873 3921 Plec-

327 3973 506 4033 trum
540 3971 636 4033 est
677 3983 862 4048 ergo,
894 3965 1066 4049 quod
1092 3964 1388 4029 affectum
1429 3963 1633 4028 cordis
1658 3963 1732 4047 (b)
1756 3983 1868 4047 ap·

328 4074 615 4157 pendens
640 4074 721 4138 ad
749 4091 817 4138 se
841 4070 1083 4150 trahit,
1112 4073 1176 4135 et
1201 4071 1281 4135 ad
1307 4070 1641 4152 superiora
1667 4070 1762 4134 ire
1786 4070 1872 4134 fa·

327 4181 435 4245 cit.
466 4180 714 4247 Chorda
758 4180 1028 4244 siccatur
1072 4180 1136 4243 et
1171 4177 1474 4257 tenditur,
1518 4182 1594 4242 ut
1638 4195 1868 4242 sonum
1915 4257 1920 4262 ⁸

324 4290 548 4356 reddat
578 4313 595 4368 ;
637 4307 784 4354 caro
829 4286 1110 4353 hominis
1158 4305 1198 4351 a
1246 4285 1418 4350 malo
1470 4286 1821 4351 mundatur
1846 4335 1865 4366 ,

328 4399 473 4480 post
497 4397 568 4461 in
610 4397 779 4462 bono
806 4395 1140 4461 excitatur.
1190 4393 1282 4458 Ibi
1326 4397 1422 4457 est
1451 4391 1710 4471 siccata;
1764 4393 1871 4457 hic

330 4509 535 4571 tensa.
564 4502 851 4569 Siccatur
877 4520 992 4585 per
1017 4499 1462 4565 abstinentiam
1485 4521 1502 4577 ;
1549 4503 1730 4563 tensa
1775 4505 1871 4564 est

322 4630 440 4697 per
459 4611 853 4696 patientiam.
876 4609 1214 4674 Inferiores
1229 4607 1392 4672 clavi
1416 4606 1678 4671 rotundi
1692 4612 1864 4687 sunt;

282 4743 287 4747 ·
321 4720 686 4803 superiores
714 4717 896 4783 solidi
917 4766 936 4798 ,
973 4716 1127 4800 quia
1163 4715 1356 4780 timor
1382 4714 1870 4798 circumspectus

321 4827 510 4893 debet
564 4844 714 4919 esse*
753 4842 937 4889 amor
981 4818 1313 4905 perfectus.
1379 4820 1869 4905 Homoeoptoton

320 4938 417 5000 est
463 4935 511 5015 ⁴,
569 4932 824 5017 quando
878 4929 1130 4995 diversa
1181 4928 1380 4994 verba
1433 4928 1870 5011 proximaliter

319 5041 442 5107 sibi
468 5040 706 5106 cadunt
737 5062 752 5105 z
786 5039 1072 5114 cantate,
1102 5037 1395 5117 munte,
1426 5042 1489 5103 et
1503 5036 1785 5118 psallite.

35 5173 294 5224 uanam.
403 5155 466 5215 6.
504 5149 588 5214 In
629 5148 800 5217 tubis
836 5145 1207 5215 ductilibus.
1250 5143 1515 5209 Malleus
1552 5145 1871 5228 significat

394 5349 412 5385 ¹
436 5345 580 5408 ned„
619 5345 681 5396 de
716 5343 968 5398 Schemat-
997 5368 1059 5382 --
1096 5344 1115 5373 ²
1138 5343 1342 5407 lev-em„
1372 5354 1434 5405 ι,
1467 5344 1547 5393 23.
1582 5369 1646 5381 -
1679 5341 1703 5378 ⁸
1728 5344 1866 5398 Psal.

325 5430 547 5482 curm,
576 5419 626 5470 3.
649 5443 713 5456 -
738 5418 761 5453 ⁸
788 5414 932 5467 Prae.
957 5426 1103 5478 αα,
1134 5418 1182 5465 1.
1210 5438 1270 5451 -
1295 5415 1318 5449 ⁸
1346 5414 1529 5474 Exod„
1557 5426 1670 5477 111,
1700 5417 1778 5467 12.
1807 5443 1870 5456 —

327 5494 349 5526 ⁰
378 5492 513 5556 Act„
541 5501 630 5553 xv,
661 5492 738 5540 ιο.
762 5515 826 5527 -
847 5488 865 5519 “’
885 5486 1026 5538 Psal.
1056 5497 1183 5551 xvn,
1209 5488 1288 5536 12.
1312 5511 1373 5522 —
1397 5488 1415 5515 ⁸
1434 5484 1549 5549 lob,
1577 5497 1755 5550 xxxvr,
1787 5489 1867 5551 29,

569 5595 721 5644 1¹01.
764 5596 856 5644 lx.

3420 510 3539 571 273

2000 622 2324 689 diabolum
2340 673 2356 704 ‚
2390 626 2561 690 unde
2586 626 2708 693 hoc
2728 630 2752 663 2
2788 646 2806 691 τ
2846 651 2877 690 α
2902 628 3225 699 Contritus
3249 641 3344 702 est
3371 640 3535 705 mal-

1999 729 2139 795 leus
2165 733 2485 799 universae
2512 739 2723 815 terrae,
2754 759 2785 796 ι)
2816 738 3052 805 scilicet
3078 742 3400 826 diabolus3
3431 749 3539 815 hic

2000 842 2096 903 est
2124 840 2392 906 malleus
2420 843 2532 924 qui
2561 862 2690 908 non
2716 845 2977 911 auditur
3006 848 3075 912 in
3102 852 3339 935 templo
3370 855 3539 920 Salo-

2003 949 2234 1012 moniS.
2287 949 2552 1015 Malleus
2601 952 2924 1033 significat
2975 957 3489 1038 praedicationem
3516 986 3532 1041 ;

1997 1072 2120 1119 nec
2145 1056 2415 1122 malleus
2436 1058 2696 1123 auditur
2715 1060 2821 1124 hic
2838 1062 2906 1125 in
2932 1065 3166 1148 templo
3181 1064 3538 1135 Salomonis

1999 1164 2334 1246 posthanc
2358 1166 2579 1231 vitam.
2613 1165 2738 1232 Sed
2771 1171 2957 1235 modo
2993 1171 3234 1256 lapides
3260 1182 3409 1242 sunt
3436 1179 3535 1243 in-

1997 1273 2096 1335 ter
2141 1272 2443 1337 malleum
2492 1279 2556 1339 et
2593 1274 2960 1342 incudinem
2981 1329 2999 1359 ,
3067 1281 3301 1348 scilicet
3338 1287 3536 1349 sancti

1997 1375 2163 1442 inter
2190 1381 2569 1446 tentationes
2616 1387 2681 1447 et
2717 1384 3174 1451 tribulationes.
3229 1389 3308 1454 Et
3346 1394 3535 1458 modo

1998 1486 2181 1546 sonat
2229 1485 2392 1551 alius
2443 1487 2710 1553 malleus
2748 1539 2766 1570 ,
2821 1492 3194 1573 praedicator
3240 1497 3474 1563 scilicet
3510 1523 3528 1579 ;

1996 1608 2172 1656 nunc
2208 1591 2480 1673 Pilatus,
2512 1595 2574 1659 id
2606 1600 2700 1660 est
2716 1643 2733 1677 ,
2765 1599 3115 1679 malleator,
3156 1604 3534 1672 christianus

1996 1698 2229 1763 scilicet
2270 1702 2542 1784 populus
2561 1751 2582 1780 ,
2634 1704 2747 1785 qui
2797 1706 3014 1771 domat
3049 1707 3216 1773 feras
3254 1717 3479 1792 gentes
3509 1738 3527 1792 ;

1996 1804 2104 1869 dat
2129 1824 2357 1889 corpus
2387 1807 2640 1873 Domini
2666 1809 2936 1895 loseph,
2978 1815 3045 1879 id
3071 1821 3196 1896 est,
3227 1819 3530 1886 viaticum

1994 1913 2379 1994 petentibus
2413 1914 2625 1980 Sancti
2661 1917 2960 1985 dicuntur
2994 1921 3254 1989 laminae
3284 1945 3528 2008 aureae,

1995 2020 2149 2102 quia
2192 2020 2450 2086 laminae
2477 2024 2862 2106 tunduntur,
2893 2032 2957 2092 et
2982 2031 3386 2098 tunsionibus
3411 2055 3530 2101 ex-

1993 2127 2344 2194 tenduntur
2377 2153 2391 2194 ε
2428 2131 2516 2194 sic
2542 2133 2743 2196 sancti
2771 2134 2839 2197 in
2865 2139 3300 2217 persecutione
3329 2145 3526 2224 profl-

1994 2235 2210 2316 ciunt,
2247 2239 2417 2303 unde
2458 2239 2579 2304 hoc
2602 2241 2624 2275 ⁸
2655 2263 2670 2304 :
2714 2263 2744 2300 <t
2771 2241 2981 2326 Supra
3009 2246 3272 2312 dorsum
3311 2269 3530 2316 meum

1991 2341 2463 2409 fabricaverunt
2498 2352 2854 2428 peccatores
2874 2399 2891 2430 ‚
2921 2373 2951 2410 υ
2992 2356 3109 2416 etc.
3141 2353 3219 2419 Et
3245 2357 3411 2422 sicut
3434 2359 3526 2423 la-

1993 2450 2186 2515 minae
2212 2458 2595 2534 purgantur,
2628 2457 2717 2519 sic
2744 2459 2941 2521 sancti
2968 2465 3359 2544 purgantur,
3396 2484 3529 2529 un-

1989 2556 2069 2621 de
2094 2557 2216 2623 hoc
2240 2559 2262 2593 ⁴
2299 2581 2315 2623 ε
2355 2583 2385 2620 α
2411 2560 2508 2625 Ad
2554 2563 2926 2642 Dominum,
2971 2584 3119 2631 cum
3156 2568 3523 2654 tribularer,

1989 2664 2282 2730 clamavi.
2318 2690 2349 2727 ›>

2071 2779 2130 2838 7.
2167 2776 2497 2844 Moventur
2523 2794 2696 2846 mare
2723 2785 2784 2847 et
2805 2781 3141 2863 plenitudo
3187 2785 3349 2867 ejus.
3395 2789 3529 2854 Lex

1988 2882 2220 2947 dicitur
2249 2902 2467 2948 amara
2506 2890 2766 2969 propter
2790 2888 2949 2952 tria:
2984 2895 3241 2974 proptor
3283 2895 3528 2962 vindic-

1987 2994 2121 3054 tam
2143 3039 2160 3068 ‚
2212 2992 2384 3057 unde
2411 2992 2544 3073 2hoc
2589 2995 2610 3030 ‘
2656 3013 2674 3057 :
2716 3019 2748 3057 α
2772 2994 3016 3079 Bestia,
3064 3017 3211 3081 quae
3246 3004 3530 3086 tetigerit

1987 3102 2270 3164 montem
2291 3147 2312 3178 ,
2351 3100 2774 3182 lapidabitur3
2803 3125 2834 3163 υ
2872 3107 2935 3169 et
2956 3110 3216 3190 propter
3248 3127 3529 3199 praecep-

1987 3208 2204 3271 torum
2236 3208 2751 3292 multitudinem,
2780 3213 2955 3278 unde
2979 3214 3133 3279 hoc:
3167 3216 3189 3251 ⁶
3220 3240 3252 3278 α
3279 3216 3412 3283 Ηοο
3436 3227 3530 3285 est

1985 3331 2151 3379 onus
2172 3364 2190 3395 ,
2223 3316 2395 3399 quod
2422 3335 2539 3382 nec
2568 3336 2686 3383 nos
2708 3367 2727 3399 ,
2756 3338 2875 3385 nec
2899 3325 3110 3403 patres
3136 3326 3337 3390 nostri
3362 3327 3528 3394 ferre

1985 3427 2366 3504 potuerunt3
2392 3447 2423 3485 n
2457 3429 2520 3490 et
2546 3431 2804 3510 propter
2839 3427 3288 3497 obscuritatem
3309 3482 3328 3513 ,
3359 3436 3527 3500 unde

1983 3529 2106 3595 hoc
2126 3531 2147 3566 '¹
2177 3554 2192 3595 :
2231 3555 2262 3594 α
2289 3531 2646 3598 Tenehrosa
2674 3552 2841 3618 aqua
2864 3536 2930 3599 in
2959 3538 3241 3605 nubibus
3266 3543 3452 3607 aeris.
3485 3567 3515 3604 »

3623 2816 3712 2857 Lex

3582 2887 3733 2920 amara

3574 2941 3750 2993 propter

3573 3001 3673 3045 tria.

1979 3637 2152 3703 Mare
2204 3641 2588 3724 quandoque
2638 3642 2938 3725 designat
2984 3663 3267 3727 praesens
3317 3668 3521 3715 saecu-
3551 3674 3689 3717 um.

1980 3744 2150 3826 lum;
2184 3747 2567 3831 quandoque
2598 3750 2909 3834 populum
2939 3756 3267 3834 gentium3
3312 3776 3514 3841 quan-

1980 3853 2187 3937 doque
2201 3856 2707 3939 inquietudinem
2727 3861 3133 3927 saecularium
3147 3863 3483 3930 hominum
3498 3891 3513 3945 ;

1978 3963 2361 4047 quandoque
2402 3984 2511 4031 cor
2545 3966 2907 4034 humanum
2945 3990 2962 4050 ;
3009 3972 3387 4056 quandoque
3430 3974 3520 4039 di·

1977 4069 2206 4135 vinum
2258 4071 2626 4155 eloquium;
2689 4075 3071 4160 quandoque
3119 4080 3518 4161 praedicatio-

1974 4195 2123 4242 nem
2164 4181 2552 4246 sanctorum.
2601 4180 2688 4245 De
2733 4182 2943 4265 primo
2973 4184 2996 4220 ⁸
3029 4207 3044 4247 :
3106 4208 3137 4245 (ι
3182 4184 3252 4251 Si
3295 4188 3516 4254 volue-

1974 4285 2059 4350 rit
2103 4289 2308 4353 nubes
2350 4288 2690 4355 extendere
2712 4338 2733 4370 ,
2786 4292 3077 4357 cardines
3123 4295 3319 4360 maris
3359 4314 3518 4379 ope-

1975 4395 2095 4459 riet
2117 4396 2214 4477 (c).
2236 4417 2267 4455 n
2285 4396 2371 4461 De
2388 4398 2663 4463 secundo
2685 4399 2708 4434 ⁹
2733 4422 2747 4463 ε
2782 4422 2813 4460 α
2831 4400 3316 4469 Transferentur
3339 4422 3517 4470 mon·

1974 4505 2069 4566 tes
2094 4502 2162 4566 in
2187 4521 2298 4567 cor
2328 4505 2561 4586 maris,
2594 4529 2624 4565 n
2662 4507 2727 4571 id
2754 4509 2882 4588 est,
2935 4510 3237 4593 apostoli,
3285 4511 3518 4577 relictis

1972 4606 2231 4689 ludaeis,
2265 4611 2705 4693 praedicabunt
2733 4615 3055 4695 gentibus.
3088 4616 3177 4681 De
3207 4619 3393 4683 tertio
3423 4619 3516 4684 di-

1974 4714 2190 4781 cit-Iob
2217 4718 2296 4780 ¹⁰:
2330 4741 2362 4778 α
2381 4717 2496 4783 Ubi
2523 4723 2733 4804 posset
2758 4721 3035 4786 inveniri
3062 4724 3410 4807 sapientia?
3439 4726 3517 4793 Et

1973 4840 2152 4888 mare
2179 4824 2502 4907 loquitur:
2535 4826 2676 4891 Non
2703 4831 2798 4892 est
2824 4847 3106 4895 mecum.
3124 4853 3155 4890 ι)
3187 4831 3516 4915 Dequarto

1971 4929 2280 4996 Dominus
2318 4932 2399 4996 ad
2442 4932 2558 4997 lob
2582 4938 2629 4975 ¹¹
2665 4954 2681 4998 ε
2726 4958 2756 4997 α
2788 4935 2942 5013 Quis
2988 4937 3293 5003 conclusit
3340 4941 3517 5005 ostiis

1973 5039 2199 5103 mare?
2226 5061 2256 5098 n
2295 5038 2381 5103 De
2408 5039 2631 5122 quinto
2657 5042 2704 5078 ¹²
2736 5062 2752 5106 ε
2796 5067 2827 5103 α
2855 5043 3083 5109 Omnia
3111 5045 3383 5112 flumina
3417 5048 3517 5113 in-

1976 5194 2054 5243 30.
2070 5218 2125 5229 -
2146 5192 2169 5227 θ
2190 5190 2327 5242 Psal.
2348 5203 2467 5256 nv,
2488 5194 2536 5247 3.
2558 5217 2620 5232 -
2655 5195 2698 5230 ¹⁰
2717 5194 2830 5258 Job,
2849 5207 3036 5258 xxviii,
3069 5201 3233 5250 1244.
3256 5227 3319 5239 -
3344 5204 3382 5238 ¹¹
3408 5203 3519 5263 lob,

1974 5274 2204 5326 xxxvm,
2230 5265 2280 5314 8.
2306 5289 2369 5300 -
2395 5264 2435 5298 ¹²
2457 5262 2645 5330 Eccle„
2674 5278 2712 5328 1,
2742 5267 2790 5317 Ἰ.

2039 5344 2107 5407 (α)
2134 5346 2189 5394 tn
2215 5348 2328 5395 caat.
2358 5343 2479 5395 edit.
2508 5333 2799 5397 versiculus
2821 5348 2903 5400 ille
2933 5364 3051 5400 cum
3079 5366 3172 5403 sua
3198 5352 3519 5417 expositione

1979 5419 2059 5466 est
2083 5416 2151 5466 ad
2190 5415 2349 5466 finem
2383 5415 2567 5479 psalmi
2595 5429 2730 5471 xcvi.
2762 5446 2817 5461 -
2850 5420 2923 5486 (b)
2961 5423 3083 5474 Goet.
3127 5422 3247 5475 edit.
3297 5423 3515 5476 chordis.

1976 5515 2039 5525 —
2070 5488 2130 5551 (c)
2164 5489 2285 5539 Item
2318 5488 2551 5551 operient
2576 5502 2736 5541 mare.

3207 5587 3285 5646 18
