4196 6294
1681 477 2048 549 PSALMUS
2086 483 2269 552 XXX.

177 624 292 667 Caro

257 685 267 695 ‚
313 684 325 696 ,
461 611 539 694 (a)
582 615 685 676 12.
745 610 1142 678 conscidisti
1194 627 1448 679 saccum
1481 629 1714 681 meum.
1762 615 1918 682 Caro

160 684 326 800 ‘m
377 718 610 784 Christi
637 719 872 784 dicitur
917 737 1138 784 saccus
1176 725 1435 804 propter
1486 723 1910 805 asperitatem,

147 819 331 914 m,
378 845 527 911 quae
541 827 757 892 eratin
776 845 986 907 carne,
999 828 1234 893 scilicet
1251 830 1621 912 mortalitas,
1646 832 1913 914 passibi-

142 930 341 1025 01-1'223132
378 935 543 1015 litas,
575 935 853 1000 defectus
877 935 1098 1001 nostri.
1132 935 1310 1002 Unde
1335 937 1406 1001 in
1432 936 1635 1003 Natali
1664 937 1917 1003 Domini

125 1015 349 1120 “ffffiff
379 1042 688 1127 templum
701 1044 859 1109 solet
881 1045 1129 1128 tapetiis
1146 1047 1363 1111 ornari
1389 1046 1571 1129 quasi
1591 1046 1809 1125 sacciS,
1835 1045 1915 1110 ad

128 1139 334 1186 ⁰⁰⁰¹¹¹²¹·
379 1150 914 1232 significationem
941 1151 1113 1235 quod
1137 1153 1508 1218 solemnitas
1535 1152 1720 1217 debet
1752 1150 1914 1217 cele-

377 1259 551 1324 brari
590 1262 732 1341 ejus
757 1259 1018 1340 Natalis,
1061 1261 1175 1344 qui
1219 1279 1394 1325 nunc
1420 1260 1643 1343 incipit
1680 1261 1917 1325 habere

373 1367 803 1450 asperitatem.
817 1367 958 1432 ‘Sed
996 1368 1066 1432 in
1109 1366 1350 1432 Pascha
1384 1373 1652 1433 ornatur
1686 1369 1916 1451 pannis

373 1474 624 1554 sericis,
666 1474 746 1539 ad
786 1475 1283 1556 significandum
1332 1474 1503 1558 quod
1546 1474 1916 1539 solemnitas

370 1585 512 1666 eJus
540 1585 654 1664 est,
686 1583 798 1666 qui
824 1584 1083 1666 deponit
1105 1602 1382 1663 saccum,
1416 1583 1651 1647 scilicet
1675 1587 1914 1647 morta-

372 1692 636 1772 litatem,
668 1695 731 1755 et
754 1694 1024 1756 assumit
1040 1710 1327 1776 pannum
1357 1691 1652 1771 sericum,
1682 1690 1918 1755 scilicet

372 1798 933 1880 immortalitatem,
959 1800 1306 1880 levitatem,
1332 1798 1605 1863 delicias.

457 1906 959 1975 circumdedisti
991 1924 1089 1973 me
1122 1907 1385 1986 latitia,
1416 1906 1480 1971 id
1506 1911 1622 1984 est,
1662 1905 1915 1970 cinxisti

129 2033 254 2076 stou
271 2032 347 2076 tri·
375 2033 479 2080 me
515 2017 725 2099 prima
755 2015 938 2081 stola.
987 2014 1097 2080 Est
1124 2015 1358 2099 triplex
1398 2015 1600 2080 stola:
1632 2019 1729 2079 est
1757 2015 1917 2079 stola

128 2097 250 2150 ¹'¹⁶¹'
373 2123 784 2202 innocentiae,
831 2123 999 2188 unde
1042 2123 1167 2188 hoc
1190 2125 1207 2160 ¹
1241 2146 1256 2186 ε
1304 2146 1336 2184 α
1363 2123 1685 2189 Laverunt
1721 2124 1914 2188 stolas

370 2251 553 2313 suas3
582 2254 613 2293 s
648 2237 743 2297 est
768 2230 931 2296 stola
954 2230 1214 2309 animae3
1237 2234 1301 2296 et
1313 2236 1406 2296 est
1427 2230 1587 2297 stola
1605 2232 1907 2314 corporis,

650 2475 1050 2549 PSALMUS
1094 2475 1367 2546 DAVID
1411 2474 1626 2545 XXX.

445 2676 507 2736 2.
541 2673 732 2751 Inte,
765 2671 1053 2751 Domine,
1081 2671 1367 2754 speravi}
1389 2684 1519 2736 non
1545 2667 1910 2748 confundar

365 2782 443 2846 in
459 2785 791 2846 oeternum.
806 2777 940 2844 Hoc
956 2779 1299 2861 exponitur
1324 2778 1398 2841 in
1412 2794 1684 2861 persona
1702 2775 1908 2840 Chris-

176 2902 295 2954 spe.
365 2888 439 2951 ti.
515 2885 832 2952 Habuitne
879 2904 1058 2969 spem
1084 2887 1117 2948 ’ἒ
1167 2883 1449 2950 Dicimus
1468 2935 1486 2963 ,
1549 2883 1721 2966 quod
1767 2900 1909 2965 spes

115 2964 343 3067 3232}-
366 3000 643 3080 quatuor
668 2993 876 3058 modis
891 2993 1140 3058 dicitur.
1168 2991 1332 3056 Nam
1354 2991 1738 3074 quandoque
1763 3006 1908 3075 spes

113 3087 254 3130 ⁰³³¹·
362 3102 781 3188 praesumptio
815 3105 879 3167 et
916 3099 1274 3166 temeraria·
1295 3097 1703 3180 confidentia3
1735 3098 1908 3165 unde

361 3211 595 3276 dicitur
621 3218 646 3251 ¹
677 3233 694 3276 ε
723 3234 756 3270 ιι
775 3208 1141 3274 Maledictus
1166 3208 1384 3288 home,
1415 3210 1531 3293 qui
1556 3207 1815 3273 confidit
1838 3208 1907 3272 in

362 3316 653 3399 homine3
679 3340 711 3379 ι)
759 3317 1147 3401 quandoque
1184 3315 1416 3396 virtus,
1471 3316 1708 3381 scilicet
1732 3318 1907 3381 certa

360 3427 714 3509 expectatio
739 3426 1105 3490 futurorum
1121 3441 1204 3487 ex
1221 3422 1466 3489 meritis
1483 3424 1899 3506 proveniens3

360 3534 744 3617 quandoque
766 3532 1086 3616 quoddam
1113 3531 1398 3597 medium
1426 3531 1592 3596 inter
1614 3531 1905 3614 despera-

358 3640 601 3706 tionem
630 3641 704 3724 (b)
724 3688 741 3719 ,
770 3646 833 3706 et
865 3640 1195 3720 virtutem,
1232 3640 1488 3723 quando
1515 3639 1752 3705 scilicet
1783 3639 1901 3703 ali-

360 3750 507 3831 quis
523 3751 760 3832 peccat,
776 3747 885 3813 sed
905 3748 983 3812 de
1001 3749 1188 3815 venia
1202 3751 1436 3830 sperat,
1452 3748 1623 3813 unde
1635 3747 1895 3812 dicitur:

369 3854 774 3922 «Maledictus
790 3856 1008 3938 homo,
1028 3855 1141 3938 qui
1164 3860 1381 3939 peccat
1409 3856 1477 3919 in
1497 3872 1632 3937 spe,
1648 3877 1680 3915 n
1701 3855 1767 3919 id
1779 3860 1898 3935 est,

358 3962 471 4045 qui
510 3965 727 4045 peccat
765 3963 958 4028 etiam
985 3962 1053 4025 in
1091 3979 1223 4044 spe.
1265 3960 1653 4043 Quandoque
1673 3960 1901 4026 dicitur

356 4070 650 4151 quaedam
678 4069 1029 4153 expectatio
1041 4069 1279 4135 futurae
1298 4067 1523 4151 gloriae
1546 4086 1696 4132 cum
1710 4069 1896 4132 certi-

355 4176 580 4241 tudine
606 4178 908 4257 scientiae,
935 4182 999 4243 et
1039 4177 1183 4242 talis
1208 4195 1352 4260 spes
1371 4177 1441 4240 in
1483 4174 1727 4241 Christo
1751 4176 1893 4241 fuit.

436 4286 495 4347 3.
527 4283 807 4366 Inclina,
835 4303 952 4369 per
977 4284 1470 4365 benignitatem3
1506 4298 1750 4362 aurem,
1784 4301 1901 4365 per

357 4390 872 4471 sollicitudinem2
914 4390 1007 4459 ad
1029 4408 1151 4470 me,
1182 4390 1514 4455 humiliter
1551 4395 1892 4473 petentem.

357 4498 671 4579 Accelera,
699 4498 839 4564 sine
868 4498 1188 4564 dilatione.
1234 4499 1427 4577 Erue,
1460 4515 1610 4563 cum
1637 4498 1894 4563 festina-

357 4606 551 4687 tione,
581 4606 817 4671 scilicet
848 4624 887 4669 a
913 4609 1149 4685 morte,
1192 4610 1269 4671 ut
1294 4606 1526 4672 dicitur
1559 4606 1628 4669 in
1656 4604 1894 4688 Glossa,

356 4714 422 4779 id
446 4718 567 4793 est,
595 4732 680 4779 ne
705 4713 961 4778 differas
986 4731 1199 4778 meam
1225 4713 1758 4779 resurrectionem
1785 4733 1899 4779 us-

354 4840 481 4906 que
506 4822 575 4887 in
603 4820 971 4903 generalem
989 4821 1518 4887 resurrectionem
1544 4844 1560 4885 ι
1595 4824 1659 4886 et
1682 4821 1895 4904 loqui-

355 4932 463 4994 tur
487 4927 773 4994 Christus
797 4928 995 4993 homo
1023 4927 1218 4993 Patri.

154 5062 328 5109 odim
433 5038 471 5098 ’1
478 5081 493 5099 .
522 5033 742 5103 Odisti
758 5033 1160 5103 observantes
1177 5037 1524 5104 vanitates.
1548 5033 1659 5099 Est
1676 5035 1895 5101 odium

420 5177 434 5207 ¹
461 5175 634 5241 Apoc„
659 5186 754 5238 vu,
790 5175 866 5225 ¹4.
893 5201 949 5212 -
977 5175 1000 5210 ¹
1023 5176 1228 5237 lenem„
1254 5186 1383 5239 xvn,
1413 5179 1463 5228 5.
1490 5201 1554 5214 -
1580 5175 1602 5209 ⁸
1627 5175 1831 5237 Malae„
1858 5189 1898 5241 1,

356 5250 402 5299 3.
430 5273 495 5286 —
519 5249 537 5279 ⁴
565 5245 767 5311 Bykes„
795 5258 849 5312 v,
875 5249 956 5299 29.
983 5273 1048 5286 —
1075 5248 1097 5284 ⁸
1118 5249 1283 5310 Joan„
1309 5259 1406 5312 111,
1433 5250 1514 5299 25.
1553 5274 1607 5284 —
1639 5248 1660 5278 ⁶
1685 5247 1898 5312 Philip„

356 5331 396 5382 l,
426 5321 505 5369 23.
524 5344 579 5357 --
613 5321 630 5352 ⁷
657 5319 816 5382 Rom„
838 5330 932 5382 vn,
961 5322 1041 5371 24.
1064 5346 1119 5356 -
1151 5321 1170 5349 ⁸
1200 5320 1216 5369 Ι
1250 5319 1389 5382 Cor„
1416 5332 1472 5385 x,
1505 5322 1581 5372 ¹2.
1606 5345 1660 5356 —
1692 5320 1711 5350 ⁸
1740 5320 1899 5385 Rom„

357 5401 438 5454 ix,
466 5392 548 5441 22.
569 5416 633 5429 —
660 5391 702 5426 ¹·
729 5391 887 5455 Rom„
913 5403 988 5455 ix,
1017 5394 1098 5444 2¹.
1123 5418 1185 5431 —
1216 5393 1249 5421 ¹¹
1283 5390 1495 5456 Matth„
1522 5403 1647 5455 xxv,
1677 5394 1724 5444 4.

420 5477 494 5544 (a)
523 5480 636 5531 Hoc
659 5478 777 5531 loco
804 5479 991 5545 legitur
1011 5480 1066 5532 in
1089 5483 1202 5533 coet.
1230 5481 1352 5533 edit.
1382 5483 1506 5533 nota
1531 5480 1617 5532 illa
1644 5481 1781 5533 circa
1806 5484 1900 5534 Oc-

3455 512 3573 574 195

2027 622 2511 706 reprobationis,
2551 630 2721 696 unde
2746 631 2869 697 hoc
2897 634 2919 669 ³
2949 653 2967 698 t
3007 656 3040 697 α
3070 636 3235 701 Deus
3254 638 3445 705 Jacob
3471 642 3569 707 di·
3625 657 3777 701 mulu-

2027 725 2205 808 1exit,
2234 729 2402 795 Esau
2432 731 2579 797 odio
2604 734 2850 802 hahuit.
2880 761 2911 797 »
2946 740 3057 805 Est
3082 743 3302 810 odium
3327 746 3567 831 iniqui-
3599 721 3715 775 ⁹¹⁰¹·
3816 755 3822 761 ·

2027 835 2196 915 tatiS,
2225 840 2299 900 ut
2322 839 2544 903 odium
2568 848 2883 911 nostrum.
2906 846 3019 912 Est
3037 849 3257 916 odium
3283 854 3573 922 subtrac-

2026 942 2248 1023 tioniS,
2288 945 2457 1011 unde
2502 946 2625 1013 hoc
2649 949 2673 984 ¹·
2717 968 2735 1013 :
2777 975 2808 1011 α
2845 951 3045 1020 Nemo
3090 975 3349 1025 carnem
3389 982 3575 1028 suam

2006 1049 2172 1114 *odio
2200 1052 2412 1133 habet,
2440 1073 2471 1112 ι)
2497 1056 2652 1138 quia
2667 1058 2962 1139 proximo
2980 1080 3099 1129 suo
3126 1067 3571 1137 subtrahitbe-

2027 1158 2352 1223 neflcium.
2383 1159 2495 1225 Est
2522 1162 2741 1227 odium
2765 1166 3147 1250 afflictionis,
3169 1174 3342 1239 unde
3370 1177 3489 1243 hoc
3517 1185 3569 1243 ⁸:

2036 1286 2066 1323 α
2094 1263 2214 1341 Qui
2241 1266 2374 1331 odit
2394 1269 2677 1335 animam
2700 1290 2884 1338 suam
2912 1274 2981 1339 in
3007 1276 3183 1344 hunc
3209 1285 3471 1366 mundo,
3504 1288 3572 1352 in

2026 1374 2227 1438 vitam
2257 1380 2565 1442 aeternam
2584 1382 2857 1446 custodit
2879 1402 3048 1449 eam.
3076 1409 3107 1447 n

2109 1489 2207 1550 10.
2243 1485 2669 1558 conturbatus
2697 1496 2885 1571 estin
2903 1496 3011 1562 ira
3036 1501 3254 1567 oculas
3272 1518 3445 1571 meus
3467 1506 3565 1589 (c).

2026 1591 2245 1675 Captat
2285 1596 2783 1665 misericordiam
2813 1604 3048 1686 judicis
3075 1626 3114 1671 a
3154 1613 3411 1694 propria
3436 1615 3568 1678 mi-

2024 1700 2211 1781 seria,
2256 1720 2404 1785 quae
2440 1707 2722 1771 consistit
2750 1708 2820 1772 in
2853 1711 3058 1777 tribus
3090 1736 3106 1778 ε
3146 1716 3216 1781 in
3254 1720 3566 1787 vulnera-

2025 1807 2198 1873 tione
2214 1811 2607 1878 naturalium
2613 1838 2629 1894 ;
2655 1815 2724 1882 in
2740 1820 3186 1901 magnitudine
3204 1846 3564 1914 poenarum;

2024 1913 2090 1978 in
2137 1917 2451 1998 paucitate
2495 1924 2951 2002 gratuitorum.
2985 1929 3312 2000 Naturalia
3335 1939 3564 2006 vulne·

2024 2027 2250 2090 rantur
2277 2031 2592 2109 quantum
2611 2032 2692 2095 ad
2718 2034 2877 2100 tria:
2900 2046 3215 2120 quantum
3242 2044 3323 2109 ad
3344 2047 3564 2131 finem,

2022 2133 2241 2197 unde:
2289 2135 2709 2206 conturbatus
2740 2148 2833 2208 est
2872 2145 2947 2210 in
2978 2149 3083 2214 ira
3110 2152 3329 2220 oculus
3355 2173 3570 2244 meus,-

2022 2244 2337 2321 quantum
2381 2243 2462 2308 ad
2508 2248 2980 2317 sensualitatem
2997 2303 3015 2335 ,
3060 2259 3230 2323 unde
3266 2282 3282 2323 τ
3324 2264 3567 2334 Anima

2020 2364 2200 2430 mea;
2242 2356 2556 2434 quantum
2596 2355 2677 2420 ad
2722 2375 2979 2425 carnem
2994 2411 3011 2442 ,
3061 2367 3235 2432 unde
3274 2391 3290 2433 ε
3332 2371 3567 2443 Venter

2019 2471 2219 2523 meus.
2237 2457 2605 2540 Magnitudo
2632 2480 2842 2545 poenae
2868 2470 3153 2537 consistit
3178 2473 3246 2538 in
3271 2476 3557 2547 duobus:
3633 2492 3805 2548 Magni·

2018 2562 2087 2625 in
2104 2566 2466 2647 acerbitate,
2484 2570 2654 2635 unde
2686 2572 2770 2653 (v.
2790 2575 2911 2657 ιι).
2936 2598 2952 2641 ι
2985 2581 3234 2660 Defecit
3250 2585 3326 2650 tn
3350 2587 3563 2659 dolore
3590 2554 3698 2660 {¹²:5³
3716 2567 3805 2610 ⁹¹²*

2017 2671 2163 2738 vita
2188 2689 2325 2739 mea
2331 2692 2361 2755 ;
2399 2676 2468 2739 in
2502 2676 2872 2763 duratione,
2924 2688 3091 2752 unde
3132 2712 3147 2754 :
3181 2692 3369 2762 Anni
3408 2704 3555 2768 mei.
3590 2725 3601 2735 ·

2018 2778 2309 2847 Paucitas
2367 2787 2800 2865 gratuitorum
2846 2797 3106 2860 notatur
3143 2799 3225 2881 (v.
3277 2806 3372 2886 14)
3423 2830 3438 2871 :
3482 2810 3563 2875 In

2011 2895 2408 2972 paupertate.
2457 2889 2571 2957 Vel
2604 2894 2734 2958 sic:
2770 2895 2918 2962 Tria
2952 2920 3194 2983 genera
3223 2908 3560 2981 hominum

2016 2994 2122 3059 hic
2155 2996 2489 3080 intellige:
2521 3002 2849 3086 perfectOS,
2880 3008 3286 3082 ubidicitur:
3329 3019 3562 3089 Oculus

2014 3116 2232 3185 meus,·
2275 3104 2490 3171 minus
2531 3110 2866 3194 perfectos,
2919 3115 3054 3184 ibi:
3096 3121 3339 3192 Anima
3384 3145 3563 3215 mea,·

2014 3210 2271 3293 debiles,
2292 3214 2383 3278 ibi
2412 3237 2427 3279 ε
2471 3216 2698 3285 Venter
2724 3238 2921 3290 meus.

2098 3317 2411 3392 Quoniam
2438 3321 2673 3405 defecit
2700 3330 2775 3393 in
2802 3329 3016 3400 dolore
3042 3336 3184 3403 vita
3209 3356 3370 3408 mea.
3401 3343 3563 3410 Tar-

2012 3422 2170 3488 dum
2217 3435 2314 3491 est
2353 3433 2585 3497 sanctis
2635 3452 2784 3500 cum
2835 3437 3079 3507 Christo
3124 3462 3261 3512 esse
3304 3457 3564 3536 propter

2010 3532 2175 3598 tria:
2203 3540 2465 3619 propter
2487 3539 2665 3607 illam
2690 3545 3154 3616 beatitudinem
3177 3572 3326 3638 quae
3355 3560 3562 3627 differ-

2010 3641 2140 3721 tur,
2164 3642 2333 3708 unde
2350 3644 2474 3710 hoc
2491 3647 2513 3681 ⁸
2537 3669 2552 3711 ε
2588 3672 2620 3711 α
2647 3650 2844 3736 Cupio
2862 3656 3143 3740 dissolvi,
3174 3667 3239 3727 et
3254 3683 3390 3732 esse
3409 3689 3558 3736 cum

2009 3744 2288 3827 Christ03
2310 3771 2342 3810 ι)
2374 3755 2437 3814 et
2464 3754 2617 3835 quia
2632 3756 2740 3821 hic
2766 3759 2933 3826 inter
2951 3766 3121 3832 mala
3146 3781 3555 3861 premuntur,

2007 3853 2180 3918 unde
2202 3855 2327 3921 hoc
2353 3859 2376 3893 ‘¹
2400 3880 2415 3920 :
2460 3882 2491 3919 α
2520 3859 2749 3929 Infelix
2775 3885 2905 3949 ego
2934 3872 3154 3957 homo,
3183 3881 3331 3961 quis
3357 3902 3462 3950 me
3488 3887 3560 3951 li-

2005 3959 2253 4027 berabit
2263 3962 2343 4028 de
2360 3982 2625 4050 corpore
2650 3974 2878 4038 mortis
2902 3976 3141 4061 hujus?
3160 4007 3193 4044 ι)
3228 3993 3292 4053 et
3303 3990 3386 4074 (d)
3409 3994 3562 4076 qnia

2005 4067 2093 4131 ibi
2114 4087 2248 4134 non
2276 4077 2426 4136 sunt
2452 4078 2685 4158 securi,
2729 4082 2904 4147 unde
2932 4090 2955 4124 ⁸
2989 4106 3006 4151 ε
3049 4111 3082 4149 α
3106 4089 3228 4168 Qui
3276 4101 3421 4179 stat,
3467 4102 3561 4165 vi-
3625 4126 3631 4132 ·

2002 4174 2170 4257 deat,
2198 4197 2281 4242 ne
2309 4179 2512 4246 cadat.
2542 4202 2573 4241 n

2003 4518 2215 4582 reum,
2245 4502 2315 4567 in
2342 4523 2473 4588 quo
2503 4509 2758 4591 reponit
2777 4515 3059 4593 gratiam
3085 4539 3305 4604 suam;
3333 4528 3437 4592 vel
3463 4533 3562 4595 est

2002 4608 2236 4675 diaboli
2259 4660 2276 4689 ,
2337 4615 2401 4676 et
2447 4611 2692 4680 dicetur
2729 4623 2752 4657 ⁹
2802 4621 2923 4689 irae
2968 4626 3073 4691 vel
3120 4635 3519 4706 contumeliae
3536 4688 3554 4718 ‚

2003 4715 2072 4779 in
2093 4735 2226 4801 quo
2252 4721 2504 4803 reponit
2530 4724 2863 4804 malitiam,
2894 4732 3065 4799 unde
3090 4737 3431 4821 Apostolus
3463 4746 3506 4783 ¹⁰
3537 4724 3560 4812 τ’

2013 4848 2044 4884 α
2072 4822 2401 4901 Quoddam
2432 4829 2506 4914 (e)
2530 4850 2644 4896 vas
2676 4832 2745 4898 in
2762 4834 3099 4922 honorem,
3128 4845 3300 4912 aliud
3327 4850 3397 4914 in
3415 4870 3560 4920 con-

2004 4934 2339 5000 tumeliam
2366 4958 2397 4996 n
2432 4939 2616 5021 fecit,·
2648 4944 2844 5010 ethic
2870 4953 2914 4989 ¹¹
2950 4971 2965 5012 ε
3007 4973 3039 5011 α
3067 4950 3420 5025 Prudentes
3445 4980 3559 5029 ac-

2009 5132 2184 5194 tam-s,
2219 5148 2377 5199 quam
2411 5138 2586 5201 potius
2622 5142 2947 5197 referendam
2989 5153 3282 5208 censuimus
3323 5162 3387 5211 ad
3428 5166 3558 5228 psal·

2007 5215 2153 5253 mum
2180 5215 2234 5266 x,
2262 5220 2313 5258 v.
2348 5212 2393 5258 1.
2423 5236 2487 5292 3—
2510 5211 2573 5275 (b)
2613 5214 2738 5265 Coet.
2753 5216 2873 5266 edit.
2894 5220 3017 5272 add.
3037 5227 3089 5274 et
3102 5239 3265 5291 spem.
3296 5257 3358 5272 —
3376 5234 3436 5300 (c)
3464 5226 3558 5289 H'ic

2006 5287 2207 5340 versus,
2236 5292 2352 5361 cum
2390 5295 2499 5344 ejus
2526 5283 2716 5350 glossa,
2735 5292 3077 5355 transpositus
3104 5302 3183 5349 est
3207 5300 3262 5351 in
3291 5309 3404 5355 coet.
3435 5310 3557 5360 edit.

2007 5349 2125 5409 post
2140 5348 2282 5431 ’hanc
2307 5350 2496 5404 lineam
2526 5368 2538 5405 ε
2572 5357 2824 5425 «debiles,
2851 5361 2949 5413 ibi:
2982 5366 3159 5419 Venter·
3185 5386 3338 5438 meus,
3356 5393 3386 5425 »
3403 5392 3557 5442 quam

2009 5423 2238 5482 sequitur
2280 5424 2520 5485 Quoniam
2562 5427 2774 5493 ‹leret-it,
2803 5435 2901 5484 etc.
2935 5465 2995 5474 -
3029 5439 3101 5505 (d)
3134 5442 3255 5497 Coet.
3298 5447 3420 5500 edit.
3464 5466 3557 5502 non

2009 5489 2189 5542 habent
2209 5497 2276 5544 et.
2312 5522 2365 5533 —
2398 5498 2470 5562 (e)
2512 5499 2658 5565 Vulq.
2688 5503 2824 5555 aliud
2855 5508 3081 5571 quidem.
