4196 6294
1615 475 1975 548 PSALMIJS
2017 475 2276 548 cxvm.

351 620 532 699 salso,
562 635 709 702 quoe
737 616 844 683 hic
864 621 1148 685 removet
1173 635 1213 682 a
1237 616 1482 682 medico
1503 632 1660 683 vero
1684 639 1702 682 ι
1728 617 1892 682 scili-

353 732 453 793 cet
494 725 983 811 promissionem
1007 773 1029 804 ,
1076 724 1227 807 quia
1266 723 1615 806 promittit,
1656 727 1722 789 et
1760 743 1892 790 non

353 835 538 902 tacit:
569 833 733 897 nihil
749 832 1100 915 promittat,
1130 833 1300 914 quod
1324 849 1454 896 non
1483 831 1700 911 faciat3
1720 832 1892 897 unde

354 944 476 1008 hoc
503 947 521 983 ¹
561 963 576 1003 :
618 965 648 1002 a
675 940 928 1006 Juravit
952 939 1253 1004 Dominus
1271 989 1287 1019 ,
1319 942 1383 1003 et
1408 957 1534 1003 non
1566 940 1894 1021 poenitebit

356 1070 527 1117 eum.
567 1072 598 1110 n
632 1053 703 1113 In
732 1049 1036 1124 sanand0‚
1071 1066 1352 1127 moram,
1382 1067 1535 1112 nam
1565 1049 1589 1083 ⁹
1625 1071 1657 1108 α
1692 1049 1893 1113 nescit

355 1159 684 1223 molimina
702 1157 882 1222 tarda
898 1157 1109 1238 gratia
1130 1155 1407 1238 Spiritus
1422 1156 1676 1220 sancti.»
1699 1155 1893 1238 Ferro

357 1266 750 1331 incisionem.
781 1262 1095 1342 Primum,
1128 1262 1240 1328 ubi
1268 1262 1453 1327 dicit:
1490 1286 1520 1323 a
1540 1261 1895 1339 Quaerenda

357 1378 452 1438 est
495 1371 830 1437 medicina.
860 1392 891 1430 n
928 1369 1325 1449 Secundum,
1351 1370 1446 1433 ibi
1478 1388 1494 1433 ε
1543 1393 1573 1431 α
1602 1370 1693 1434 Ne
1721 1370 1897 1434 diffe-

358 1500 528 1546 raa.»
564 1477 874 1558 Tertium,
904 1476 1019 1555 ibi,
1049 1476 1164 1541 ubi
1199 1476 1350 1541 dicit
1382 1495 1398 1539 t
1439 1499 1469 1537 α
1495 1476 1734 1556 Verbo,
1766 1495 1896 1542 non

357 1590 524 1654 ferro
542 1604 788 1654 sanare.
814 1608 846 1644 ι»
873 1585 1146 1651 Animus
1167 1586 1409 1651 divisus
1426 1603 1557 1649 non
1576 1585 1892 1668 impetret,

360 1696 593 1760 scilicet
620 1694 875 1778 quando
895 1693 1067 1758 aliud
1087 1693 1278 1757 habet
1302 1693 1371 1757 in
1399 1693 1606 1771 corde,
1638 1697 1703 1758 et
1723 1694 1898 1758 aliud

358 1804 428 1867 in
467 1805 712 1881 mente,
759 1801 928 1865 unde
966 1800 1090 1865 hoc
1128 1805 1153 1840 ⁸
1198 1823 1214 1864 :
1255 1823 1288 1861 α
1335 1799 1563 1877 Corde,
1607 1806 1671 1864 et
1712 1800 1897 1864 corde

361 1897 549 1975 locuti
593 1913 764 1974 sunt.
808 1932 840 1969 n
882 1909 1145 1986 Quando
1179 1908 1504 1973 constituit
1541 1908 1703 1973 duos
1736 1909 1898 1971 fines

364 2034 729 2101 supremoS,
756 2015 861 2081 vel
898 2015 1304 2098 principales,
1355 2015 1446 2079 ita
1478 2015 1653 2098 quod
1690 2032 1898 2079 unum

366 2144 496 2190 non
540 2124 768 2189 referat
809 2123 890 2188 ad
935 2123 1135 2189 alium
1180 2124 1260 2205 (a)
1281 2172 1303 2203 ‚
1356 2127 1430 2187 ut
1470 2122 1547 2187 de
1598 2122 1899 2204 petitione

363 2232 831 2315 temporalium,
860 2232 1031 2296 unde
1056 2231 1180 2296 hoc
1203 2237 1225 2273 ⁶
1259 2254 1276 2296 ε
1316 2255 1349 2293 α
1374 2229 1623 2297 Nesciat
1648 2230 1901 2294 sinistra

366 2345 509 2418 tua,
539 2339 693 2422 quid
718 2338 905 2403 faciat
943 2339 1201 2405 dextera
1241 2344 1374 2404 tua.
1417 2362 1449 2398 n
1494 2336 1610 2404 Vel
1644 2337 1901 2420 quando

366 2448 561 2513 homo
588 2452 756 2525 orat,
786 2451 850 2513 et
879 2451 1036 2511 tunc
1070 2447 1290 2510 inanes
1316 2445 1729 2526 cogitationes
1755 2459 1902 2508 sur-

372 2558 540 2638 gtmt
585 2557 655 2619 in
698 2573 812 2633 eo,
864 2572 1013 2637 quae
1054 2556 1320 2637 possunt
1354 2553 1477 2617 dici
1522 2556 1544 2593 ⁸
1593 2574 1625 2612 a
1668 2569 1904 2617 muscae

369 2663 741 2743 morientes,
798 2680 945 2745 quae
1006 2661 1279 2744 perdunt
1338 2660 1722 2725 suavitatem
1776 2677 1900 2723 un-

371 2769 617 2852 guenti.
668 2791 700 2828 n
753 2767 883 2833 Has
924 2767 1378 2848 cogitationes,
1426 2765 1659 2830 scilicet
1699 2766 1722 2802 ⁸
1758 2782 1906 2832 aves

371 2875 663 2958 abiqebat
733 2876 1047 2942 Abraham
1084 2894 1124 2938 a
1162 2874 1505 2938 sacrificiis·
1540 2907 1615 2920 —
1644 2876 1785 2937 146.
1823 2875 1906 2939 Ut

371 2981 728 3050 custodiam
760 2982 1073 3049 mandata
1117 2988 1254 3050 tua.
1283 2980 1439 3044 Duae
1481 2984 1630 3044 sunt
1670 2979 1906 3061 species

141 3116 344 3189 (noann-
372 3090 738 3156 oeconomiae
757 3138 776 3170 ,
832 3089 1065 3154 scilicet
1103 3089 1384 3172 operari,
1440 3092 1501 3153 et
1546 3086 1899 3165 custodir03

116 3190 220 3221 mm
241 3189 344 3231 ape-

116 3242 210 3285 cies
238 3239 342 3282 duae

367 3200 537 3264 unde
562 3199 630 3262 in
658 3199 881 3266 Genesi
906 3198 984 3262 de
1015 3198 1238 3280 primis
1261 3196 1628 3279 parentibus
1652 3196 1675 3231 ⁷
1708 3217 1724 3259 ε
1765 3217 1796 3254 <1
1825 3190 1905 3257 Ut

366 3311 768 3389 operaretur,
799 3310 864 3369 et
898 3304 1241 3369 custodiret
1277 3303 1483 3367 illum.
1514 3326 1545 3363 ι)
1587 3302 1726 3368 Una
1765 3318 1904 3384 per-

365 3414 524 3477 tinet
562 3414 643 3477 ad
687 3413 942 3492 virum;
974 3412 1097 3476 alia
1137 3412 1219 3475 ad
1256 3411 1590 3475 mulierem
1611 3457 1628 3487 ,
1671 3410 1906 3475 scilicet

366 3522 751 3603 viraginem.
793 3519 905 3587 Vir
954 3520 1138 3584 debet
1176 3519 1429 3602 operari
1476 3519 1796 3598 exterius,
1841 3521 1906 3583 et

270 3642 281 3652 ’
365 3631 731 3713 acquirere;
763 3628 995 3693 mulier
1031 3628 1204 3692 intus
1234 3626 1569 3706 custodire,
1597 3626 1776 3691 ‘unde
1804 3626 1901 3690 di-

366 3738 535 3802 citur
557 3759 573 3801 ε

405 3902 520 3951 Non
547 3899 720 3950 minor
745 3902 821 3950 est
848 3896 1026 3962 virtus,
1054 3909 1209 3963 quam
1236 3910 1483 3963 quaerere,
1513 3900 1657 3962 parta
1681 3897 1830 3948 tueri.
1861 3964 1868 3971 ‚

365 4064 477 4129 Vir
494 4112 516 4144 ,
563 4064 763 4142 ratio;
816 4062 1048 4128 mulier
1065 4110 1087 4141 ,
1139 4060 1429 4127 ordinata
1484 4066 1579 4126 est
1630 4062 1896 4127 affectio.

365 4176 597 4238 -147,
628 4171 918 4239 Proeveni
948 4171 1397 4238 inmaturitate
1429 4169 1532 4252 (b),
1562 4172 1636 4232 ut
1663 4170 1746 4233 sit
1772 4188 1903 4234 una

364 4281 589 4359 dictio,
633 4280 697 4343 id
733 4284 862 4358 est,
903 4283 1087 4346 aetate
1137 4280 1521 4356 immatura,
1569 4277 1633 4341 id
1685 4280 1780 4340 est
1830 4260 1910 4341 in'

365 4390 726 4471 iuventute,
759 4387 957 4451 Deum
984 4385 1260 4450 laudavi.
1286 4384 1449 4451 Nam
1482 4384 1902 4466 temperantia

365 4495 434 4559 in
452 4498 699 4578 juvene
718 4494 926 4574 majus
950 4494 1250 4558 meritum
1273 4497 1388 4572 est,
1416 4509 1612 4574 quam
1632 4491 1699 4556 in
1723 4509 1898 4556 sene.

367 4603 572 4680 Quam
624 4601 1108 4682 temperantiam
1163 4601 1641 4666 seminaverunt
1692 4600 1897 4680 virgi-

365 4728 500 4775 nes.
533 4708 696 4774 Nam
722 4707 792 4771 in
827 4711 997 4771 terra
1022 4709 1253 4773 mentis
1291 4712 1526 4772 nostrae
1550 4712 1689 4772 octo
1717 4709 1897 4788 agri-

365 4815 523 4881 colae
587 4815 1070 4882 seminaverunt
1099 4836 1116 4878 ε
1191 4814 1379 4880 Pater
1397 4863 1419 4893 ,
1489 4814 1603 4897 qui
1666 4814 1899 4879 dicitur

365 4922 647 5005 agricola
694 4923 763 4986 in
826 4922 1194 5002 Evangelio,
1263 4922 1600 4987 seminavit
1669 4938 1900 5003 panem

3424 484 3544 547 313

1994 616 2239 682 scilicet
2264 616 2565 682 verbum.
2596 614 2870 698 Spiritus
2908 617 3168 678 sancms
3201 613 3546 680 seminavit

1998 724 2369 789 charitatem
2399 746 2415 787 ε
2448 740 2605 787 nam
2635 721 2814 786 venit
2828 769 2848 798 ‚
2891 723 2956 786 et
2990 721 3013 755 ⁹
3048 742 3082 784 α
3116 723 3548 804 apparuerunt

1998 835 2122 898 illis
2149 833 2496 917 dispertitae
2521 834 2773 913 linguae
2799 835 3111 914 tanquam
3150 831 3366 912 ignis,
3406 852 3438 892 s
3478 832 3544 898 id

1998 948 2123 1024 est,
2170 947 2381 1011 fervor
2424 943 2773 1008 charitatis.
2806 940 2963 1005 Ecce
2988 943 3125 1005 tota
3151 939 3425 1005 charitas
3442 942 3542 1022 (c),

1999 1050 2235 1116 scilicet
2263 1053 2468 1116 bonus
2488 1049 2789 1132 agricola,
2815 1048 2904 1111 ibi
2920 1047 3263 1111 seminavit
3287 1046 3545 1128 angelo·

2000 1143 2150 1223 rum
2196 1158 2601 1223 stabilitatem
2624 1206 2641 1236 ‚
2675 1155 2935 1240 quando
2961 1154 3101 1218 aliis
3125 1152 3496 1219 cadentibus
3520 1201 3540 1234 ,

2000 1270 2330 1331 steterunt.
2380 1264 2665 1348 Apostoli
2723 1259 3128 1346 prudentiam
3157 1281 3174 1325 τ
3231 1277 3385 1325 nam
3456 1261 3549 1325 eis

1999 1376 2246 1440 dictum
2273 1380 2370 1440 est
2395 1374 2439 1412 ¹⁰
2470 1398 2487 1439 z
2534 1396 2566 1434 a
2588 1373 2803 1437 Estote
2844 1371 3188 1454 prudentes
3220 1371 3384 1435 slent
3410 1387 3545 1434 ser·

2001 1487 2242 1566 pentes.
2273 1505 2304 1543 n
2340 1483 2649 1565 Martyres
2673 1477 3146 1545 fortitudinem:
3177 1494 3341 1560 opus
3365 1477 3543 1542 forti·

2003 1589 2239 1654 tudinis
2282 1591 2402 1654 fuit
2444 1590 2513 1652 in
2534 1571 2887 1670 'martyria
2937 1584 3328 1650 Confessorae
3357 1585 3549 1668 justi-

2004 1697 2192 1776 tiam,
2220 1696 2456 1761 scilicet
2500 1695 2927 1760 devotionem.
2972 1691 3273 1773 Virgines
3295 1696 3529 1774 tempe·

2002 1805 2303 1884 rantiam,
2324 1804 2403 1868 de
2423 1822 2553 1887 qua
2574 1802 2683 1867 hic
2699 1804 2939 1884 agitur.
2964 1800 3121 1866 Ecce
3137 1800 3246 1864 hic
3269 1803 3549 1884 quatuor
3609 1819 3786 1874 agria>

2004 1912 2307 1994 agricolae
2373 1916 2647 1995 quatuor
2708 1909 3191 1973 seminaverunt
3256 1908 3545 1973 virtutes.
3574 1882 3788 1991 &3¹²⁹

2005 2019 2125 2085 Sed
2151 2019 2377 2097 timeo,
2417 2036 2501 2083 ne
2528 2036 2682 2082 aves
2709 2017 2855 2081 coeli
2881 2017 3176 2095 veniant,
3206 2020 3269 2081 et
3299 2016 3553 2099 rapiant

2006 2144 2263 2206 semen,
2316 2129 2380 2190 et
2429 2126 2746 2190 seminent
2813 2124 3072 2188 zizania.
3143 2128 3282 2188 151.
3352 2124 3551 2207 Prope

2006 2249 2072 2299 es
2115 2239 2221 2312 ta,
2248 2233 2537 2299 Domine.
2567 2231 2734 2295 Deus
2763 2231 2995 2295 dicitur
3015 2245 3212 2313 prope
3238 2231 3448 2295 tribus
3473 2233 3553 2297 de

2006 2341 2214 2403 causis
2258 2360 2273 2404 ε
2332 2358 2444 2422 per
2492 2339 2971 2421 inspirationem
2994 2385 3016 2416 ,
3060 2337 3233 2402 unde
3287 2338 3410 2402 hoc
3455 2338 3495 2375 ¹¹
3530 2360 3547 2403 ε

2016 2470 2048 2508 (ι
2074 2447 2163 2511 Te
2204 2448 2503 2530 loquente
2520 2496 2539 2527 ,
2568 2465 2713 2511 ecce
2751 2447 3020 2525 adsum3
3060 2468 3093 2507 ι»
3143 2464 3259 2528 per
3297 2446 3555 2514 infusio-

2008 2573 2157 2619 nem
2172 2602 2192 2633 ,
2228 2554 2400 2619 unde
2425 2555 2562 2633 hic3
2598 2573 2714 2638 per
2745 2554 3085 2634 auxilium,
3112 2553 3283 2617 unde
3304 2553 3427 2618 hoc
3453 2555 3500 2591 ¹¹
3531 2575 3547 2620 ε

2017 2684 2050 2725 α
2077 2662 2280 2746 Prope
2303 2667 2397 2727 est
2437 2664 2742 2729 Dominus
2780 2663 3081 2728 omnibus
3109 2663 3552 2728 invocantibus

2011 2789 2186 2836 eum.
2220 2791 2252 2831 n

2092 2881 2233 2941 153.
2287 2876 2450 2944 Vide
2483 2878 2913 2946 humilitatem
2936 2894 3164 2945 meam.
3204 2880 3371 2944 Alibi
3402 2880 3553 2944 dici-

2010 2990 2119 3050 tur
2144 2986 2190 3025 ¹⁸
2220 3002 2239 3050 :
2273 2985 2614 3069 «Respexit
2632 2986 3061 3051 humilitatem
3083 2987 3327 3051 ancillae
3346 2983 3501 3052 suae.
3516 3008 3548 3047 ι

2012 3094 2163 3160 Baec
2190 3099 2283 3160 est
2306 3095 2496 3161 unica
2517 3096 2647 3161 filia
2666 3098 2904 3162 summi
2921 3096 3135 3182 Regis,
3161 3114 3309 3180 quae
3329 3097 3557 3162 dicitur
3600 3119 3601 3124 ¹

2011 3221 2149 3267 esse
2192 3214 2382 3286 caput
2441 3205 2733 3268 omnium
2780 3206 3116 3270 virtutum.
3168 3203 3292 3269 Sed
3338 3221 3555 3270 nonne

2009 3311 2167 3376 fides
2196 3314 2512 3393 est.caput
2539 3312 2834 3376 omnium
2864 3313 3223 3378 virtutum?
3241 3311 3403 3378 Nam
3428 3313 3555 3395 pri·
3581 3331 3728 3377 Fides.

2011 3435 2119 3481 ma
2146 3418 2301 3500 petit
2329 3421 2543 3501 caput.
2569 3418 2849 3483 Dicimus
2864 3469 2881 3496 ,
2910 3420 3081 3503 quod
3107 3420 3340 3485 dicitur
3364 3422 3556 3503 caput

2009 3524 2360 3604 virtutum,
2399 3542 2560 3607 quas
2600 3524 2907 3590 Dominus
2944 3531 3277 3590 enumerat
3318 3527 3387 3590 in
3429 3545 3556 3592 sen

2010 3649 2202 3696 mone
2229 3631 2275 3674 ¹⁴
2312 3653 2327 3695 ε
2360 3654 2392 3693 «
2420 3631 2595 3696 Beati
2625 3650 2934 3715 pauperes
2958 3634 3206 3715 spiritu3
3235 3634 3412 3698 n-uhi
3441 3652 3555 3718 per

2009 3743 2449 3822 paupertatem
2505 3739 2805 3821 intelligit
2858 3740 3284 3805 humilitatem
3315 3790 3337 3820 ,
3407 3759 3554 3826 qua>-

2009 3847 2220 3929 primo
2241 3850 2685 3911 enumeratur:
2706 3846 2848 3910 ideo
2869 3846 3101 3912 dicitur
3116 3852 3328 3930 caput.
3352 3847 3547 3914 Nota:

2010 3951 2177 4020 Deus
2221 3955 2450 4019 dicitur
2494 3954 2710 4019 videre
2763 3954 3090 4019 hominem
3112 4002 3131 4031 ‚
3176 3961 3506 4037 peccatum
3528 4006 3550 4037 ,

2012 4061 2292 4143 gratiam
2329 4084 2348 4126 z
2405 4062 2735 4127 hominem
2778 4061 3173 4145 x'quandoque
3213 4063 3281 4126 in
3338 4063 3509 4129 bono
3530 4112 3549 4145 ‚

2009 4169 2180 4234 unde
2208 4169 2330 4234 hoc
2356 4169 2450 4232 ¹⁸:
2491 4191 2523 4231 α
2551 4167 2729 4234 Oculi
2750 4164 3000 4233 Domini
3028 4186 3221 4251 super
3240 4174 3482 4253 justos;
3515 4193 3547 4232 ι

2010 4277 2394 4360 quandoque
2439 4277 2508 4339 in
2556 4276 2723 4341 malo
2733 4323 2755 4357 ,
2800 4277 2970 4341 unde
3009 4277 3133 4341 hoc
3176 4299 3197 4344 ε
3241 4302 3273 4342 α
3326 4278 3556 4346 Vultus

2011 4388 2229 4448 autem
2255 4384 2506 4449 Domini
2545 4400 2738 4465 super
2770 4384 3071 4448 facientes
3111 4384 3301 4449 mala.
3333 4407 3365 4444 s
3411 4387 3555 4452 Pec-

2010 4493 2250 4570 catum,
2280 4491 2435 4555 dum
2462 4492 2668 4575 punit,
2696 4491 2867 4555 unde
2889 4490 3013 4556 hoc
3029 4491 3111 4555 ¹⁸:
3146 4489 3374 4573 «Beati,
3398 4510 3552 4576 quo-

2010 4614 2160 4662 rum
2203 4597 2484 4662 remissae
2520 4601 2670 4662 sunt
2707 4596 3073 4679 iniquitates
3090 4645 3111 4676 ,
3161 4600 3225 4662 et
3268 4616 3553 4681 quorum

2006 4708 2172 4770 tecta
2228 4711 2377 4771 sunt
2437 4711 2688 4789 peccata
2711 4753 2729 4783 ,
2791 4728 2824 4766 u
2886 4705 3119 4770 scilieet
3191 4724 3273 4770 ne
3342 4706 3554 4774 videat

2009 4813 2199 4878 Deus.
2230 4813 2576 4894 Virtutem,
2627 4814 2785 4879 dum
2825 4831 2968 4879 eam
2992 4814 3339 4895 approbat,
3378 4815 3553 4881 unde

2008 4921 2147 4985 hic:
2182 4920 2345 4988 Vide
2370 4921 2801 4990 humilitatem
2823 4926 3292 4989 meam—154.
3314 4922 3551 4992 ‚ludica

368 5030 531 5095 coeli.
604 5029 802 5095 Filius
850 5028 1191 5093 seminavit
1238 5028 1568 5094 veritatem
1620 5049 1639 5091 ε
1696 5040 1850 5092 nam
1876 5031 1898 5071 ⁸
1996 5029 2330 5111 judicium
2372 5044 2576 5096 meum
2595 5077 2615 5109 ‚
2658 5036 2718 5096 et
2742 5029 2985 5096 redime
3019 5046 3139 5096 me.
3193 5029 3356 5097 Nota
3399 5051 3551 5098 cau-

376 5158 408 5197 «
419 5137 598 5216 exiit,
622 5136 733 5218 qui
755 5135 1047 5215 seminat,
1069 5135 1384 5201 seminare
1398 5152 1614 5202 semen
1628 5153 1844 5216 suum,
1858 5158 1891 5197 ι»

432 5263 449 5297 ¹
470 5262 610 5315 Psal.
639 5274 756 5326 mx,
785 5264 831 5313 4.
858 5287 923 5302 -
946 5262 964 5292 ²
992 5262 1186 5323 Ambr„
1215 5263 1269 5311 in
1295 5262 1410 5311 Lice.
1437 5289 1501 5300 —
1535 5263 1559 5299 ὃ
1583 5262 1719 5312 Psal.
1747 5275 1822 5326 xi,
1850 5263 1897 5313 3.

373 5362 435 5373 —
460 5336 478 5365 ⁴
512 5335 718 5400 Mami„
751 5347 826 5398 vr,
864 5338 914 5385 3.
944 5360 1000 5372 -
1043 5333 1065 5370 ⁸
1090 5333 1276 5389 Eccle..
1305 5346 1358 5397 x,
1396 5339 1442 5384 1.
1471 5360 1534 5373 —-
1572 5337 1592 5366 ⁸
1635 5336 1780 5398 Gen„
1814 5347 1900 5397 xv,

374 5410 448 5457 11.
470 5432 529 5445 -
561 5408 578 5438 ⁷
603 5404 747 5469 Gen„
765 5418 827 5470 11,
855 5409 933 5456 15.
957 5431 1018 5447 -
1036 5406 1055 5436 ⁸
1083 5404 1220 5467 Luc„
1246 5416 1364 5465 vm,
1391 5408 1437 5455 5.
1471 5432 1534 5443 —
1559 5405 1580 5436 ⁹
1601 5406 1735 5467 Act„
1763 5418 1823 5470 ιι,
1850 5409 1897 5457 3.

375 5503 429 5517 -
473 5478 508 5510 ¹⁶
532 5477 738 5539 flatile„
772 5489 832 5538 x,
876 5479 952 5528 16.
981 5504 1040 5516 -
1080 5476 1118 5511 ¹¹
1156 5478 1278 5543 lea„
1316 5487 1472 5537 cvm,
1506 5479 1553 5526 9.
1592 5501 1652 5514 -
1689 5478 1726 5510 ¹¹
1761 5476 1898 5529 Psal.

2009 5153 2149 5201 sam
2212 5137 2377 5201 inter
2437 5136 2764 5203 hominem
2827 5140 2891 5201 et
2945 5137 3277 5204 hominem
3298 5186 3319 5218 ,
3380 5141 3550 5207 unde

2012 5273 2183 5323 cxmv,
2227 5263 2305 5312 18.
2342 5288 2406 5300 -
2442 5263 2478 5293 ¹³
2514 5263 2651 5325 Luc„
2693 5276 2740 5327 1,
2785 5265 2864 5313 48.
2898 5287 2959 5300 —-
3003 5264 3036 5294 ¹⁴
3072 5264 3274 5328 flatile„
3317 5276 3369 5327 v,
3408 5269 3459 5316 3.
3484 5293 3550 5319 ,-

2013 5334 2048 5363 ¹⁵
2073 5332 2217 5383 Psal.
2243 5344 2439 5397 xxxnx,
2473 5336 2551 5397 16,
2586 5336 2663 5385 17.
2692 5356 2750 5371 --
2776 5334 2820 5370 ¹⁸
2845 5334 2986 5386 Psal.
3013 5346 3162 5401 xxxi,
3192 5341 3239 5387 1.

2075 5404 2146 5468 (α)
2172 5405 2293 5455 coet.
2318 5404 2438 5458 edit.
2474 5419 2609 5457 unus
2630 5418 2741 5457 non
2772 5405 2960 5457 referat
2984 5406 3159 5463 alium.
3198 5435 3260 5448 —
3297 5408 3363 5473 (b)
3394 5409 3546 5477 vulg.

2013 5478 2065 5528 in
2096 5478 2411 5531 maturitate.
2435 5502 2496 5518 —
2524 5479 2585 5544 (c)
2618 5478 2736 5545 [ις.
2765 5477 2997 5534 Trinitas.
