4196 6294
692 490 808 550 370

690 621 895 679 datum
913 617 1088 676 fuerit
1106 615 1385 689 desuper.
1410 615 1487 670 De
1518 611 1780 670 secundo
1812 616 1828 649 ¹
1854 631 1869 668 ε
1907 630 1936 664 α
1962 611 2017 669 Si
2041 609 2232 668 Domi·

686 731 799 772 nus
846 728 1099 785 magnus
1138 708 1426 778 voluerit,
1466 706 1670 781 spiritu
1712 703 2110 777 intelligentiae
2142 718 2231 760 re·

686 807 877 884 plebit
903 807 1095 877 illum,
1127 808 1184 862 et
1206 804 1332 878 ipse
1354 805 1639 875 tanquam
1662 798 1883 856 imbres
1902 798 2088 855 mittet
2109 796 2230 854 elo-

689 902 833 975 quia
858 898 1156 973 sapientiae
1175 914 1310 954 suoe.
1340 916 1368 950 ι)
1393 898 1519 952 Hoec
1542 893 1744 951 missio
1771 892 1836 950 fit
1859 892 1937 949 ab
1964 888 2229 948 interiori

687 995 939 1052 exterius
968 989 1457 1058 transfundendO,
1487 987 1717 1063 quoties
1743 985 2031 1060 sapientia
2058 984 2229 1040 deor-

688 1105 822 1145 sum
850 1087 1062 1145 emissa
1090 1102 1126 1143 a
1154 1083 1402 1143 Domino
1431 1083 1495 1140 in
1514 1097 1773 1153 servum,
1800 1082 2227 1152 consequenter

684 1198 793 1256 per
822 1179 1126 1255 eloquium
1154 1194 1192 1236 a
1218 1194 1388 1235 servo
1430 1174 1856 1234 transfunditur
1893 1173 1957 1231 in
1985 1187 2224 1230 conser-

683 1291 848 1332 vum.
882 1276 957 1331 De
982 1273 1149 1331 tertio
1167 1270 1221 1329 ²:
1260 1292 1290 1326 α
1316 1271 1609 1344 Dimittam
1635 1269 1952 1326 adversum
1980 1280 2077 1323 me
2108 1265 2227 1323 elo·

685 1370 892 1443 quium
929 1385 1147 1427 meum.
1193 1387 1220 1422 n
1271 1369 1398 1423 Haec
1434 1364 1699 1423 dimissio
1732 1362 1799 1419 fit
1832 1362 1911 1419 ab
1953 1361 2227 1419 exteriori

682 1464 923 1522 interius
950 1460 1348 1531 refundendo,
1387 1476 1523 1517 cum
1552 1457 1968 1516 transfundens
1993 1455 2227 1530 sapien-

682 1558 823 1614 tiam
849 1557 1103 1615 exterius
1131 1556 1211 1614 ad
1238 1552 1716 1612 informationem
1740 1551 2004 1622 alterius,
2033 1547 2226 1607 refun-

682 1650 768 1709 dit
808 1667 942 1709 cam
982 1651 1225 1708 interius
1265 1648 1345 1707 ad
1382 1646 1862 1705 informationem
1890 1645 1982 1702 sui
2014 1642 2222 1718 ipsius,

681 1746 872 1819 utqui
896 1746 1068 1803 docet
1084 1746 1291 1814 alium,
1314 1743 1523 1800 doceat
1540 1745 1596 1798 et
1619 1741 1895 1814 seipsum.
1918 1742 2046 1797 Non
2064 1736 2223 1794 enim

680 1837 901 1896 debent
934 1838 1223 1896 indociles
1257 1853 1382 1894 esse
1420 1834 1720 1905 doctoreS,
1751 1832 2079 1889 secundum
2106 1836 2222 1887 Au-

679 1932 897 2005 gustini
923 1931 1326 1990 testimonium
1350 1930 1414 1986 in
1439 1929 1595 1986 libro
1624 1928 1697 1985 ad
1724 1929 2021 1985 Dulcitium
2053 1927 2092 1978 ³.

1175 2089 1456 2146 Articulus
1485 2090 1731 2159 quartus.

751 2200 1044 2287 Quantum
1072 2213 1151 2273 ad
1181 2213 1477 2281 ultimum,
1498 2211 1907 2285 perscribitur:
1940 2212 2007 2267 In
2036 2212 2222 2266 timore

681 2318 792 2369 tuo.
817 2311 917 2369 Hic
936 2314 1020 2367 est
1043 2309 1219 2366 timor
1238 2305 1597 2377 reverentiae,
1622 2304 1726 2380 qui
1744 2302 1971 2361 reducit
1989 2319 2024 2360 a
2047 2318 2219 2360 servo

679 2406 741 2463 in
770 2404 1116 2472 Dominum,
1145 2418 1325 2475 quem
1355 2399 1635 2457 Dominus
1661 2397 1987 2455 introduxit
2009 2396 2073 2453 in
2097 2411 2220 2453 ser-

678 2516 857 2558 vum:
902 2498 1190 2575 quoniam
1234 2496 1312 2553 ab
1344 2496 1474 2570 ipso
1517 2493 1750 2559 omnia,
1796 2495 1851 2549 et
1888 2491 1953 2548 in
1990 2490 2217 2565 ipsum,

678 2597 918 2652 testante
970 2590 1248 2665 Dionysio
1298 2591 1362 2646 in
1403 2589 1558 2646 libro
1605 2589 1670 2645 de
1728 2588 1936 2643 Coelesti
1985 2587 2210 2641 Hierar-

677 2691 800 2745 chia
828 2689 877 2743 γ’.
921 2684 1268 2744 Reverentia
1312 2698 1575 2756 namque
1616 2678 1874 2750 reducit,
1915 2677 2081 2751 quod
2124 2693 2217 2735 sa-

675 2781 897 2854 pientia
922 2778 1265 2837 introduxit.
1298 2781 1363 2834 Et
1390 2782 1560 2848 nota,
1589 2775 1754 2849 quod
1780 2772 1957 2831 timor
1983 2771 2089 2828 iste
2119 2770 2215 2827 di-

675 2876 824 2933 citur
868 2873 1224 2948 principium
1270 2871 1505 2929 causale
1547 2869 1845 2944 sapientiae
1886 2865 2218 2924 secundum

673 2968 964 3042 triplicem
994 2966 1421 3034 causalitatem,
1448 2964 1720 3020 videlicet
1744 2960 2059 3031 initialem,
2088 2958 2212 3015 for-

673 3063 926 3133 malem,
961 3062 1240 3119 finalem:
1290 3061 1435 3135 quia
1477 3058 1827 3134 sapientiam
1864 3056 2078 3128 initiat,
2117 3072 2211 3113 sa-

673 3157 958 3231 pientiam
988 3157 1343 3231 discipiinat,
1374 3155 1720 3230 sapientiam
1745 3155 2007 3217 coronat,
2032 3153 2089 3208 et
2116 3167 2214 3207 co-

672 3250 946 3309 ronando
977 3254 1367 3309 consummat.
1401 3252 1476 3305 De
1505 3248 1698 3322 primo
1726 3245 1941 3318 legitur
1959 3245 2008 3301 ⁸:
2048 3268 2075 3296 α
2095 3243 2213 3302 lni-

670 3345 819 3403 tium
846 3344 1145 3419 sapientiae
1167 3344 1343 3400 timor
1369 3342 1619 3400 Domini.
1649 3361 1677 3395 »
1711 3342 1832 3397 Hoc
1867 3339 2075 3396 timore
2102 3338 2213 3394 ini-

671 3441 846 3498 tiatur
873 3439 1192 3513 sapientia,
1225 3437 1469 3511 quando
1499 3435 1817 3510 requiritur
1845 3436 1903 3491 et
1934 3431 2212 3506 recipitur

674 3550 808 3590 cum
831 3533 1179 3591 reverentia.
1217 3535 1291 3588 De
1320 3529 1581 3588 secundo
1606 3531 1662 3586 ⁶:
1702 3548 1730 3581 α
1756 3528 1951 3584 Timor
1980 3525 2211 3606 Domini

672 3627 986 3701 disciplina
1014 3625 1330 3700 sapientioe:
1353 3646 1380 3678 »
1408 3640 1543 3682 ecce
1561 3622 1755 3681 forma
1780 3620 2077 3695 sapientiae
2091 3619 2212 3675 dis-

671 3720 986 3796 ciplinaIiS,
1008 3736 1113 3778 seu
1128 3718 1439 3793 disciplina
1451 3716 1736 3775 formalis
1757 3714 2115 3787 Sapientiam
2136 3713 2205 3785 (α)

669 3830 954 3888 namque,
982 3829 1166 3889 quam
1192 3814 1371 3871 timor
1391 3827 1516 3870 non
1540 3810 1776 3881 format,
1805 3812 2003 3865 tumor
2021 3806 2211 3864 defor-

668 3913 810 3966 mat.
855 3909 1018 3966 Unde
1053 3907 1340 3982 sapientia
1376 3921 1513 3963 cum
1557 3907 1787 3961 tumore
1829 3902 2024 3972 inflat,
2073 3916 2212 3957 cum

673 4001 881 4059 timore
909 4000 1177 4060 aedificat.
1211 4004 1287 4058 De
1310 3999 1479 4057 tertio
1496 3999 1556 4053 ⁷:
1594 4017 1622 4050 ε(
1651 3998 1882 4054 Corona
1907 3993 2208 4069 sapientise

670 4096 847 4153 timor
879 4095 1128 4153 Domini.
1164 4116 1191 4151 2>
1226 4096 1402 4152 Plane
1432 4091 1717 4167 sapientia
1745 4090 2075 4148 timentium
2106 4105 2207 4145 co-

670 4189 1010 4260 ronabitur3
1042 4189 1327 4263 sapientia
1360 4187 1712 4244 tumentium
1744 4181 2206 4242 conculcabitur.

669 4284 896 4341 Primus
937 4284 1128 4341 Adam
1176 4299 1461 4341 coronam
1492 4279 1787 4354 sapientiae
1828 4275 2206 4350 concupivit:

669 4377 776 4435 sed
814 4377 955 4451 quia
994 4378 1268 4435 timorem
1300 4374 1532 4434 Domini
1573 4389 1699 4431 non
1740 4371 2082 4443 custodivit,
2126 4370 2210 4426 in-

666 4473 869 4530 venire
919 4487 1045 4530 non
1099 4471 1291 4546 potuit
1346 4468 1513 4546 quod
1568 4466 1851 4541 quaesivit.
1906 4464 2210 4522 Secundus

667 4568 857 4625 Adam
878 4566 1053 4624 nobis
1071 4565 1338 4639 aperiens
1361 4565 1522 4621 viam
1540 4562 1786 4633 bonam,
1812 4575 1989 4633 super
2008 4557 2211 4616 omnia

669 4660 832 4719 dona
878 4659 1204 4734 spiritualia
1247 4658 1443 4734 posuit
1485 4657 1639 4713 hanc
1685 4670 1969 4712 coronam
1986 4693 2007 4722 ,
2059 4651 2212 4708 sicut

667 4759 854 4828 patet,
902 4754 1009 4812 ubi
1036 4755 1060 4789 ⁸
1103 4753 1418 4829 propositis
1464 4750 1639 4808 donis
1694 4747 1936 4823 Spiritus
1990 4745 2208 4817 sancti,

667 4850 1088 4923 superponitur
1127 4868 1155 4902 «
1191 4846 1431 4922 Spiritus
1477 4842 1703 4901 timoris
1737 4840 1989 4900 Domini.
2028 4863 2055 4893 »
2104 4839 2208 4897 Cui

668 4944 846 5000 etiam
871 4945 1281 5001 Ecclesiasticus
1310 4937 1584 5012 congruit
1601 4935 1657 4994 ⁹:
1695 4937 1964 5009 «Timor,
1993 4935 2205 5009 inquit,

667 5037 900 5095 Domini
927 5053 988 5094 se
1016 5033 1391 5111 superposuit
1412 5031 1504 5106 (ὁ).
1536 5052 1566 5087 »

734 5211 755 5247 ¹
784 5208 960 5268 Ecclt'„
1002 5221 1197 5272 xxxix,
1229 5209 1278 5257 9.
1314 5231 1376 5244 —-
1409 5205 1431 5240 ²
1466 5203 1582 5269 doh,
1618 5217 1684 5267 x,
1718 5209 1762 5255 i.
1798 5228 1860 5241 —
1905 5202 1924 5233 ³
1960 5204 2112 5266 Aug„
2143 5198 2214 5249 ad

669 5281 857 5333 Dulcit.
904 5280 965 5329 de
1006 5285 1112 5331 octo
1157 5282 1331 5346 qua-st.
1381 5305 1444 5316 —
1494 5277 1517 5311 ⁸
1560 5276 1731 5340 Dion,
1771 5275 1831 5324 de
1876 5274 1998 5326 Cael.
2048 5275 2209 5340 Hier„

667 5370 716 5406 c.
770 5366 807 5405 1.
857 5378 919 5390 —-
966 5354 985 5384 ⁸
1030 5351 1169 5403 Psal.
1220 5365 1311 5414 cx,
1359 5353 1436 5401 ¹0.
1482 5373 1546 5386 —
1594 5349 1614 5379 ⁶
1664 5352 1827 5409 Pron„
1878 5358 1968 5411 xv,
2023 5348 2102 5396 33.
2148 5372 2209 5383 -

670 5427 687 5460 ⁷
722 5427 892 5483 Eccli„
938 5429 1059 5490 1,22.
1091 5451 1150 5464 —
1185 5425 1207 5459 ⁸
1245 5426 1365 5486 lsa„
1406 5434 1491 5485 11,
1529 5423 1575 5473 3.
1605 5447 1669 5459 -
1709 5422 1728 5451 ⁹
1755 5418 1939 5484 Eccli„
1966 5431 2088 5479 ην,
2131 5422 2206 5470 14.

1725 472 2138 541 EXPOSITIO
2182 473 2261 537 IN
2304 470 2830 538 PSALTERIUM.

2977 671 3234 737 Epilogus.

2410 792 2496 847 Ex
2520 787 2815 863 praedictis
2840 791 3031 862 potest
3053 788 3372 846 clarescere
3397 805 3602 847 sensus
3625 790 3875 865 prophe-

2335 881 2484 942 ticus
2509 881 2571 939 in
2599 883 2712 939 hac
2737 885 2902 957 parte
2912 901 2931 953 3
2963 881 3107 956 quia
3132 883 3456 957 Propheta,
3486 900 3695 956 gerens
3724 884 3871 941 ima-

2333 986 2531 1058 ginem
2561 985 2772 1042 animae
2797 984 3103 1058 timoratae,
3131 984 3213 1043 ita
3238 985 3439 1059 psallit
3462 987 3710 1045 Domino
3734 1001 3871 1043 cum

2332 1082 2575 1141 timore:
2605 1084 2822 1154 Statue,
2855 1083 3074 1141 scilicet
3105 1083 3498 1158 producendo
3526 1102 3634 1160 per
3663 1089 3870 1160 poten-

2332 1178 2476 1235 tiam
2487 1197 2504 1250 ;
2550 1178 2710 1235 Servo
2751 1182 2871 1249 tuo,
2916 1176 3133 1235 scilicet
3174 1177 3608 1236 introducendo
3644 1194 3753 1253 per
3778 1195 3869 1236 sa-

2330 1271 2643 1345 pientiam3
2674 1273 2960 1343 Eloquium
2989 1276 3162 1339 tuum,
3200 1271 3419 1330 scilicet
3446 1273 3525 1330 ad
3553 1288 3868 1330 conservos

2332 1364 2723 1424 conducendo
2771 1381 2879 1439 per
2923 1365 3326 1439 eloquentiam
3341 1385 3358 1438 3
3415 1369 3482 1423 In
3525 1370 3715 1425 timore
3749 1373 3864 1438 tuo,

2331 1457 2549 1517 scilicet
2574 1457 2656 1516 ad
2681 1462 2737 1515 te
2764 1459 3104 1517 reducendo
3130 1475 3238 1534 per
3264 1459 3673 1518 reverentiam.

2868 1681 3189 1725 vastemus
3225 1683 3324 1725 vu·

2401 1841 2492 1896 39.
2523 1839 2768 1911 Amputa
2802 1840 3161 1911 opprobrium,
3200 1842 3310 1896 etc.
3352 1840 3863 1908 Quemadmodum

2329 1946 2533 1989 versus
2563 1931 2790 2005 primus
2832 1932 3143 2006 supposuit
3177 1933 3450 1991 timorem
3486 1934 3746 2008 primum
3764 1977 3784 2006 ,
3811 1940 3865 1991 et

2329 2023 2624 2082 secundus
2643 2024 2993 2097 secundum,
3010 2027 3094 2083 sic
3114 2026 3220 2083 iste
3243 2016 3446 2084 tertius
3461 2029 3743 2103 supponit
3761 2032 3864 2085 ter-

2328 2118 2497 2175 tium.
2558 2118 2895 2193 Suspicatur
2943 2120 3100 2176 enim
3147 2120 3532 2179 meticulosus
3588 2123 3818 2179 animus
3843 2163 3862 2191 ,

2328 2211 2498 2285 quod
2522 2211 2715 2270 malus
2751 2217 3009 2286 putetur,
3047 2217 3103 2271 et
3130 2230 3237 2287 per
3265 2231 3635 2289 consequens
3673 2215 3863 2271 minus

2328 2311 2556 2362 ametur
2568 2322 2587 2377 ς
2624 2306 2926 2365 etidcirco
2971 2308 3265 2382 supplicat
3301 2309 3590 2381 Domino,
3639 2311 3703 2366 ut
3739 2309 3861 2365 haec

2327 2399 2582 2474 suspicio
2612 2405 2946 2475 amputetur
2972 2418 2987 2457 t
3020 2402 3186 2475 quod
3211 2408 3370 2475 patet
3394 2403 3527 2460 luce
3552 2403 3765 2461 clarius
3791 2419 3860 2460 ex

2329 2499 2583 2567 quatuor
2609 2494 2836 2551 actibus
2857 2538 2877 2566 ,
2916 2512 3069 2569 quos
3096 2498 3355 2555 continet
3394 2498 3499 2556 iste
3528 2513 3733 2556 versus
3750 2539 3770 2566 ,
3808 2502 3863 2554 et

2325 2586 2463 2644 ideo
2495 2587 2956 2663 quadripartitus
2980 2594 3065 2647 est
3085 2593 3257 2648 tenor
3277 2592 3423 2663 eJus.
3450 2576 3517 2648 'ui
3542 2594 3680 2648 sunt
3705 2596 3861 2648 actus

2325 2680 2561 2739 malitiae
2576 2725 2595 2754 ,
2637 2682 2920 2770 bonitatis
2935 2725 2956 2754 ,
2995 2682 3297 2756 falsitatis,
3352 2685 3610 2742 veritatis
3646 2702 3662 2741 ε
3704 2688 3862 2742 actus

2324 2774 2600 2845 malitioe,
2646 2780 2732 2833 est
2776 2776 3006 2834 malum
3050 2782 3256 2851 putare
3278 2798 3295 2851 ;
3345 2783 3508 2838 actus
3547 2778 3860 2849 bonitatis,

2323 2869 2552 2927 bonum
2577 2875 2882 2944 reputare3
2909 2874 3074 2929 actus
3101 2871 3365 2931 falsitatis
3382 2914 3399 2945 ‚
3426 2873 3645 2930 falsum
3671 2873 3859 2948 impu-

2323 2966 2486 3036 tare3
2539 2968 2701 3020 actus
2735 2965 3023 3037 veritatiS,
3068 2964 3288 3024 falsum
3335 2971 3659 3040 amputare.
3706 2966 3861 3023 Unde

2324 3070 2463 3113 cum
2489 3061 2651 3114 actus
2691 3057 2931 3115 malitiae
2959 3075 3068 3134 per
3103 3064 3302 3117 actum
3347 3059 3613 3119 falsitatis
3650 3059 3859 3117 infera-

2323 3153 2437 3223 tur,
2467 3151 2612 3225 petit
2639 3154 2806 3227 quod
2824 3196 2841 3224 ,
2869 3170 2976 3228 per
3005 3158 3202 3212 actum
3227 3155 3518 3226 veritatis,
3558 3160 3720 3213 actus
3751 3154 3859 3212 sal-

2322 3244 2504 3302 sitatis
2532 3245 2850 3317 auferatur,
2880 3251 2937 3304 et
2957 3253 3118 3306 actus
3138 3248 3419 3306 bonitatis
3448 3249 3856 3320 subinferatur,

2322 3339 2471 3397 sicut
2494 3339 2556 3397 in
2579 3342 2988 3413 prosecutione
3015 3342 3230 3401 clarius
3261 3342 3611 3402 declaratur.

2824 3499 3107 3556 Articulus
3139 3502 3367 3572 primus.

2391 3626 2563 3680 Actus
2572 3622 2829 3681 veritatis
2846 3629 3225 3699 praenotatur,
3237 3643 3374 3683 cum
3391 3625 3603 3684 dicitur
3620 3644 3634 3682 :
3654 3626 3857 3698 Ampu-

2323 3716 2691 3789 ta,quoniam
2707 3723 3012 3791 amputare
3032 3719 3248 3778 falsum
3258 3718 3338 3777 ad
3348 3720 3602 3777 veritatis
3613 3720 3859 3794 pertinet

2322 3814 2537 3867 actum.
2568 3813 2634 3868 Et
2659 3815 2829 3882 nota,
2862 3813 3028 3886 quod
3055 3811 3205 3871 falsa
3247 3813 3504 3887 triplicia
3528 3818 3662 3870 sunt
3697 3813 3859 3887 prin·

2322 3903 2583 3976 cipaliter
2617 3905 2983 3979 amputanda
3031 3924 3045 3963 ε
3094 3923 3354 3980 quorum
3392 3907 3511 3965 alia
3556 3907 3817 3964 humana
3833 3949 3852 3978 ,

2321 3995 2440 4053 alia
2474 4013 2660 4069 vana,
2703 3998 2821 4057 alia
2863 4003 2999 4057 sunt
3040 3999 3311 4074 profana.
3356 4005 3421 4059 ln
3464 4000 3671 4075 primis
3709 4000 3858 4058 fallit

2321 4090 2510 4149 carnis
2538 4092 3011 4166 concupiscentia
3027 4113 3047 4162 ς
3087 4094 3149 4150 in
3176 4093 3418 4166 mediiS,
3448 4095 3763 4168 superbia3
3794 4096 3856 4153 in

2320 4184 2564 4257 ultimiS,
2578 4185 2846 4260 perfidia.
2872 4190 2947 4243 De
2967 4186 3172 4260 primis
3186 4186 3230 4224 ²⁰
3255 4205 3270 4244 :
3294 4209 3320 4240 «
3336 4188 3391 4246 Si
3411 4205 3517 4262 pes
3531 4194 3665 4246 tuus
3695 4205 3857 4246 scan-

2321 4278 2534 4337 dalizat
2560 4284 2644 4350 te,
2675 4281 2917 4354 amputa
2943 4280 3134 4338 illum.
3159 4301 3189 4336 n
3224 4282 3328 4338 Pes
3356 4281 3566 4340 veteris
3600 4283 3855 4340 hominis

2320 4375 2406 4429 est
2431 4369 2675 4430 affectus
2714 4373 2998 4441 carnaIiS,
3028 4373 3133 4448 qui
3160 4373 3544 4446 scandalizat,
3573 4392 3712 4433 cum
3737 4377 3855 4450 spi-

2317 4468 2496 4524 ritum
2533 4468 2861 4542 colaphizat
2877 4487 2896 4539 ς
2937 4469 3043 4526 sed
3069 4473 3428 4544 amputatur,
3463 4472 3609 4529 dum
3647 4472 3856 4531 timore

2320 4563 2538 4620 securis
2556 4563 2636 4621 ad
2661 4564 2927 4623 radicem
2953 4566 3184 4624 arboris
3210 4567 3414 4641 positae
3441 4570 3752 4627 resecatur.
3779 4571 3854 4625 De

2319 4656 2531 4713 mediis
2552 4656 2592 4690 ¹¹
2618 4674 2634 4714 ε
2664 4677 2693 4710 α
2716 4661 2848 4730 Fac,
2876 4660 3141 4732 Domine,
3164 4667 3229 4719 ut
3257 4662 3462 4734 gladio
3489 4663 3733 4737 proprio
3761 4678 3855 4719 su-

2317 4750 2527 4825 perbia
2550 4753 2600 4824 ej
2612 4769 2678 4808 us
2714 4756 3065 4826 amputetur.
3094 4776 3121 4806 »
3164 4755 3451 4829 Superbia
3488 4755 3690 4829 gladio
3716 4771 3854 4830 pro·

2318 4843 2453 4917 prio
2482 4846 2841 4919 amputatur,
2870 4845 3016 4903 dum
3043 4852 3285 4920 pensato
3314 4849 3440 4920 ejus
3465 4849 3731 4923 periculo
3760 4849 3855 4907 de-

2319 4938 2554 4995 vitatur.
2585 4943 2660 4995 De
2687 4938 2910 4997 ultimis
2939 4941 2980 4977 ¹²
3013 4958 3027 4998 :
3063 4961 3091 4995 «
3112 4942 3593 5016 Amputabuntur
3634 4959 3858 5002 cornua

2319 5031 2537 5089 altariS.
2559 5054 2587 5084 »
2620 5034 2855 5090 Cornua
2880 5033 3176 5107 siquidem
3206 5035 3403 5093 altaris
3446 5042 3855 5112 amputantur,

2318 5141 2459 5182 cum
2485 5124 2849 5200 cruciformis
2874 5125 3068 5199 figura
3086 5171 3106 5200 ,
3148 5144 3251 5187 seu
3286 5130 3552 5188 crucifixi
3584 5133 3847 5204 cultura,

2317 5218 2380 5276 in
2399 5219 2761 5278 diabolicam
2805 5220 3293 5296 transformatum
3332 5224 3500 5298 quod
3539 5224 3626 5282 illi
3642 5241 3856 5300 perpe-

2318 5373 2381 5384 —
2412 5346 2455 5381 ¹⁰
2494 5346 2672 5407 Marc„
2698 5358 2781 5411 tx,
2809 5348 2886 5398 44.
2911 5371 2973 5384 —
3001 5349 3036 5382 ¹¹
3073 5347 3268 5412 ludim,
3299 5361 3374 5414 rx,
3407 5353 3483 5400 ¹2.
3506 5376 3569 5388 ·-
3602 5352 3639 5383 ¹²
3664 5353 3854 5416 Amos„

2321 5430 2404 5481 111,
2421 5421 2560 5469 14.—
2573 5419 2641 5482 (α)
2654 5417 2797 5468 Edit.
2811 5417 3205 5483 Vemsapientia.
3217 5420 3353 5487 -(ὀ)
3366 5421 3482 5486 Ley.
3495 5435 3650 5486 super
3660 5425 3852 5476 omnia.
