4196 6294
703 445 829 507 056

709 579 983 656 motum,
1012 591 1130 641 nec
1158 589 1442 641 sensum.
1473 574 1694 654 Quoad
1718 578 1935 641 actum
1961 575 2253 641 recorda-

571 716 576 725 ·
709 684 935 765 tionis,
980 683 1174 748 dicit:
1225 684 1354 751 Nec
1389 683 1628 751 habent
1665 684 1839 751 ultra
1882 682 2248 763 mercedem,

709 791 942 855 scilicet
992 792 1180 856 tamae
1239 791 1308 855 in
1364 789 1673 856 memoria
1725 790 2037 868 aliorum;
2097 792 2255 872 quia

710 896 1023 966 oblivioni
1047 898 1298 966 tradita
1318 904 1408 966 est
1424 901 1732 967 memoria
1750 915 1964 965 eorum
1984 907 1998 939 ¹
2019 918 2041 962 .·
2065 922 2097 960 α
2116 898 2254 963 Non

712 1007 834 1069 erit
880 1007 1191 1071 memoria
1235 1007 1533 1090 sapientis
1547 1056 1564 1087 ‚
1606 1008 1770 1072 sicut
1808 1025 1926 1071 nec
1967 1005 2145 1069 stulti
2185 1005 2253 1069 in

711 1118 1123 1197 perpetuum,
1145 1119 1209 1179 et
1228 1114 1447 1179 futura
1464 1118 1753 1197 tempora
1771 1135 1787 1192 ;
1805 1135 1836 1174 n
1860 1113 1961 1178 vel
1988 1112 2141 1196 quia
2156 1130 2256 1176 eo-

711 1238 862 1285 rum
898 1223 1210 1287 memoria
1243 1241 1374 1287 non
1410 1223 1602 1287 habet
1635 1230 1852 1286 actum
1876 1220 2257 1286 recordatio-

710 1329 816 1393 nis
837 1331 900 1393 ’z
942 1353 974 1391 α
1000 1330 1121 1407 Qui
1163 1331 1554 1396 descenderit
1598 1330 1677 1415 (a)
1711 1331 1791 1395 ad
1828 1331 2092 1409 inferos,
2123 1347 2255 1393 non

711 1438 1035 1519 ascendet,
1082 1459 1200 1504 nec
1247 1443 1602 1505 revertetur
1646 1439 1816 1504 ultra
1854 1437 1935 1501 ad
1988 1437 2256 1501 domum

711 1562 928 1621 suam,
981 1564 1098 1610 nec
1159 1549 1498 1627 cognoscet
1549 1564 1698 1610 eum
1753 1544 2027 1626 amplius
2073 1542 2254 1606 locus

710 1648 874 1729 ejuS.
904 1670 935 1708 ι)
963 1646 1182 1725 Quoad
1203 1652 1418 1713 actum
1445 1649 1817 1727 affectionis,
1846 1646 2000 1713 dicit
2029 1647 2124 1728 (v.
2146 1644 2250 1727 6):

712 1759 903 1822 Amor
941 1772 1186 1840 quoque
1226 1761 1286 1823 et
1335 1756 1591 1838 odium,
1640 1761 1700 1823 et
1744 1755 2022 1823 invidioe
2058 1751 2256 1820 simul

705 1864 1067 1944 perierunt,
1102 1865 1256 1947 quia
1297 1884 1427 1930 non
1455 1864 1841 1944 afficiuntur,
1874 1868 1947 1928 ut
1976 1862 2158 1946 prius
2185 1861 2255 1923 in

710 1971 864 2036 vita.
913 1972 1134 2049 Quoad
1179 1979 1394 2038 actum
1443 1974 1773 2039 exterioris
1826 1970 2213 2054 operationis
2231 2019 2250 2051 ‚

708 2078 906 2143 dicit:
947 2080 1074 2146 Nee
1113 2080 1343 2148 habent
1382 2083 1731 2166 partemin
1764 2080 1989 2147 soeculo
2016 2078 2165 2144 hoc:
2191 2082 2256 2141 et

710 2187 970 2270 exponit
992 2192 1309 2271 quantum
1337 2189 1418 2253 ad
1447 2189 1640 2272 quid:
1665 2191 1756 2255 Et
1783 2190 1857 2253 in
1885 2202 2064 2269 opere
2082 2185 2256 2270 quod

709 2293 826 2360 sub
863 2295 988 2361 sole
1031 2296 1308 2378 aeritur,
1353 2296 1509 2378 quia
1550 2314 1680 2360 non
1726 2299 2020 2379 possunt,
2059 2296 2255 2376 Juxta

708 2402 867 2469 illud
887 2406 1164 2472 loannis
1187 2405 1250 2467 ⁸:
1290 2427 1321 2464 α
1347 2402 1533 2469 Venit
1576 2422 1741 2483 nox,
1770 2402 2024 2486 quando
2061 2420 2255 2467 nemo

710 2514 914 2593 potest
946 2512 1217 2594 operari.
1251 2533 1282 2571 n

791 2624 851 2682 7.
890 2618 1066 2686 Vade
1093 2630 1271 2703 erqo,
1303 2624 1365 2687 et
1391 2618 1639 2686 comede
1669 2619 1745 2684 in
1771 2617 2001 2686 laetitia
2018 2634 2254 2700 panem

713 2731 933 2792 tuum:
973 2744 1088 2809 per
1113 2744 1345 2809 panem
1367 2775 1387 2805 ,
1431 2743 1621 2791 omne
1664 2725 1834 2809 quod
1873 2724 2146 2807 pertinet
2176 2725 2253 2790 ad

711 2832 926 2897 cibum
959 2854 976 2896 ε
1022 2835 1113 2901 Et
1149 2834 1284 2900 bibe
1325 2851 1470 2900 cum
1508 2832 1747 2917 qaudio
1776 2834 2002 2898 vinam
2031 2837 2254 2899 tuum:

711 2958 826 3023 per
860 2941 1091 3006 vinum
1105 2987 1127 3020 ,
1171 2958 1359 3006 omne
1387 2941 1558 3025 quod
1603 2943 1844 3024 spectat
1885 2939 1966 3005 ad
2005 2942 2252 3023 potum.

717 3046 880 3119 Quia
926 3047 1052 3115 Deo
1096 3048 1349 3130 placent
1393 3064 1585 3131 opera
1631 3055 1778 3124 tua,
1823 3048 2006 3131 quasi
2042 3048 2250 3112 dicat:

711 3152 854 3219 Non
881 3173 950 3219 es
978 3161 1213 3237 certuS,
1234 3161 1457 3222 utrum
1484 3157 1855 3239 displiceant
1882 3179 1896 3220 ε
1923 3156 2065 3221 ideo
2093 3174 2255 3238 prae-

712 3259 1127 3337 sumendum,
1168 3261 1338 3343 quod
1382 3260 1699 3343 placeant3
1735 3264 1814 3324 'et
1858 3259 1999 3324 ideo
2034 3276 2255 3324 secure

711 3363 969 3429 comede
1008 3369 1072 3428 et
1119 3367 1295 3447 bibe,
1358 3365 1712 3431 secundum
1765 3365 1921 3430 illud
1967 3365 2148 3429 Isaiae
2187 3365 2248 3429 ⁸:

719 3495 750 3535 α
773 3472 931 3538 Ecce
950 3474 1285 3555 gaudium,
1308 3478 1373 3539 et
1393 3474 1635 3554 laetitia,
1662 3474 1989 3539 comedere
2006 3493 2249 3554 caroffi,

709 3589 774 3646 et
819 3582 1037 3646 bibere
1079 3583 1351 3648 vinum:
1397 3582 1805 3647 comedamus
1837 3586 1901 3647 et
1932 3584 2247 3662 bibamuS,

711 3707 849 3755 cras
876 3690 1054 3755 enim
1084 3692 1459 3757 moriemur.
1481 3714 1512 3751 n
1548 3689 1749 3770 Unde,
1781 3692 2131 3757 secundum
2157 3692 2252 3757 vi-

709 3816 856 3862 sum
882 3798 1034 3863 dicit
1064 3799 1161 3882 (v.
1194 3800 1269 3883 8)
1302 3819 1320 3863 ι
1355 3801 1544 3867 Omni
1586 3804 1855 3882 tempore
1880 3802 2015 3867 sint
2054 3802 2253 3867 vesti·

710 3910 925 3971 menta
951 3909 1066 3971 tua
1090 3906 1399 3987 candida,
1433 3912 1504 3972 ut
1530 3907 1725 3972 homo
1756 3907 2023 3972 decorus
2051 3926 2249 3990 appa-

711 4017 848 4077 reat
888 4013 958 4076 in
987 4013 1260 4093 vestitu;
1299 4015 1384 4081 Et
1410 4015 1611 4081 oleum
1637 4014 1718 4081 de
1752 4016 1959 4097 eapite
1986 4020 2092 4082 luo
2122 4032 2252 4082 non

712 4119 1005 4202 deficiat,
1029 4123 1105 4184 ut
1129 4121 1393 4186 decorus
1412 4126 1711 4205 appareat
1732 4122 1801 4186 in
1824 4128 2106 4206 aspectu.
2120 4123 2251 4188 Hoc

711 4226 904 4292 modo
933 4232 1166 4291 ornant
1187 4245 1276 4307 se,
1308 4229 1421 4311 qui
1450 4228 1699 4311 placere
1727 4230 1952 4294 volunt
1977 4230 2255 4294 incons-

711 4337 900 4419 pectu
926 4334 1298 4399 hominum:
1327 4333 1696 4417 exemplum
1727 4336 1805 4400 de
1832 4335 1863 4401 J
1871 4336 2074 4418 udith,
2104 4354 2253 4419 quae

713 4461 863 4508 cum
874 4440 1066 4508 vellet
1078 4441 1325 4524 placere
1335 4439 1533 4505 oculis
1547 4438 1989 4524 HolopherniS,
2002 4446 2255 4511 ornavit

711 4570 814 4619 se:
847 4550 958 4618 sed
986 4552 1123 4634 ipsa
1150 4549 1416 4614 faciebat
1442 4566 1558 4632 pro
1582 4550 1771 4631 bono,
1799 4553 1953 4634 quia
1976 4552 2135 4617 alias
2161 4559 2255 4618 est

712 4655 1231 4744 reprehensibile.
1273 4654 1437 4720 Nam
1464 4660 1530 4719 ⁸:
1563 4679 1594 4717 α
1620 4654 1695 4720 In
1718 4659 1956 4724 vestitu
1994 4678 2076 4723 ne
2117 4660 2254 4742 glo-

712 4767 891 4834 rietis
915 4783 1229 4849 unquam.
1264 4786 1294 4824 ι)
1315 4763 1552 4830 Deinde
1588 4765 1939 4829 secundum
1978 4768 2249 4846 tactum,

712 4875 863 4941 dicit
894 4876 978 4957 (v.
1002 4876 1062 4946 9)
1085 4897 1099 4938 ι
1133 4872 1463 4953 Perfruere
1489 4872 1634 4939 vita
1658 4889 1802 4938 eum
1828 4888 2030 4940 uxore
2061 4890 2254 4956 quam

713 4983 967 5066 diliqt’s.
999 4980 1152 5046 Haec
1197 4979 1527 5064 pertruitio
1574 4979 1949 5046 describitur
1985 4981 2055 5044 iu
2095 4982 2251 5049 Pro-

712 5091 947 5164 verbiis
973 5089 1038 5154 ⁸:
1075 5110 1106 5150 α
1137 5086 1331 5168 Veni,
1367 5086 1761 5152 inebriemur
1802 5087 2144 5169 uberibus,
2189 5093 2253 5154 et

775 5291 795 5327 ¹
825 5293 1009 5353 supra,
1037 5297 1099 5347 11,
1128 5286 1205 5337 16.
1224 5311 1287 5322 -
1312 5284 1336 5319 ¹
1360 5283 1471 5348 Job,
1496 5295 1590 5346 vn,
1621 5287 1669 5336 9.
1694 5310 1760 5324 -
1785 5286 1804 5317 ⁸
1827 5286 1990 5351 Joan„
2015 5300 2090 5353 xx,
2119 5292 2167 5340 4.
2191 5315 2252 5328 -—

713 5362 731 5393 ⁴
760 5362 877 5423 Ita„
903 5371 1037 5422 xxn,
1067 5358 1148 5410 13.
1168 5382 1232 5394 -
1258 5358 1280 5393 ⁸
1302 5354 1483 5421 Eccli„
1509 5368 1564 5407 11
1583 5391 1598 5419 ,
1632 5359 1680 5409 4.
1707 5383 1773 5396 —
1808 5359 1831 5394 ⁸
1856 5359 2027 5425 Prov„
2052 5372 2146 5426 v11,
2176 5366 2249 5413 18.

714 5458 776 5472 ..
801 5435 816 5465 ⁷
845 5430 958 5496 Joh,
981 5442 1093 5494 xiv,
1119 5432 1167 5480 2.
1196 5452 1259 5470 --
1284 5427 1309 5462 ⁸
1334 5426 1473 5478 Psal.
1501 5439 1692 5492 cnm,
1722 5433 1773 5481 4.
1801 5454 1863 5468 -
1888 5433 1908 5461 ⁹
1934 5433 2074 5497 Sap„
2105 5445 2169 5498 11,
2201 5439 2250 5486 9.

1709 436 2122 506 EXPOSITIO
2166 438 2247 506 IN
2291 438 2887 507 ECGLESIASTEN.

2366 576 2770 659 perfruamur
2805 575 3033 659 cupitis
3067 574 3503 658 amplexibus,
3531 573 3732 640 donec
3764 574 3917 642 illu·

2364 690 2569 748 cescat
2594 684 2746 748 dies.
2775 684 2893 750 »Et
2913 686 3039 749 hoc
3065 703 3195 749 non
3214 687 3473 748 tantum
3500 685 3727 763 semel,
3757 687 3911 750 sed:

2369 789 2628 859 Cunctis
2666 792 2885 858 diebus
2926 793 3082 860 vitae
3119 793 3574 860 instabilitatis
3601 799 3760 871 tuae,
3791 796 3915 876 qui

2363 899 2512 969 dati
2546 907 2698 968 sunt
2734 903 2860 970 tibi
2898 901 3013 968 sub
3041 902 3183 970 sole.
3211 901 3374 966 Vere
3407 902 3542 968 vita
3567 907 3785 966 nostra
3812 908 3912 966 eet

2364 1005 2696 1086 instabilis,
2719 1009 3073 1074 secundum
3102 1009 3261 1074 illud
3288 1008 3311 1042 ‘¹
3350 1030 3365 1073 :
3404 1031 3435 1069 α
3466 1007 3815 1090 Nunquam
3841 1009 3914 1072 in

2364 1115 2588 1179 eodem
2618 1119 2785 1180 statu
2814 1119 3178 1199 permanet3
3215 1136 3245 1176 n
3268 1118 3333 1180 et
3353 1115 3434 1179 ad
3462 1118 3772 1198 majorem
3803 1134 3915 1180 ex·

2364 1222 2754 1304 pressionem
2800 1223 2991 1288 dicit:
3039 1224 3231 1290 Omni
3273 1227 3548 1306 tempore
3587 1225 3913 1291 vanitatis

2369 1329 2666 1395 tuoe.Vita
2681 1337 2899 1396 nostra
2917 1336 3169 1414 tempus
3192 1333 3288 1396 est
3305 1330 3632 1410 vanitatis3
3660 1330 3839 1396 unde
3852 1337 3909 1395 ⁸:

2368 1458 2398 1496 α
2432 1435 2637 1502 Homo
2665 1438 2929 1503 vanitati
2957 1439 3180 1502 similis
3204 1439 3404 1502 factus
3430 1441 3557 1516 est3
3592 1438 3730 1502 dies
3762 1440 3914 1520 ejus

2362 1541 2526 1607 sicut
2574 1545 2806 1608 umbra
2850 1548 3256 1640 praetereunt.
3302 1567 3334 1606 n
3387 1544 3539 1610 Hoec
3593 1550 3688 1610 est
3732 1547 3913 1611 enim

2358 1665 2538 1731 pars,
2554 1655 2673 1716 etc.
2695 1650 3013 1733 Tangitur
3025 1652 3130 1717 hic
3142 1656 3466 1736 quartum,
3485 1651 3719 1716 scilicet
3737 1670 3911 1716 com·

2363 1757 2783 1823 mendationis
2819 1760 3215 1825 confirmatio
3251 1782 3267 1824 ε
3298 1763 3363 1824 et
3387 1764 3482 1824 est
3506 1761 3911 1825 confirmatio

2362 1864 2432 1927 in
2462 1864 2585 1929 hoc
2599 1914 2615 1944 ‚
2654 1866 2825 1949 quod
2857 1868 3054 1931 homo
3094 1867 3341 1932 nullam
3381 1867 3571 1931 aliam
3613 1873 3911 1950 expectat

2363 1972 2756 2050 mercedem,
2799 1993 2919 2038 nec
2949 1973 3151 2039 alium
3187 1974 3381 2039 habet
3413 1975 3729 2039 fructum:
3760 1974 3906 2038 ideo

2362 2079 2545 2144 debet
2569 2080 2851 2163 accipere
2878 2081 3049 2164 quod
3077 2084 3300 2163 potest,
3331 2080 3473 2145 ideo
3510 2082 3658 2146 dicit
3702 2098 3721 2142 ι
3750 2083 3904 2148 Hoee

2360 2192 2454 2255 est
2480 2188 2654 2253 enim
2683 2204 2840 2271 pars
2866 2190 2940 2254 in
2967 2190 3108 2255 vita
3148 2194 3292 2269 tua,
3334 2194 3393 2256 et
3424 2192 3501 2256 in
3536 2190 3741 2256 labore
3776 2207 3904 2273 quo

2362 2295 2608 2363 laboras
2652 2295 2770 2362 sub
2811 2296 2967 2377 sole,
3003 2297 3237 2360 scilicet
3275 2297 3758 2379 praescntialiter
3789 2300 3900 2363 de-

2360 2402 2579 2468 lectari
2616 2409 2639 2445 ⁹
2673 2428 2687 2467 :
2729 2427 2760 2466 α
2791 2403 3038 2488 Ubique
3078 2405 3519 2488 relinquamus
3555 2406 3746 2488 signa
3785 2406 3900 2472 lae-

2360 2511 2539 2591 titiae,
2569 2512 2872 2594 quoniam
2899 2512 3039 2577 haec
3065 2515 3160 2576 est
3185 2530 3332 2595 pars
3362 2517 3607 2592 nostra,
3655 2518 3721 2577 et
3759 2513 3903 2578 haec

2361 2625 2453 2681 est
2497 2637 2653 2682 sors.
2688 2639 2719 2678 n
2764 2618 2926 2697 Quia
2959 2617 3139 2682 nulla
3178 2618 3303 2682 alia
3336 2623 3433 2682 est
3478 2620 3896 2702 expectandA,

2361 2731 2547 2795 debet
2577 2731 2773 2797 homo
2808 2732 2886 2797 de
2924 2718 3047 2797 hac
3084 2733 3397 2815 accipere,
3429 2737 3746 2815 quantum
3784 2752 3902 2815 po·

2360 2842 2500 2904 test.
2534 2838 2679 2904 ldeo
2717 2839 2866 2905 dicit
2910 2840 3009 2909 (v.
3039 2840 3152 2922 10)
3196 2862 3211 2904 ε
3249 2839 3669 2923 Quaecumque
3698 2849 3908 2923 potest

2359 2964 2592 3014 manus
2629 2953 2772 3027 tua,
2816 2949 3137 3015 instanter
3161 2963 3446 3029 operare,
3486 2948 3551 3013 id
3579 2951 3706 3027 est,
3746 2948 3904 3012 dum

2365 3060 2620 3139 tempus
2644 3056 3124 3136 habemUS‚·non
3141 3060 3548 3139 expectemus
3573 3056 3871 3120 futurum
3884 3078 3902 3132 ;

2360 3169 2426 3229 et
2444 3165 2591 3230 ideo
2620 3165 2950 3230 subditur:
2987 3166 3154 3239 Quia
3187 3181 3297 3231 nee
3325 3180 3483 3246 opus
3504 3163 3575 3227 in
3599 3163 3872 3244 agendis
3882 3186 3901 3242 ;

2360 3288 2469 3339 nee
2513 3274 2715 3352 ratio,
2753 3272 2824 3335 in
2863 3272 3310 3351 deliberandis3
3354 3287 3465 3338 nee
3493 3272 3801 3350 εοίεηιία,
3835 3272 3908 3335 in

2360 3378 2775 3460 agnoscendis
2792 3401 2808 3458 ;
2830 3395 2944 3444 nee
2955 3379 3303 3461 sapientia,
3317 3378 3383 3441 in
3394 3377 3753 3460 diligendis,
3773 3378 3910 3443 erit

2361 3486 2540 3567 apud
2564 3487 2825 3567 inferos,
2854 3502 2978 3568 quo
3004 3492 3076 3553 tu
3096 3501 3426 3569 properas.
3451 3484 3594 3550 Non
3623 3484 3695 3566 (b)
3733 3484 3906 3548 ratio

2358 3595 2482 3659 suit
2506 3595 2668 3674 haec,
2701 3595 2856 3678 quia
2880 3595 2925 3634 ¹⁰
2949 3593 3217 3659 :cTerra
3240 3594 3350 3659 illa
3375 3593 3808 3672 tenebrarum,
3840 3596 3909 3657 et

2359 3706 2578 3786 operta
2601 3702 2824 3767 mortis
2850 3702 3156 3784 caligine,
3186 3703 3299 3767 ubi
3324 3700 3541 3767 nullus
3566 3700 3761 3780 ord0,
3788 3700 3909 3765 sed

2359 3811 2780 3894 sempiternus
2808 3808 3035 3875 horror
3061 3809 3394 3874 inhabitat.
3414 3830 3457 3885 ‚n
3489 3807 3645 3873 illuc
3679 3826 3907 3891 prope-

2359 3923 2504 3983 rant
2554 3920 2945 4001 peccatores,
2989 3921 3053 3981 et
3102 3936 3325 3982 omnes
3363 3920 3510 3982 ante
3549 3917 3905 3984 adventum

2360 4025 2621 4104 Christi,
2666 4028 2980 4108 quantum
3009 4024 3089 4088 ad
3120 4024 3422 4090 limbum.
3469 4048 3500 4086 α
3527 4023 3600 4089 In
3637 4026 3906 4108 profun-

2358 4132 2694 4197 dissimum
2736 4131 3090 4209 infernum,
3119 4132 3207 4196 ait
3246 4132 3363 4197 Job
3405 4132 3476 4212 ¹¹,
3524 4132 3905 4197 descendent

2359 4240 2575 4304 omnia
2604 4258 2787 4304 mea:
2817 4262 2848 4299 n
2884 4239 3035 4304 illuc
3063 4242 3406 4323 properant
3431 4243 3806 4322 peccatores,
3838 4242 3906 4303 et
3952 4297 3972 4312 ,

2360 4345 2493 4410 dies
2537 4345 3080 4429 appropinquant,
3108 4349 3172 4410 et
3212 4346 3297 4409 ¹¹:
3338 4368 3369 4407 α
3389 4345 3584 4413 Juxta
3628 4350 3725 4411 est
3764 4346 3904 4410 dies

2359 4453 2745 4536 perditionis.
2781 4475 2812 4513 υ

2442 4559 2659 4625 Potest
2697 4568 2912 4625 autem
2959 4560 3131 4625 istud
3178 4564 3414 4644 exponi
3453 4558 3864 4645 spiritualiter
3878 4608 3898 4640 ,

2362 4671 2434 4731 ut
2459 4668 2666 4750 primo
2697 4668 2989 4733 hortetur
3015 4669 3097 4732 ad
3116 4667 3583 4751 jucunditatem
3612 4671 3899 4733 contem-

2359 4775 2685 4858 plationis3
2716 4777 2992 4842 secundo
3021 4795 3176 4843 vero
3200 4777 3280 4842 ad
3304 4777 3672 4842 instantiam
3711 4776 3900 4840 actio-

2361 4883 2487 4947 nis.
2507 4880 2675 4949 Viris
2701 4888 2918 4948 autem
2951 4884 3526 4967 contemplantibus
3548 4884 3899 4950 necessaria

2365 4992 2463 5055 est
2489 4990 2813 5056 meditatio
2841 5011 3038 5058 sacrae
3070 4992 3415 5076 Scripturae
3435 5039 3457 5072 ,
3487 4992 3734 5075 puritas
3757 5009 3901 5055 con-

2361 5097 2641 5164 scientiae
2686 5147 2708 5179 ,
2771 5100 3106 5183 amplexus
3186 5099 3542 5166 devotionis
3606 5100 3898 5164 internae.

2359 5295 2424 5308 .-.
2471 5270 2514 5305 ιο
2550 5268 2659 5333 10⁶,
2699 5283 2764 5334 x,
2797 5272 2961 5322 22—
3005 5271 3045 5306 ¹¹
3085 5269 3212 5334 Job„
3254 5282 3395 5337 xvu,
3440 5273 3513 5322 16.
3548 5296 3608 5310 -
3650 5269 3688 5305 ¹²
3734 5270 3908 5334 0²⁸1„

2362 5350 2531 5404 mn,
2560 5341 2640 5390 35.

2427 5441 2495 5504 (a)
2531 5440 2655 5492 eoet.
2685 5440 2807 5492 aaa.
2838 5441 3135 5493 descendet.
3161 5467 3218 5479 -
3240 5441 3312 5507 (b)
3328 5419 3540 5493 lusan.
