4196 6294
140 3696 254 3738 Elo-

111 3760 287 3815 quium

92 3822 297 3867 deborta

113 3886 298 3930 terium

105 3948 299 4003 triplex.

1544 495 1910 562 PSALMUS
1951 495 2214 563 cxvnl.

3360 503 3478 563 385

278 631 545 691 subsidio
562 673 583 703 ,
629 634 687 690 et
730 631 1026 706 exemplo.
1072 630 1264 690 Prima
1308 630 1636 690 consolatio
1651 674 1672 705 ,
1722 648 1827 690 seu
1937 636 2039 690 aut
2064 633 2297 707 abjecto
2318 631 2824 693 accommodatior
2839 634 2869 691 ‘i
2895 632 3232 691 Notandum
3256 633 3483 709 itaque,

280 725 665 798 confortatio,
709 729 798 783 est
836 724 1100 798 vocalis;
1150 725 1442 796 secunda,
1489 726 1784 785 manualis
1808 747 1827 800 ;
1939 728 2107 803 quod
2133 729 2326 786 taliter
2352 728 2671 799 vivificare,
2699 726 2934 785 videtur
2968 725 3048 785 ad
3074 727 3184 784 tria
3208 726 3485 800 perutile,

280 822 447 881 tertia
464 864 484 893 ,
530 818 796 878 visualis.
845 821 923 877 De
968 819 1164 895 prima
1196 818 1214 853 ¹
1245 840 1262 877 :
1298 840 1327 874 α
1353 820 1701 879 consolatus
1746 826 1832 879 est
1941 822 2161 880 seilicet
2188 821 2267 881 ad
2292 821 2671 881 tolerandum
2688 862 2708 891 ,
2735 820 2815 879 ad
2843 821 3377 895 perseverandum,
3405 821 3487 881 ad

283 934 408 986 eos,
445 920 504 975 et
549 915 774 974 blande
811 931 881 973 ac
920 915 1128 974 leniter
1168 919 1254 973 est
1296 916 1574 974 locutus:
1617 936 1647 971 x·
1696 932 1831 975 ecce

1944 915 2352 991 superandum
2403 936 2420 974 z
2479 932 2738 991 quorum
2785 914 3051 989 primum
3106 914 3358 989 pertinet
3409 915 3490 973 ad

287 1010 617 1072 consolatio
644 1010 887 1069 vocalis
917 1014 997 1068 De
1037 1010 1301 1069 secunda
1324 1013 1348 1047 ¹
1379 1029 1393 1069 :
1434 1030 1464 1065 α
1494 1010 1833 1069 Benedictio
1944 1009 2280 1068 tentationis
2320 1026 2667 1083 aggressum
2688 1052 2706 1081 ‚
2735 1008 3066 1067 secundum
3105 1007 3185 1067 ad
3224 1024 3494 1083 progres-

287 1107 533 1183 perituri
568 1122 746 1180 super
779 1121 877 1163 me
912 1105 1218 1178 veniebat,
1261 1110 1317 1164 et
1345 1123 1448 1166 cor
1475 1106 1671 1164 viduae
1699 1119 1839 1165 con-

291 1202 514 1260 solatus
559 1217 693 1258 sum
724 1218 738 1256 :
787 1218 817 1255 ι
849 1216 985 1258 eece
1037 1200 1364 1258 consolatio
1408 1200 1723 1259 manualis,
1760 1204 1839 1259 De

292 1296 462 1355 tertia
489 1297 511 1332 ⁸
542 1315 560 1352 ε
588 1314 618 1349 α
642 1294 991 1352 consolatus
1016 1297 1103 1352 est
1129 1294 1316 1352 David
1346 1295 1664 1353 Bethsabee
1691 1310 1842 1352 uxo-

294 1405 424 1449 rem
449 1405 620 1447 suam
649 1407 664 1446 z
692 1409 721 1443 ι
752 1403 888 1446 ecce
916 1387 1244 1447 consolatio
1273 1389 1536 1448 visualis.

778 1553 1059 1610 Articulus
1085 1553 1367 1610 secundus.

371 1681 440 1736 In
511 1679 822 1736 humilitate
886 1696 1026 1736 mea.
1096 1679 1494 1738 Humilitatem
1548 1681 1853 1752 nuncupat

304 1771 623 1845 vilitatem,
678 1788 863 1847 quam
910 1774 1278 1848 supportavit
1331 1788 1439 1848 per
1490 1771 1849 1844 longanimi-

307 1873 506 1928 tatem.
548 1868 854 1927 Humilitas
907 1869 1017 1926 ista
1065 1885 1250 1944 quam
1295 1868 1666 1943 supportavit
1716 1871 1854 1926 Pro-

307 1963 521 2037 pheta,
550 1962 661 2020 fuit
710 1962 1037 2020 extrinseca
1084 1967 1142 2021 et
1180 1962 1452 2037 fortuita5
1498 1978 1623 2022 non
1658 1968 1858 2020 tamen

310 2056 420 2115 suit
447 2058 572 2115 sine
607 2056 936 2114 humilitate
963 2055 1283 2115 intrinseca
1304 2061 1362 2115 et
1389 2058 1661 2131 gratuita.
1690 2056 1859 2117 ldeo-

317 2166 433 2225 que
456 2150 535 2209 ad
562 2148 1148 2209 commendationem
1166 2150 1512 2209 humilitatis
1531 2150 1860 2209 intrinsecae

317 2251 494 2320 atque
548 2244 813 2319 gratuitae
831 2287 853 2317 ‚
894 2261 1213 2321 possumus
1255 2245 1352 2303 hic
1402 2249 1645 2317 notare,
1697 2244 1869 2319 quod

316 2338 618 2397 humilitas
642 2343 729 2397 est
748 2338 1047 2414 sapientias
1077 2338 1324 2412 solium,
1355 2340 1555 2412 gratioe
1581 2338 1864 2414 pallium,

320 2436 378 2490 et
406 2431 609 2505 glorias
647 2432 1023 2507 praeludium.
1075 2432 1292 2491 Dicitur
1332 2437 1531 2491 autem
1567 2432 1869 2508 sapientiae

321 2526 569 2598 solium,
607 2526 749 2600 quia
790 2527 1139 2601 sapientiam
1181 2526 1424 2603 suscipit
1447 2526 1469 2560 ⁸
1509 2547 1523 2584 ε
1578 2550 1606 2581 «
1651 2528 1757 2585 Ubi
1786 2530 1871 2586 est

321 2619 622 2679 humilitas
631 2661 653 2691 ‚
676 2620 762 2678 ibi
788 2627 874 2680 est
901 2624 958 2679 et
982 2620 1291 2696 sapientia.
1320 2642 1349 2676 n
1382 2621 1599 2680 Dicitur
1629 2637 1872 2697 quoque

326 2717 526 2791 gratiae
549 2710 823 2791 pallium,
852 2714 1139 2790 quoniam
1169 2714 1385 2773 electos
1410 2716 1608 2774 induit
1632 2719 1653 2752 ⁸
1686 2736 1700 2774 :
1736 2737 1765 2771 α
1791 2720 1873 2776 ln·

326 2810 488 2869 duite
515 2827 624 2868 vos
644 2852 664 2882 ,
701 2810 851 2867 sicut
875 2809 1042 2868 electi
1069 2808 1192 2881 Dei,
1221 2810 1407 2867 sancti
1435 2813 1492 2867 et
1518 2810 1737 2883 dilecti,
1764 2810 1878 2867 vis-

328 2920 464 2963 cera
480 2903 925 2975 misericordiae,
942 2903 1185 2976 benigni
1193 2906 1390 2973 tatem,
1414 2903 1824 2964 humilitatem.
1844 2924 1873 2958 ι

331 2999 547 3057 Dicitur
591 2996 849 3072 denique
898 2996 1103 3070 gloriae
1146 2997 1524 3072 praeludium,
1554 2998 1698 3073 quia
1743 2998 1876 3072 glo-

333 3092 485 3152 riam
529 3091 824 3152 antecedit
855 3093 877 3128 ⁸
923 3109 939 3152 z
984 3111 1015 3147 ι
1053 3091 1315 3152 Gloriam
1361 3092 1637 3168 praecedit
1681 3093 1880 3152 humi-

334 3185 378 3246 li
475 3230 489 3247 .
522 3209 550 3243 r

379 3191 469 3247 tas
834 3260 1124 3317 Articulus
1172 3263 1386 3319 tentus.

410 3380 555 3448 Quia
585 3381 854 3451 eloquium
882 3384 1051 3436 tuum.
1073 3378 1277 3448 Quale,
1302 3394 1524 3453 quaes0,
1553 3377 1885 3451 eloquium,

339 3474 453 3531 nisi
482 3473 977 3548 pusillanimitatis
1001 3472 1469 3531 dehortatorium
1495 3475 1525 3530 ⁶?
1556 3472 1690 3531 Tale
1717 3471 1889 3529 nimi-

341 3583 476 3625 rum
496 3569 584 3625 est
609 3568 834 3641 abjecto
861 3572 918 3625 et
942 3566 1249 3625 humiliato
1279 3566 1692 3624 necessarium.
1727 3565 1889 3624 Unde

344 3660 712 3733 notandum,
741 3660 910 3735 quod
950 3660 1257 3735 eloquium
1302 3660 1768 3719 dehortatorium
1805 3663 1894 3718 est

348 3755 701 3830 tripartitum
758 3772 773 3812 ε
825 3755 1084 3812 continet
1128 3754 1287 3812 enim
1337 3754 1647 3829 eloquium
1697 3754 1893 3813 incre·

349 3849 681 3925 patorium,
736 3847 1042 3923 eloquium
1112 3848 1582 3907 adversatorium
1600 3891 1621 3919 ,
1673 3853 1732 3907 et
1779 3847 1896 3906 elo-

349 3944 560 4018 quium
586 3941 1061 4015 castigatorium:
1096 3958 1356 4018 quorum
1376 3941 1640 4016 primum
1664 3943 1896 4001 videtur

351 4037 820 4097 dehortatorium
847 4021 1298 4109 cogitationum3
1330 4036 1680 4109 seeundum,
1705 4036 1899 4095 delec-

350 4134 680 4204 tationum3
728 4132 998 4199 tertium,
1028 4130 1455 4189 assensionum.
1500 4134 1578 4189 De
1604 4131 1801 4205 primo
1828 4134 1850 4169 ⁷
1881 4150 1896 4189 ε

356 4246 387 4281 α
426 4227 517 4286 Ad
554 4225 987 4302 increpandum
1026 4227 1257 4282 tantum
1296 4223 1537 4300 eloquia
1580 4225 1899 4283 concinna-

350 4322 470 4379 tis:
513 4341 542 4375 ι
595 4337 728 4379 ecce
784 4319 1093 4394 eloquium
1145 4318 1623 4392 increpatorium.
1678 4321 1756 4376 De
1810 4334 1900 4377 se-

357 4417 558 4477 cundo
585 4419 608 4454 ⁸
636 4439 655 4476 ε
692 4439 719 4472 «
764 4418 1061 4476 Dimittam
1089 4416 1413 4476 adversum
1457 4432 1553 4473 me
1596 4416 1904 4491 eloquium

355 4529 560 4572 meum
602 4531 617 4570 :
669 4533 699 4568 α
743 4528 879 4570 ecce
922 4511 1232 4587 eloquium
1276 4510 1768 4570 adversatorium.
1825 4513 1904 4568 De

354 4606 524 4665 tertio
561 4605 836 4665 scribitur
878 4607 901 4641 ⁹
933 4624 947 4663 :
994 4625 1024 4662 ι
1065 4605 1317 4680 Eloquia
1364 4604 1618 4677 Domini,
1667 4604 1908 4678 eloquia

358 4705 520 4759 casta
546 4717 563 4758 z
592 4720 622 4756 n
662 4700 843 4775 plane
871 4703 1050 4773 casta,
1080 4699 1223 4774 quia
1252 4698 1619 4773 castigantia,
1654 4702 1712 4757 et
1738 4697 1907 4756 casti-

357 4794 559 4868 gando
601 4792 981 4854 castificantia
1010 4810 1025 4850 2
1077 4808 1212 4851 ecce
1253 4792 1561 4867 eloquium
1597 4791 1908 4864 castigato-

359 4905 537 4948 num·
849 4959 1136 5017 Articulum
1174 4962 1418 5031 quartus.

443 5080 675 5149 vivifica
697 5092 797 5134 me.
828 5078 957 5146 Quo
991 5073 1202 5145 modo,
1225 5074 1338 5132 nisi
1367 5073 1914 5147 magnanimitatem

1948 1119 2119 1175 sum,
2164 1104 2399 1162 tertium
2444 1102 2522 1162 ad
2565 1118 2887 1177 egressum.
2924 1106 3002 1161 De
3036 1102 3233 1177 primo
3270 1103 3306 1138 '⁰
3336 1122 3351 1160 ε
3386 1123 3416 1158 α
3438 1104 3496 1163 Si

1952 1198 2339 1257 ambulavero
2376 1198 2440 1256 in
2479 1198 2682 1257 medio
2717 1197 3142 1269 tribulationiS,
3169 1197 3500 1257 vivificabis

1952 1308 2049 1349 me
2069 1334 2088 1362 ‚
2118 1313 2147 1347 ι
2192 1292 2412 1351 scilicet
2455 1308 2564 1367 per
2608 1291 2859 1366 gratiam
2897 1292 3240 1349 tolerantias.
3285 1295 3363 1350 De
3405 1309 3499 1350 se-

1956 1385 2154 1444 cundo
2201 1388 2240 1421 ¹¹
2274 1406 2288 1443 ε
2326 1406 2355 1441 α
2383 1386 2661 1444 Dominus
2704 1389 3010 1444 conservet
3049 1402 3216 1457 eum,
3246 1389 3306 1443 et
3351 1387 3501 1444 vivi-

1955 1480 2091 1539 ficet
2120 1495 2280 1552 eum,
2311 1482 2368 1538 et
2392 1479 2637 1539 beatum
2662 1478 2837 1537 faciat
2873 1495 3031 1538 eum.
3061 1500 3090 1534 ι
3121 1483 3499 1540 conservatio

1956 1575 2210 1649 pertinet
2252 1575 2333 1633 ad
2381 1574 2716 1634 tentationis
2760 1589 3138 1648 aggressum3
3182 1574 3501 1636 vivificatio

1960 1669 2040 1727 ad
2080 1684 2454 1744 progressum
2467 1687 2487 1741 3
2534 1667 2892 1727 beatificatio
2937 1667 3017 1726 ad
3051 1684 3371 1740 egressum.
3425 1672 3505 1728 De

1962 1765 2135 1822 tertio
2166 1761 2206 1795 ¹³
2235 1783 2302 1821 :a
2322 1765 2493 1835 Deus,
2520 1766 2586 1821 tu
2615 1778 2935 1821 conversus
2955 1762 3286 1822 vivificabis
3314 1779 3443 1821 nos.
3476 1784 3505 1818 ι

1966 1859 2334 1919 convertitur
2383 1857 2462 1916 ad
2507 1873 2614 1915 nos
2659 1860 2828 1930 DeuS,
2876 1857 3210 1931 praestando
3260 1858 3511 1932 gratiam

1965 1952 2262 2013 tolerandi
2302 1951 2719 2023 tentationem3
2759 1950 2865 2009 sed
2893 1950 3152 2011 vivificat
3183 1967 3322 2025 nos,
3364 1968 3516 2026 prae-

1969 2046 2182 2105 stando
2213 2045 2464 2119 gratiam
2491 2044 2830 2119 superandi.

2620 2207 2875 2273 Epilogus.

2044 2332 2131 2386 Ex
2162 2329 2478 2405 proemissis
2513 2329 2652 2388 satis
2695 2333 2782 2388 est
2805 2329 3143 2404 liquidum,
3186 2331 3336 2406 quid
3377 2335 3519 2391 Pro-

1975 2422 2154 2498 pheta
2207 2423 2383 2482 nobis
2435 2422 2690 2481 insinuet
2735 2440 2842 2498 per
2888 2424 3048 2482 hunc
3094 2440 3330 2483 versum
3385 2445 3400 2482 z
3446 2428 3526 2485 ait

1981 2520 2141 2578 enim
2172 2540 2190 2577 ε
2219 2522 2345 2578 Haec
2365 2562 2384 2592 ,
2420 2518 2641 2578 scilicet
2664 2535 2827 2593 speS,
2856 2519 2932 2577 de
2971 2536 3091 2593 qua
3117 2521 3387 2594 superius
3415 2522 3527 2579 im-

1981 2613 2238 2673 mediate
2289 2614 2504 2672 t'ecerat
2543 2613 2938 2686 mentionem3
2982 2615 3070 2673 Me
3115 2617 3388 2673 comolata
3413 2623 3491 2674 est
3510 2661 3528 2690 ‚
3592 2673 3599 2680 ,

1983 2708 2324 2767 confortans
2365 2724 2473 2783 per
2524 2707 3061 2782 oequanimitatem;
3109 2712 3177 2767 In
3220 2711 3531 2768 humilitate

1985 2819 2144 2875 mea,
2190 2802 2382 2876 ipsam
2435 2807 2790 2877 supportans
2832 2819 2942 2877 per
2987 2803 3498 2877 longanimitatem
3509 2824 3528 2876 3

1987 2897 2135 2966 Quia
2144 2898 2415 2970 eloquuim
2429 2902 2605 2968 tuum,
2626 2896 2945 2957 dehortans
2957 2898 3529 2973 pusillanimitatem;

1995 2994 2306 3065 vivificavit
2334 3010 2435 3066 me,
2468 2993 2782 3052 exhortans
2806 2992 3372 3066 magnanimitatem.

2539 3218 2873 3263 vunslcuws
2909 3221 2990 3263 111.

2067 3381 2128 3434 5¹
2143 3419 2156 3434 .
2178 3377 2408 3449 Superbi
2423 3380 2615 3449 inique
2632 3381 2880 3451 agebant,
2896 3383 3005 3439 etc.
3026 3383 3160 3439 Post
3188 3382 3542 3443 consolatio-

1996 3485 2138 3528 nem
2173 3470 2554 3543 subJectionis
2587 3476 2644 3530 et
2684 3473 3032 3546 abjectionis
3048 3516 3070 3546 ‚
3098 3477 3364 3550 sequitur
3402 3494 3543 3535 con·

1998 3563 2211 3622 solatio
2253 3564 2764 3624 scandalizationis
2781 3608 2803 3638 ‚
2845 3584 3027 3641 quam
3078 3568 3333 3627 ostendit
3382 3570 3548 3627 istius

1998 3674 2204 3717 versus
2257 3658 2617 3718 continentia
2665 3660 3163 3734 quadrimembris
3220 3682 3236 3720 ε
3290 3664 3549 3723 continet

2002 3752 2163 3809 enim
2217 3752 2672 3828 quadruplicem
2732 3770 2974 3813 causam
3042 3757 3547 3832 consolatoriam3

2000 3850 2148 3921 puta
2196 3846 2508 3905 stultorum
2553 3847 2977 3922 differentiam,
3028 3851 3327 3910 malorum
3379 3852 3552 3911 suffe—

2003 3942 2285 4015 rentiam,
2312 3943 2462 4016 legis
2504 3945 2924 4018 reverentiam,
2962 3951 3018 4005 et
3060 3948 3217 4021 regis
3245 3948 3551 4007 adhoeren-

2002 4036 2150 4095 tiam
2206 4055 2222 4094 ε
2278 4037 2473 4111 prima
2523 4037 2721 4112 bona,
2771 4040 3033 4098 secunda
3082 4041 3328 4115 melior,
3385 4044 3555 4102 tertia

2007 4131 2252 4205 optima,
2285 4136 2342 4189 et
2366 4135 2577 4206 quarta
2604 4133 2959 4207 peroptima.

2508 4291 2791 4348 Artis-ulus
2826 4293 3056 4363 primus.

2085 4412 2278 4471 Prima
2305 4429 2484 4472 causa
2532 4414 2933 4489 dignoscitur,
2965 4433 3103 4476 cum
3144 4419 3358 4478 dicitur
3392 4443 3410 4478 .·
3449 4423 3557 4481 Su-

2006 4508 2182 4580 perbi.
2214 4507 2270 4565 Si
2297 4508 2565 4582 superbi,
2593 4525 2737 4583 ergo
2761 4510 2941 4584 stulti,
2964 4512 3137 4586 quasi
3163 4517 3379 4573 stantes
3406 4515 3508 4574 alti
3542 4535 3558 4573 ι

2013 4601 2323 4659 stultorum
2386 4606 2586 4661 autem
2647 4605 2928 4664 scandala
2990 4609 3327 4682 spernenda
3381 4615 3561 4680 sunt,

2015 4694 2186 4769 quasi
2220 4695 2474 4755 ridicula
2505 4717 2520 4756 t
2568 4714 2710 4757 nam
2743 4700 2846 4775 qui
2888 4703 3095 4775 quaerit
3130 4704 3564 4777 conjugationis

2014 4810 2292 4852 normam
2321 4798 2486 4871 apud
2511 4799 2763 4857 verbum
2791 4799 3162 4873 anomalum,
3191 4804 3293 4859 aut
3320 4818 3566 4861 conver-

2016 4888 2262 4947 sationis
2300 4889 2557 4948 sormam
2594 4892 2760 4965 apud
2786 4892 2980 4951 virum
3025 4894 3408 4969 acephalum,
3437 4896 3565 4972 ipse

2018 4981 2133 5040 sibi
2175 4986 2262 5040 est
2293 4982 2665 5042 scandalum.
2704 4986 2949 5043 Multum
2990 4987 3166 5058 igitur
3200 4986 3288 5045 illi
3319 4990 3566 5062 confert,

2022 5076 2128 5150 qui
2179 5077 2526 5137 scandalum
2563 5079 2781 5153 perfert
2800 5123 2817 5151 ,
2845 5096 3095 5155 pensare
3123 5087 3413 5157 quantum
3439 5103 3570 5144 mo-

366 5171 739 5231 exhortando
758 5173 789 5228 ‘i
827 5171 967 5240 Quae
1013 5168 1333 5226 vivificatio
1382 5168 1625 5242 patienti
1678 5167 1912 5243 potior,
2022 5170 2190 5228 ribus
2226 5169 2448 5244 differt,
2480 5172 2585 5246 qui
2629 5174 2978 5233 scandalum
3012 5175 3205 5236 infert.
3255 5182 3322 5236 Et
3363 5183 3571 5238 notan-

443 5324 454 5352 ι
486 5322 629 5384 Gen„
660 5334 721 5387 L,
748 5324 830 5371 21,
856 5345 919 5357 .-
950 5320 973 5355 2
998 5317 1107 5374 Job,
1134 5329 1292 5380 χχιχ,
1333 5318 1407 5367 13.
1438 5343 1501 5355 -.
1527 5317 1546 5348 ⁸
1584 5319 1622 5367 n
1653 5318 1789 5383 nequ
1820 5331 1917 5385 ΧΠ,
1954 5341 1955 5346 ¹
1988 5264 2174 5378 udum
2209 5264 2365 5323 Circa
2399 5266 2681 5326 scandala
2708 5270 3142 5343 superborum,
3168 5273 3337 5347 quod
3363 5289 3574 5333 eorum

374 5394 456 5445 24,
486 5418 549 5432 ...
575 5394 598 5429 ι
623 5393 789 5458 Prov„
824 5403 909 5457 11,
937 5394 988 5443 2.
1017 5416 1073 5427 -
1104 5391 1123 5419 ⁸
1152 5388 1360 5450 coloss„
1390 5399 1476 5451 111,
1506 5392 1583 5439 ¹2.
1610 5414 1672 5426 —
1700 5391 1721 5420 ⁸
1745 5393 1917 5455 Pron„
1945 5407 1971 5464 f·
1998 5394 2077 5466 ¹¹1.
2100 5418 2161 5430 —
2189 5393 2229 5428 ¹⁰
2255 5390 2390 5443 Psal.
2419 5404 2652 5456 cxxxvii,
2681 5396 2727 5443 7.
2754 5419 2815 5432 -
2843 5394 2882 5430 ¹¹
2913 5395 3050 5448 Pml.
3083 5410 3173 5460 η,
3197 5400 3245 5450 3.
3279 5426 3333 5436 -
3366 5400 3410 5437 ¹¹
3437 5400 3576 5450 Psal.

378 5473 470 5525 xv,
503 5466 580 5515 33.
609 5491 671 5503 -
709 5466 725 5496 ⁷
753 5463 862 5529 Job,
885 5474 937 5528 v,
973 5465 1052 5514 26.
1089 5486 1150 5499 -
1179 5462 1199 5490 ⁸
1224 5458 1335 5523 Job,
1372 5471 1425 5523 x,
1461 5464 1505 5509 ¹.
1535 5486 1594 5498 —
1624 5461 1647 5496 ⁹
1679 5460 1816 5512 psal.
1845 5474 1967 5527 xis*
2032 5475 2248 5527 Lxxxiv,
2278 5466 2326 5515 7.

621 5570 749 5619 rou
786 5570 873 5618 ix.
3264 5565 3343 5626 25
