4196 6294
1585 445 1943 515 PSALMUS
1984 443 2244 512 cxvm.

793 647 1072 706 Articulus
1106 647 1382 706 secunda&

389 772 719 832 Amicitiam
744 788 889 831 vero
916 773 1127 832 mundi
1155 772 1477 844 denotavit,
1508 786 1645 829 cum
1668 771 1847 831 dixit:

320 869 508 926 Omnes
540 871 845 941 peccatores
888 871 1042 925 terroe
1075 886 1090 924 ε
1128 883 1269 926 nam
1310 869 1650 943 peccatores
1687 869 1855 924 terras

282 963 455 1019 ·sunt
480 964 772 1020 amatores
789 964 954 1018 terrae
980 980 997 1019 ε
1027 964 1365 1034 peccatores
1412 963 1609 1018 autem
1650 959 1854 1032 hujus-

318 1054 485 1114 modi
499 1056 787 1113 vocantur
813 1052 989 1112 amici
1016 1053 1245 1112 mundi.
1275 1055 1343 1110 Et
1378 1055 1521 1111 nota
1548 1051 1622 1110 de
1643 1068 1853 1127 pecca·

315 1148 544 1208 toribus
570 1147 713 1219 istie,
743 1147 911 1222 quod
936 1164 1146 1208 eorum
1169 1148 1293 1206 vita
1310 1150 1397 1205 est
1418 1146 1849 1221 vituperabiIiS,

316 1241 564 1301 defectio
617 1241 1047 1314 desiderabilis,
1100 1241 1423 1300 interfectio
1478 1240 1804 1299 tolerabilis
1833 1259 1848 1297 z

314 1336 455 1412 quia
499 1334 761 1393 videndo
808 1334 1219 1409 inhumantur3
1283 1334 1615 1394 deficiendo
1670 1334 1852 1393 exhu-

310 1432 574 1501 mantur3
605 1428 1011 1488 interficiendo
1052 1433 1354 1488 sanantur.
1410 1431 1490 1487 De
1536 1428 1732 1503 primo
1780 1431 1800 1466 ²
1834 1447 1849 1487 :

319 1543 347 1579 α
398 1526 493 1582 Vae
544 1523 840 1598 peccatori
904 1526 1121 1582 terram
1179 1521 1533 1597 ingredienti
1616 1521 1853 1580 duabus

310 1618 499 1676 viis.»
529 1619 863 1698 Peccatores
889 1617 1183 1689 ejusmodi
1212 1620 1346 1675 sunt
1390 1614 1564 1674 amici
1617 1615 1852 1688 mundi,

311 1711 415 1787 qui
442 1711 674 1770 duabus
696 1710 805 1770 viis
840 1715 1056 1769 terram
1104 1710 1542 1784 ingrediuntur,
1568 1708 1710 1783 quia
1727 1712 1852 1767 tam

308 1806 589 1877 viventeS,
614 1821 799 1879 quam
825 1805 1141 1864 morientes
1164 1804 1436 1862 interrari
1483 1806 1846 1861 noscuntur:

308 1901 571 1960 viventes
593 1900 855 1978 quidem,
871 1900 1226 1958 interrantur
1245 1903 1531 1974 quantum
1551 1898 1632 1956 ad
1645 1899 1847 1973 corda3

307 1994 627 2053 morientes
654 1998 873 2063 autem,
901 1993 1257 2052 interrantur
1285 1996 1575 2068 quantum
1615 1992 1695 2052 ad
1721 2009 1849 2052 cor·

304 2104 455 2162 pora
482 2106 497 2145 :
522 2103 656 2146 ecce
674 2087 796 2146 vita
808 2088 880 2161 (a)
895 2087 1318 2162 vituperabilis.
1337 2090 1415 2145 De
1426 2086 1687 2145 secundo
1709 2087 1849 2145 dicit

303 2181 606 2240 Psalmista
632 2184 655 2218 ²
686 2199 741 2238 :a
761 2180 1037 2240 Deficient
1059 2184 1399 2257 peccatores
1427 2200 1464 2240 a
1483 2185 1659 2255 terra,
1683 2203 1713 2238 n
1731 2182 1847 2241 hoc

303 2277 408 2347 est,
439 2275 707 2334 desinent
734 2291 934 2334 amare
962 2280 1195 2333 terrena
1223 2294 1238 2333 ε
1271 2291 1404 2334 ecce
1443 2275 1690 2334 defectio
1746 2276 1849 2335 de-

301 2368 653 2427 siderabilis,
701 2372 780 2427 De
833 2369 1002 2428 tertio
1057 2369 1254 2444 psallit
1302 2370 1591 2445 Propheta
1620 2372 1643 2407 ³
1673 2388 1688 2428 ε
1724 2390 1754 2426 α
1782 2374 1845 2429 in

299 2463 588 2523 matutino
602 2463 1030 2522 interficiebam
1043 2480 1248 2523 omnes
1261 2470 1600 2540 peccatores
1609 2468 1776 2523 terrae
1786 2485 1839 2538 ς»

299 2557 365 2615 id
392 2563 497 2632 est,
552 2559 615 2615 in
671 2562 804 2617 ortu
857 2558 1177 2632 spiritualis
1232 2559 1369 2632 diei,
1427 2558 1842 2617 interimebam

300 2656 592 2711 amatores
618 2655 787 2711 terroe
813 2652 1016 2725 gladio
1044 2653 1214 2711 verbi
1240 2653 1341 2711 Dei
1370 2670 1387 2710 ε
1424 2669 1558 2713 eece
1576 2652 1841 2713 interfec-

300 2746 382 2805 tio
408 2746 755 2806 tolerabilis.

806 2899 1082 2957 Articulus
1112 2901 1325 2958 tertius.

368 3027 696 3086 Amicitiam
717 3042 960 3102 quoque
982 3028 1082 3086 Dei
1109 3029 1469 3103 connotavit,
1497 3045 1635 3089 cum
1659 3032 1837 3091 ratio·

299 3122 553 3183 cinando
581 3121 887 3196 conjunxit
931 3122 1110 3180 =Idec
1161 3122 1363 3197 dilexi,
1418 3125 1590 3200 quasi
1647 3126 1838 3186 amica

296 3218 396 3276 Dei
427 3235 442 3274 ε
471 3231 595 3274 non
623 3215 888 3290 despexi,
910 3216 1083 3290 quasi
1114 3219 1308 3276 amica
1321 3219 1555 3277 mundi.
1585 3222 1652 3278 Et
1672 3225 1833 3293 nota,

296 3311 462 3388 quod
480 3309 733 3368 Ecclesia
758 3314 912 3367 recte
940 3311 1040 3368 Dei
1067 3315 1370 3385 reputatur
1410 3314 1622 3386 amica,
1667 3317 1835 3390 quod

293 3404 654 3478 significatur
677 3404 741 3462 in
764 3403 1013 3461 canticis
1066 3420 1175 3478 per
1198 3405 1309 3464 tria
1335 3407 1505 3480 signa
1536 3425 1551 3465 :
1581 3423 1689 3483 per
1740 3411 1835 3467 tas-

296 3498 484 3570 dium,
507 3513 616 3572 per
636 3497 922 3571 studium,
939 3513 1048 3572 per
1074 3499 1360 3571 gaudium
1390 3501 1569 3575 :quia
1595 3502 1833 3576 signum

296 3599 381 3653 est
404 3593 712 3667 diligendi,
747 3592 988 3652 taedium
1037 3595 1306 3665 carendi3
1355 3596 1616 3655 studium
1668 3614 1829 3673 quae·

294 3688 496 3761 rendi;
539 3686 829 3761 gaudium
874 3687 1234 3761 inveniendi.
1276 3691 1354 3748 De
1385 3690 1580 3765 primo
1607 3692 1629 3727 ⁸
1660 3710 1676 3750 :
1712 3710 1740 3746 α
1768 3695 1831 3752 ln

290 3781 508 3841 lectulo
534 3796 672 3840 meo
697 3796 806 3856 per
849 3785 1053 3840 noctes
1098 3768 1362 3857 quaesivi,
1419 3801 1601 3859 quem
1638 3787 1832 3862 diligit

295 3875 490 3934 anima
511 3891 676 3948 mea;
702 3875 944 3950 quoesivi
998 3876 1190 3947 illum,
1245 3880 1303 3935 et
1356 3892 1479 3936 non
1517 3876 1719 3938 inveni
1750 3899 1765 3939 ε
1794 3902 1823 3938 ιο

295 3985 429 4029 ecce
455 3968 698 4029 carendi
722 3969 987 4027 taedium.
1027 3972 1106 4028 De
1132 3971 1395 4029 secundo
1440 3972 1713 4033 scribitur
1738 3975 1829 4034 in·

291 4064 382 4123 fra
407 4066 430 4100 ⁸
458 4082 474 4121 ε
509 4082 539 4118 α
561 4065 813 4137 Surgam
852 4066 909 4121 et
933 4063 1197 4124 circuibo
1239 4064 1551 4141 civitatem,
1587 4083 1696 4144 per
1743 4072 1831 4137 vi-

292 4174 395 4218 cos
431 4161 490 4217 et
536 4157 759 4232 plateas
812 4173 1097 4232 quaeram,
1157 4175 1337 4233 quem
1393 4161 1584 4236 diligit
1629 4165 1830 4225 anima

292 4268 425 4311 mea
457 4270 472 4310 ε
501 4270 532 4307 ιο
565 4266 700 4310 ecce
744 4251 1049 4326 quaerendi
1094 4253 1374 4313 studium.
1432 4258 1512 4314 De
1547 4258 1715 4318 tertio
1744 4277 1831 4319 se·

290 4349 492 4422 quitur
515 4344 579 4403 ⁸:
615 4364 645 4400 α
668 4346 891 4419 Inveni,
945 4362 1125 4421 quem
1180 4346 1371 4422 diligit
1416 4348 1616 4410 anima
1660 4369 1796 4413 mea
1806 4374 1824 4428 3

288 4441 450 4500 tenui
477 4442 663 4515 (eum,
709 4454 819 4500 nec
866 4439 1157 4499 dimittam
1198 4460 1274 4500 ς»
1297 4457 1431 4503 ecce
1484 4430 1827 4507 inveniendi

289 4533 598 4611 gandium.

774 4683 1065 4741 Articulus
1099 4689 1344 4757 quartus.

357 4817 726 4881 inimicitiam
764 4816 1023 4894 denique
1051 4819 1261 4878 mundi
1288 4821 1662 4897 subnotavit,
1689 4842 1827 4887 cum

286 4912 590 4988 subiunxit
634 4931 650 4970 ε
713 4913 1046 4969 Testimonia
1091 4918 1220 4985 tua,
1266 4915 1486 4976 scilicet
1534 4919 1823 4993 praedica-

284 5012 484 5067 menta
526 5006 851 5079 dominica,
893 5008 1181 5080 tanquam
1217 5023 1384 5068 arma
1424 5010 1640 5071 bellica
1675 5030 1824 5089 pres·

284 5101 679 5161 varicantibus
706 5098 965 5158 inimica.
997 5102 1064 5159 Et
1090 5105 1232 5160 nota
1260 5102 1336 5160 de
1361 5103 1534 5171 ⁹dictis
1560 5108 1825 5168 testimo-

284 5195 428 5266 niis,
452 5193 623 5270 quod
646 5196 784 5253 sunt
806 5193 1143 5252 testimonia
1168 5195 1497 5270 charitatis,
1527 5199 1822 5275 claritatis,

349 5321 362 5349 ⁸
388 5320 567 5381 Bccli„
601 5330 660 5384 ιι,
694 5321 771 5369 n.
810 5345 861 5356 -
896 5318 915 5349 ²
942 5319 1084 5371 Psal.
1120 5330 1233 5382 cm,
1265 5322 1343 5372 35.
1367 5349 1430 5360 —
1460 5323 1480 5355 ⁸
1505 5324 1647 5376 Psal.
1682 5339 1741 5391 c,
1772 5330 1819 5380 8.

286 5416 349 5429 -
396 5391 418 5426 ⁸
457 5392 625 5457 Cant„
670 5403 757 5456 m,
812 5396 858 5445 1.
903 5417 966 5430 —
1009 5392 1032 5429 ⁸
1072 5391 1223 5459 ibid„
1259 5396 1308 5446 2.
1349 5419 1412 5433 —·
1450 5397 1645 5462 ⁸1bid.,
1683 5403 1732 5451 4,
1760 5426 1823 5440 ...

3381 461 3494 520 471

1960 584 2018 640 et
2071 579 2443 657 cupiditatis3
2495 582 2637 657 qiu‘a
2689 584 3031 643 charitatem
3081 589 3461 661 protestantia
3477 635 3500 665 ,

1960 675 2284 735 claritatem
2302 675 2701 749 contestantia,
2722 675 3105 752 cupiditatem
3134 681 3498 743 detestantia.

1958 773 2038 829 De
2088 771 2284 844 primo
2323 772 2346 806 '¹
2396 788 2414 829 ε
2470 787 2502 823 α
2546 769 2719 841 Quod
2760 769 3042 842 vidimus,
3096 776 3395 850 testamur,
3442 782 3501 838 et

1958 863 2361 923 testimonium
2387 866 2654 922 nostrum
2677 880 2803 923 non
2830 865 3120 942 accipitis-3
3148 889 3178 925 ιο
3213 874 3269 928 et
3307 870 3496 933 inira:

1966 976 1994 1012 α
2012 957 2104 1016 Sic
2125 957 2285 1015 enim
2303 959 2454 1015 Deus
2469 957 2675 1016 dilexit
2694 959 3008 1033 mundum,
3029 965 3094 1021 ut
3111 962 3302 1022 filium
3324 981 3501 1023 suum

1958 1049 2331 1123 unigenitum
2367 1049 2535 1109 daret
2571 1069 2586 1108 z
2627 1070 2658 1107 r
2694 1066 2828 1110 ecce
2855 1053 3256 1115 testimonium
3284 1056 3501 1118 divinoe

1959 1144 2275 1201 charitatis
2306 1147 2385 1203 De
2425 1144 2686 1203 secundo
2722 1147 2744 1182 ⁸
2778 1164 2793 1204 ε
2840 1165 2869 1201 α
2895 1146 2997 1206 Hic
3040 1149 3202 1208 venit
3231 1148 3297 1209 in
3341 1151 3500 1211 testi-

1956 1237 2258 1310 monium,
2301 1240 2366 1296 ut
2405 1237 2804 1296 testimonium
2841 1240 3181 1314 perhiberet
3220 1243 3295 1302 de
3322 1243 3500 1304 lumi-

1959 1345 2035 1388 ne
2066 1347 2082 1388 :
2133 1352 2161 1382 »
2208 1347 2342 1389 ecce
2377 1331 2780 1390 testimonium
2824 1332 3039 1392 divinae
3071 1335 3368 1396 claritatis
3419 1341 3499 1399 De

1957 1424 2129 1483 tertio
2155 1426 2178 1462 ⁹
2208 1443 2223 1482 t
2260 1442 2289 1479 α
2321 1428 2405 1483 Me
2443 1425 2569 1483 odit
2595 1427 2855 1485 mundus
2872 1468 2893 1500 ,
2922 1428 3067 1503 quia
3092 1444 3207 1503 ego
3234 1433 3496 1492 testimo-

1957 1519 2126 1577 nium
2151 1519 2438 1593 perhibeo
2467 1519 2541 1576 de
2576 1519 2717 1591 illo,
2753 1520 2896 1594 quia
2934 1537 3117 1596 opera
3152 1521 3310 1582 illius
3336 1526 3499 1585 mala

1957 1616 2094 1671 sunt
2125 1631 2189 1669 :n
2214 1628 2347 1670 ecce
2373 1614 2772 1672 testimonium
2796 1615 3113 1674 mundanae
3140 1617 3496 1693 cupiditatiS,

1958 1706 2102 1782 quia
2118 1706 2162 1742 ¹⁰
2180 1725 2209 1760 α
2224 1707 2398 1765 radix
2417 1709 2686 1766 omnium
2703 1710 3001 1768 malorum
3019 1714 3104 1770 est
3129 1712 3439 1787 cupiditas,
3459 1733 3488 1768 η

1955 1803 2097 1860 teste
2124 1800 2423 1876 Apostolo.

2596 1943 2855 2010 Epilogus.

2028 2083 2118 2142 Ait
2160 2099 2302 2158 ergo
2346 2085 2636 2160 Propheta
2677 2086 2790 2146 sub
2835 2087 3103 2147 Ecclesiae
3142 2090 3336 2164 figura
3349 2135 3368 2163 ‚
3397 2094 3495 2152 vel

1954 2179 2207 2238 Ecclesia
2243 2194 2392 2237 voce
2437 2180 2784 2264 prophetica
2827 2201 2842 2239 :
2881 2185 3298 2243 Praevaricmztes
3331 2203 3495 2260 repu-

1955 2278 2070 2332 tavi
2084 2316 2106 2347 ,
2134 2276 2344 2332 notans
2372 2273 2637 2333 divinam
2665 2274 3031 2335 inimicitiam
3048 2321 3069 2350 ,
3098 2283 3386 2353 quantum
3413 2281 3494 2340 ad

1953 2367 2533 2441 praevaricationem3
2583 2370 2773 2427 Omnes
2813 2378 3114 2444 peccatores
3151 2378 3343 2445 ter-m,
3386 2375 3492 2434 de-

1951 2464 2164 2520 notans
2226 2462 2596 2520 mundanam
2654 2464 2973 2523 amicitiam
2992 2509 3012 2539 ,
3065 2469 3356 2541 quantum
3411 2470 3493 2528 ad

1951 2555 2363 2630 cupiditatem3
2407 2557 2534 2615 Ideo
2578 2558 2753 2616 dilato·
2766 2599 2783 2629 ,
2843 2564 3170 2620 connotans
3224 2560 3490 2624 divinam

1949 2649 2265 2707 amicitiam
2301 2654 2591 2725 quantum
2628 2651 2707 2709 ad
2749 2652 3087 2712 charitatem
3095 2674 3116 2730 3
3162 2657 3490 2716 Testimonia

1948 2739 2082 2816 tua',
2121 2744 2444 2804 subnotans
2467 2746 2835 2806 mundanam
2863 2747 3229 2810 inimicitiam
3246 2794 3265 2818 ,
3297 2766 3489 2828 quan-

1945 2840 2072 2896 tum
2091 2838 2172 2897 ad
2194 2839 2555 2913 proevaricati
2561 2855 2758 2899 onem.

2454 3063 2785 3137 metemus
2816 3064 2937 3110 vm.

2013 3223 2137 3279 120.
2182 3221 2393 3294 Confiqe
2442 3224 2634 3280 timore
2681 3228 2795 3293 tuo,
2849 3227 2958 3282 etc.
3007 3226 3143 3285 Post
3189 3228 3480 3305 triplicem

1942 3313 2233 3373 militandi
2259 3315 2532 3386 modum,
2559 3315 2714 3374 circa
2735 3319 2939 3391 Deum,
2969 3318 3125 3378 circa
3145 3319 3478 3399 diabolum,

1941 3407 2098 3468 circa
2139 3409 2433 3467 mundum
2446 3451 2467 3482 ,
2505 3411 2768 3485 sequitur
2796 3415 3041 3487 quartus
3065 3415 3284 3474 modus
3304 3460 3324 3490 ,
3353 3433 3478 3493 quo

1940 3507 2096 3566 circa
2120 3519 2233 3563 nos
2259 3503 2508 3563 militare
2538 3504 2845 3564 debemuS.
2868 3509 3049 3566 Porro
3078 3508 3234 3568 circa
3258 3527 3391 3583 noe,
3420 3516 3478 3572 et

1940 3600 2113 3677 quasi
2173 3602 2378 3657 contra
2428 3614 2540 3657 nos
2604 3599 2775 3658 toties
2826 3600 3185 3676 militamus,
3248 3606 3482 3679 quoties

1940 3697 2310 3754 coarctamus
2336 3692 2719 3768 appetitivam
2754 3693 3096 3753 interiorem
3121 3712 3231 3771 per
3265 3714 3479 3775 appre-

1938 3788 2247 3847 hensivam
2295 3787 2633 3847 inferiorem
2649 3831 2668 3861 ,
2717 3803 2794 3846 ne
2847 3788 3108 3848 fortassis
3157 3793 3480 3869 appetitiva

1938 3883 2208 3958 superior
2242 3886 2508 3941 coerceat
2550 3883 3042 3959 apprehensivam
3079 3889 3445 3961 superiorem
3456 3913 3476 3966 ;

1938 3975 2004 4034 id
2051 3979 2157 4049 est,
2213 3976 2445 4050 quoties
2499 3991 2839 4035 coercemus
2894 3978 3326 4041 sensualitatem
3369 4000 3479 4059 per

1937 4070 2450 4143 imaginationem,
2480 4086 2555 4128 ne
2599 4068 2748 4129 forte
2773 4071 3051 4131 voluntas
3093 4080 3359 4136 coerceat
3382 4093 3478 4140 ra·

1936 4164 2162 4225 tionem
2199 4182 2215 4222 ε
2247 4164 2414 4238 quod
2441 4164 2761 4238 contingit,
2791 4181 2929 4224 cum
2953 4166 3298 4242 imaginatio
3326 4170 3477 4231 ima.

1936 4262 2139 4336 ginato
2157 4260 2478 4336 peccatoris
2494 4260 2807 4336 supplicio,
2830 4263 3003 4336 quasi
3024 4263 3251 4323 doloris
3273 4265 3476 4340 gladio

1934 4372 1999 4415 se
2025 4355 2335 4429 succingit,
2375 4357 2433 4413 et
2472 4354 2858 4414 sensualitatis
2894 4355 3345 4439 dissolutionem
3369 4377 3479 4435 per

1933 4449 2314 4510 formidinem
2352 4448 2435 4507 sic
2463 4447 2834 4522 constringit,
2862 4449 3030 4525 quod
3062 4450 3273 4511 eadem
3299 4453 3478 4514 aflec-

1934 4545 2112 4603 tionis
2150 4544 2515 4604 altitudinem
2541 4559 2667 4603 non
2707 4544 2968 4620 attingit,
3006 4549 3063 4605 et
3095 4546 3200 4606 illa
3232 4549 3477 4610 rationis

1934 4640 2345 4699 rectitudinem
2381 4656 2506 4701 non
2540 4640 2814 4714 effringit.
2858 4644 2943 4701 lta
2978 4657 3187 4703 revera
3223 4643 3475 4705 militare

1934 4734 2177 4795 volebat
2199 4733 2500 4794 Psalmista
2529 4734 2919 4810 pronuntians
2946 4737 3130 4795 verba
3151 4738 3263 4795 ista
3288 4755 3305 4796 t
3335 4738 3475 4797 Gon-

1933 4832 2054 4902 Me,
2076 4832 2213 4900 etc„
2233 4828 2403 4903 quasi
2423 4828 2580 4888 dicat
2605 4846 2621 4886 ε
2641 4829 3003 4904 Constringe,
3020 4844 3130 4905 per
3152 4831 3475 4892 terribilem

1932 4923 2416 4997 imaginationem
2433 4965 2454 4996 ,
2520 4922 2908 4983 sensualitatis
2978 4923 3428 4985 dissolutionem
3450 4970 3469 5001 ,

1935 5017 2222 5093 quoniam
2250 5033 2287 5075 a
2306 5016 2545 5090 jndiciis
2566 5017 2704 5089 tuis,
2740 5034 2872 5093 quae
2902 5021 3039 5077 sunt
3080 5011 3265 5094 p'enes
3296 5020 3476 5081 ratio·

1932 5127 2072 5171 nem
2084 5153 2106 5184 ,
2132 5111 2336 5182 timui,
2362 5126 2439 5169 ne
2465 5110 2761 5170 violentur
2788 5105 2896 5187 p'er
2921 5111 3240 5171 voluntatis
3281 5114 3474 5174 viola-

1932 5206 2177 5265 tionem.
2207 5204 2370 5264 Unde
2395 5208 2555 5280 patet
2582 5205 2714 5265 luce
2743 5206 2957 5266 clarius
2971 5248 2993 5280 ,
3021 5207 3190 5282 quod
3217 5213 3474 5283 quatuor

1935 5332 2252 5455 Ψ.·Ψ·
2282 5334 2362 5456 ἐς
2391 5333 2473 5458 Ψ.
2495 5356 2558 5370 -
2577 5331 3269 5471 {grata-ate:
3422 5339 3471 5393 ⁷·

1933 5429 1994 5445 ..
2249 5434 2284 5468 .,
2362 5439 2383 5470 ,
2481 5429 2569 5455 .-
2815 5442 2828 5459 .
2963 5442 2977 5459 .
3271 5445 3285 5464 .
