4196 6294
786 487 904 549 502

789 620 964 679 cabat
992 638 1006 676 :
1036 621 1096 677 et
1131 616 1283 675 sicut
1308 615 1555 691 aequitas
1575 611 1913 687 judicabat,
1941 611 2025 669 sic
2051 612 2331 672 severitas

785 713 1149 772 vindicabat.
1203 711 1368 769 Unde
1422 708 1714 783 Propheta
1757 707 2219 781 contemplatus,
2275 709 2333 765 et

789 805 1251 881 contemplando
1279 805 1703 876 consternatae,
1731 801 1899 877 quod
1925 801 2043 859 tale
2072 805 2156 858 est
2178 800 2334 874 judi—

790 904 951 962 cium
975 901 1293 976 aequitatis,
1321 899 1436 956 tale
1464 912 1707 972 quoque
1735 894 2093 970 supplicium
2119 895 2335 953 severi·

790 1003 951 1071 tatis,
997 997 1175 1074 quale
1212 992 1613 1054 testimonium
1640 990 1899 1048 veritatis
1914 1010 1933 1062 3
1980 990 2336 1065 supplicavit

792 1101 852 1156 et
892 1091 1231 1169 suppliciter
1272 1086 1633 1147 mendicavit
1678 1084 2014 1143 subsidium
2061 1085 2329 1159 pietatis:

792 1191 958 1268 quod
978 1187 1232 1247 breviter
1248 1181 1570 1253 annotavit,
1598 1196 1735 1237 cum
1752 1179 1866 1236 ait:
1894 1182 2166 1252 AEquitas,
2186 1182 2294 1237 etc.
2311 1202 2330 1253 ;

792 1303 863 1345 ac
913 1285 963 1342 si
1016 1297 1162 1339 voce
1217 1278 1441 1337 diceret
1480 1273 1873 1335 tremebunda
1915 1291 1930 1330 :
1975 1276 2119 1331 Ecce
2154 1274 2332 1332 video

792 1379 934 1456 quia
967 1376 1099 1435 talis
1124 1377 1211 1433 est
1235 1371 1481 1448 oequitas
1513 1369 1867 1444 judicando,
1898 1367 2091 1442 qualis
2116 1368 2333 1427 veritas

791 1470 1143 1543 indicand03
1180 1467 1314 1527 talis
1348 1480 1593 1540 qnoque
1621 1463 1899 1522 severitas
1924 1462 2327 1522 vindicando:

790 1565 1072 1642 quocirca
1104 1565 1242 1638 peto
1277 1559 1508 1635 pietatis
1547 1557 1879 1616 subsidium
1915 1556 2328 1632 supplicando.

789 1662 1050 1731 Quatuor
1084 1657 1282 1732 itaque
1317 1670 1633 1730 possumus
1666 1652 1763 1710 hic
1790 1667 2038 1726 pensare
2066 1671 2081 1709 :
2114 1650 2334 1710 scilicet

788 1754 1150 1830 aequitatem,
1195 1750 1598 1820 severitatem,
1634 1749 1970 1818 veritatem,
2009 1751 2065 1806 et
2089 1745 2331 1805 sinceri·

789 1852 969 1908 tatem
1000 1865 1016 1904 ε
1057 1845 1251 1921 prima
1280 1843 1544 1918 judicat;
1574 1842 1837 1901 secunda
1866 1841 2125 1915 indicat;
2166 1842 2332 1901 tertia

790 1943 1084 2015 vindicat3
1112 1940 1219 1999 sed
1248 1941 1458 2014 quarta
1485 1935 1794 2012 supplicat.

1286 2100 1569 2157 Articulus
1601 2100 1829 2171 primu-3.

859 2229 1156 2289 Iudicium
1193 2224 1480 2302 inquitatis
1528 2226 1821 2282 eructatur
1836 2266 1855 2296 ,
1898 2240 2036 2281 cum
2069 2224 2282 2283 dicitur
2310 2245 2329 2283 ε

789 2329 1071 2400 Equites,
1109 2321 1253 2397 quia
1293 2321 1460 2378 nulla
1510 2317 1816 2389 dubietas,
1852 2319 1999 2392 quin
2037 2318 2332 2391 judicium

787 2418 1074 2495 requitatis
1107 2416 1181 2474 sit
1213 2414 1478 2489 aequitas.
1526 2413 1691 2473 Circa
1730 2411 2109 2486 judiciariam
2148 2414 2332 2488 aequi-

790 2518 967 2573 tatem
993 2513 1185 2585 potest
1208 2508 1424 2579 notari,
1452 2506 1617 2582 quod
1644 2508 1888 2580 aequitas
1910 2507 2060 2564 solet
2079 2507 2144 2564 in
2165 2523 2332 2567 sacra

789 2607 1085 2681 Scriptura
1111 2602 1445 2677 comparari
1468 2605 1632 2659 scuto
1660 2600 2130 2676 inexpugnabili,
2149 2601 2330 2674 virgae

789 2699 1117 2770 inflexibili,
1164 2697 1383 2756 semitas
1425 2694 1717 2754 infallibili
1766 2712 1779 2751 ε
1842 2694 1985 2769 quia
2031 2694 2331 2768 judicialis

788 2790 1033 2866 aequitas
1052 2804 1179 2846 esse
1204 2787 1383 2845 debet
1405 2782 1883 2860 inexpugnabilis
1903 2801 2012 2859 per
2032 2785 2329 2860 timorem,

725 2875 731 2881 ⁵
789 2883 1129 2944 inflexibilis
1166 2898 1275 2957 per
1315 2880 1582 2940 favorem
1604 2921 1624 2951 ‚
1650 2878 1979 2937 infallibilis
2020 2895 2129 2953 per
2172 2895 2333 2938 erro-

788 2996 935 3039 rem.
959 2981 1038 3036 De
1062 2976 1289 3051 primo,
1309 2974 1417 3033 ubi
1446 2973 1658 3032 dicitur
1683 2973 1757 3031 de
1779 2972 1980 3045 judice
2006 2989 2242 3032 summo
2272 2977 2326 3032 ¹:

796 3093 825 3129 α
850 3075 1049 3131 Sumet
1084 3074 1315 3129 scutum
1354 3067 1818 3143 inexpugnabile
1859 3067 2195 3142 aequitatem
2234 3086 2249 3124 :
2295 3090 2324 3124 u

790 3169 887 3227 hic
928 3171 1306 3242 comparatur
1350 3165 1593 3239 aequitas
1640 3167 1805 3223 scuto
1859 3163 2328 3238 inexpugnabili.

792 3267 870 3321 De
904 3260 1169 3321 secundo
1206 3261 1229 3296 ²
1270 3279 1284 3317 :
1331 3278 1360 3314 α
1395 3258 1570 3332 Virga
1606 3258 1893 3334 requitatis
1909 3302 1928 3331 ,
1969 3259 2140 3332 virga
2165 3257 2332 3331 regni

792 3357 874 3416 tui
899 3376 913 3414 ε
938 3376 968 3410 n
1001 3355 1098 3413 hic
1127 3356 1501 3429 comparatur
1520 3353 1765 3428 aequitas
1792 3352 1973 3426 virgae
2000 3352 2330 3413 inflexibili.

794 3452 954 3509 Unde
992 3449 1161 3522 virga
1194 3448 1305 3506 ista
1346 3448 1409 3504 in
1449 3447 1750 3505 Psalmista
1795 3446 2009 3504 dicitur
2042 3445 2235 3505 ferrea
2260 3450 2283 3484 ³
2315 3467 2330 3506 ε

798 3566 826 3601 α
853 3551 1041 3619 Reges
1063 3559 1167 3602 eos
1208 3543 1272 3600 in
1312 3542 1481 3614 virga
1514 3539 1734 3606 ferrea,
1767 3562 1795 3595 ι
1828 3545 1938 3600 etc.
1971 3546 2047 3599 De
2070 3543 2240 3601 tertio
2267 3540 2329 3601 ⁸:

799 3661 826 3694 α
856 3642 1076 3697 Ducam
1108 3641 1164 3695 te
1190 3652 1299 3711 per
1325 3636 1561 3693 semitas
1595 3634 1887 3708 aequitatis
1919 3654 1934 3692 :
1977 3655 2004 3689 ι
2037 3636 2134 3694 hic
2173 3652 2336 3695 com-

792 3737 1035 3808 paratur
1059 3730 1306 3805 aequitas
1340 3727 1559 3787 semitae
1595 3727 1908 3786 infallibili.
1939 3729 2102 3787 Unde
2130 3730 2336 3790 semita

792 3830 952 3886 recta
999 3824 1210 3884 dicitur
1244 3824 1307 3881 in
1340 3822 1630 3898 Propheta
1656 3821 1679 3855 ⁸
1718 3841 1731 3879 :
1769 3843 1799 3876 ι
1824 3823 2067 3896 Semita,
2110 3824 2337 3900 inquit,

794 3924 929 3997 justi
955 3926 1115 3982 recta
1142 3924 1245 3979 est.
1273 3938 1302 3974 »

1269 4079 1550 4135 Articulus
1586 4078 1863 4135 secundus.

867 4205 1162 4266 iudicium
1189 4202 1447 4262 veritatis
1475 4203 1828 4271 enuntiatur,
1852 4220 1989 4262 cum
2014 4206 2285 4279 adjicitur
2316 4227 2332 4267 ι

802 4302 1126 4359 Testimonia
1166 4304 1284 4356 tua.
1328 4302 1475 4356 Nam
1515 4296 1664 4355 nulli
1693 4297 1974 4370 dubium,
2005 4299 2152 4374 quin
2188 4302 2336 4361 divi-

797 4414 943 4456 num
980 4394 1377 4454 testimonium
1412 4394 1487 4451 sit
1517 4394 1777 4452 veritatis
1818 4393 2108 4452 indicium
2129 4417 2148 4452 ε
2196 4397 2338 4472 quia

797 4507 939 4551 vero
977 4487 1317 4565 praecedens
1342 4487 1630 4563 aequitatis
1650 4487 1972 4561 J‘udicium,
2000 4493 2057 4547 et
2082 4506 2338 4564 praesens

797 4583 1054 4643 veritatis
1090 4581 1374 4641 indicium
1401 4582 1464 4639 in
1502 4598 1692 4640 unum
1728 4582 2119 4655 conveniunt,
2149 4589 2205 4642 et
2230 4601 2339 4659 per

797 4694 1169 4753 consequens
1205 4693 1394 4735 unum
1428 4676 1578 4735 fiunt
1587 4718 1607 4748 ,
1643 4681 1957 4750 propterea
1994 4680 2150 4735 recte
2198 4677 2341 4736 dicit

797 4775 1086 4851 Propheta
1118 4776 1407 4847 :Equites
1436 4776 1746 4831 testimonia
1774 4778 1913 4847 tua3
1945 4789 2015 4831 ac
2043 4773 2092 4831 si
2123 4773 2342 4834 diceret

796 4885 944 4928 voce
980 4867 1291 4944 perspicua
1326 4886 1342 4925 z
1372 4866 1678 4943 AEquitatis
1703 4867 1970 4941 J’udicia,
1999 4871 2056 4926 et
2082 4867 2340 4928 veritatis

798 4962 1018 5021 indicia
1051 4965 1187 5020 sunt
1224 4961 1654 5033 indifferentia,
1683 4962 1747 5020 in
1787 4966 2076 5037 quantum
2118 4963 2340 5021 suntin

799 5074 987 5116 unum
1044 5056 1475 5115 convenientia.
1524 5059 1589 5114 Et
1641 5059 1783 5114 nota
1838 5056 1994 5114 circa
2041 5057 2343 5130 praemissa

801 5150 1162 5221 testimonia,
1209 5150 1377 5225 quod
1420 5149 1596 5210 nimis
1652 5153 1820 5207 erunt
1860 5149 1976 5207 inis
2023 5149 2341 5221 terribilia,

799 5246 903 5319 qui
936 5245 1082 5304 dum
1119 5245 1420 5317 viverent,
1456 5261 1527 5303 ea
1564 5260 1688 5303 non
1724 5244 2125 5319 attenderunt3
2156 5249 2257 5305 aut
2276 5246 2342 5310 ,si

861 5372 1043 5437 ¹Sap„
1070 5384 1121 5436 V,
1158 5374 1238 5423 20.
1273 5399 1327 5408 —
1361 5368 1384 5401 ²
1420 5371 1593 5432 Hebr.‚
1632 5382 1676 5434 1,
1715 5373 1763 5421 8.
1792 5397 1855 5409 -
1879 5372 1902 5407 ⁸
1929 5371 2063 5421 Psal.
2097 5384 2163 5435 ιι,
2204 5375 2250 5423 9.
2278 5399 2342 5412 --

800 5444 814 5474 ⁴
850 5444 1022 5505 Pron„
1062 5454 1133 5508 IV,
1174 5447 1249 5495 Η.
1293 5470 1344 5480 -
1388 5444 1407 5479 ὓ
1437 5444 1553 5506 Iso„
1584 5453 1737 5506 xxv1,
1767 5445 1815 5492 7.
1859 5472 1907 5483 -
1941 5446 1959 5472 ⁶
1990 5445 2027 5492 ΙΙ
2062 5446 2231 5503 Εεαν.,
2270 5456 2341 5507 tx,

1832 473 2248 542 EXPOSITIO
2291 474 2372 541 ΙΝ
2417 474 2944 542 PSALTERIUM.

2442 613 2835 686 attenderunt,
2854 627 2980 671 non
3003 614 3354 687 acceperunt
3366 632 3385 686 3
3406 617 3508 671 aut
3532 613 3583 670 si
3606 617 3960 689 acceperunt,

2439 723 2564 767 nou
2609 707 3048 780 custodierunt,
3098 711 3342 782 propter
3396 707 3767 765 aversionem
3815 708 3963 766 intel-

2440 805 2647 877 lectus,
2675 806 2918 864 aflectus
2930 848 2953 877 ,
2981 810 3038 863 et
3064 805 3322 863 effectus
3357 809 3434 864 De
3460 808 3655 881 primo
3689 808 3711 843 ⁸
3742 826 3758 863 ε
3795 828 3824 860 ι
3852 810 3961 864 Non

2441 900 2811 958 attenderunt
2857 899 3139 957 mandata
3183 903 3306 971 tua,
3354 904 3411 959 et
3450 899 3805 971 testimonia,
3846 917 3960 975 qum

2441 995 2774 1053 testificatus
2800 1012 2863 1053 es
2891 995 2952 1052 in
2980 995 3064 1053 eis
3094 1013 3108 1051 ε
3140 1016 3168 1049 ιο
3202 1010 3337 1053 ecce
3362 994 3693 1053 intellectus
3727 996 3960 1053 aversio-

2442 1104 2610 1160 nem,
2641 1094 2928 1164 qnantum
2964 1091 3045 1148 ad
3080 1089 3550 1156 testimoniorum
3575 1089 3957 1147 attentionem.

2442 1184 2521 1241 De
2563 1185 2826 1243 secundo
2861 1188 2884 1221 '¹
2925 1204 2941 1241 ε
2993 1207 3022 1238 α
3062 1184 3235 1254 Quod
3286 1183 3505 1241 scimus
3553 1184 3875 1258 loquimur,
3915 1188 3965 1242 et

2443 1277 2610 1350 quod
2656 1277 2914 1336 vidimus
2959 1282 3269 1349 testamur,
3314 1282 3372 1335 et
3410 1277 3811 1335 testimonium
3847 1293 3964 1334 nos·

2442 1373 2598 1429 trum
2624 1387 2748 1430 non
2774 1371 3070 1447 accipitis:
3103 1393 3130 1425 υ
3156 1387 3291 1429 ecce
3322 1370 3564 1428 affectus
3587 1369 3962 1439 aversionem,

2442 1468 2732 1540 quantum
2784 1465 2865 1524 ad
2918 1465 3388 1524 testimoniorum
3433 1466 3857 1539 acceptionem.
3898 1468 3962 1522 De

2441 1559 2612 1617 tertio
2666 1559 2939 1619 scribitur
2991 1562 3014 1596 ⁸
3068 1580 3081 1616 :
3145 1580 3173 1612 α
3236 1559 3753 1618 Exacerbaverunt
3801 1562 3964 1616 Deum

2442 1653 2762 1726 excelsum,
2798 1657 2854 1711 et
2879 1653 3213 1712 testimonia
3238 1655 3366 1728 eJus
3393 1669 3516 1711 non
3545 1653 3961 1722 custodierunt3

2443 1750 2500 1804 et
2525 1750 2861 1805 averterunt
2882 1764 2967 1820 se,
2989 1752 3047 1806 et
3072 1764 3196 1806 non
3221 1751 3611 1806 servavarunt
3635 1752 3874 1821 pactum
3898 1765 3912 1803 ε
3934 1767 3957 1800 ι

2442 1855 2575 1897 ecce
2604 1840 2844 1898 effectus
2871 1842 3271 1915 aversionem,
3302 1846 3592 1916 quantum
3622 1841 3704 1899 ad
3735 1841 3965 1899 testimo·

2442 1932 2679 1992 niorum
2706 1935 3176 1994 custoditionem.

2937 2094 3220 2150 Articuzus
3265 2097 3483 2152 tertias.

2512 2217 2843 2276 severitatis
2870 2218 3231 2293 supplicium
3257 2218 3621 2291 enucleatur,
3649 2238 3790 2280 cum
3818 2222 3970 2281 addi·

2443 2315 2536 2370 tur
2566 2330 2581 2369 ε
2612 2315 2679 2369 In
2718 2317 3008 2385 oetemum,
3052 2313 3166 2371 hoc
3195 2317 3308 2386 est,
3343 2314 3404 2372 in
3435 2318 3728 2374 aeternum
3770 2317 3971 2391 suppli·

2441 2407 2599 2464 cium
2642 2425 2658 2463 ε
2701 2406 2869 2481 quod
2912 2407 3163 2483 pertinet
3206 2408 3286 2466 ad
3331 2409 3651 2468 severitatis
3703 2411 3967 2470 officium.

2441 2504 2584 2558 Ecce
2612 2500 2862 2575 qualiter
2881 2501 3167 2575 aequitatis
3184 2502 3476 2574 judicium
3490 2546 3510 2576 ,
3539 2508 3597 2560 et
3617 2504 3874 2562 veritatis
3896 2506 3972 2562 in·

2442 2596 2662 2655 dicium
2683 2597 2919 2656 fuerunt
2937 2614 3123 2656 unum
3138 2641 3158 2670 ,
3181 2599 3242 2657 in
3266 2604 3556 2674 quantum
3583 2605 3972 2660 convenerunt

2441 2693 2504 2750 in
2530 2709 2736 2751 unum.
2769 2696 2843 2765 ,In
2879 2694 3045 2768 quod
3087 2698 3321 2752 unum?
3348 2698 3412 2753 ln
3440 2698 3730 2753 aeternum
3771 2695 3975 2770 suppli-

2440 2787 2620 2859 cium,
2649 2804 2756 2861 per
2785 2788 2949 2861 quod
2973 2789 3171 2845 aeterni
3191 2789 3363 2861 Regis
3385 2790 3801 2864 praejudicium
3829 2807 3974 2849 seve-

2440 2883 2579 2940 ritas
2607 2881 2962 2952 vindicavit,
2992 2881 3140 2939 sicut
3164 2882 3376 2940 veritas
3400 2883 3708 2956 indicavit,
3742 2885 3975 2958 etaequi·

2441 2980 2529 3034 tas
2568 2975 2873 3049 judicavit.
2921 2979 3035 3033 Nec
3085 2975 3336 3050 mirum,
3392 2977 3443 3034 si
3491 2977 3974 3054 psalmographus

2440 3071 2614 3130 fuerit
2640 3071 2814 3129 valde
2830 3071 3240 3146 breviloquuS,
3268 3072 3410 3146 quia
3432 3074 3612 3131 valde
3626 3074 3971 3147 perterritus.

2443 3169 2526 3224 Ita
2552 3167 2877 3241 loquuntur
2901 3166 3173 3225 homines
3210 3166 3497 3240 fugiendo
3524 3169 3861 3242 periculum
3887 3186 3976 3228 an-

2441 3258 2702 3317 helantes
2720 3302 2741 3331 ,
2770 3263 2828 3318 et
2852 3276 2960 3334 per
2986 3260 3338 3318 brevitatem
3363 3261 3576 3319 affatus
3591 3305 3612 3333 ,
3639 3262 3975 3322 brevitatem

2444 3352 2733 3411 anhelitus
2771 3353 3123 3412 intimantes.
3159 3358 3225 3411 Et
3249 3360 3393 3413 nota
3421 3355 3495 3413 de
3524 3356 3792 3417 vindicta
3826 3374 3976 3416 seve-

2443 3445 2625 3504 ritatis
2651 3451 2896 3519 oeterna,
2926 3448 3092 3522 quod
3121 3447 3457 3517 ,secundum
3496 3450 3703 3509 divina
3729 3452 3977 3510 testimo-

2444 3540 2544 3598 nia
2570 3540 2783 3599 dicitur
2811 3541 3099 3616 tripartita
3129 3560 3144 3598 ε
3174 3541 3453 3617 quaedam
3489 3560 3785 3619 superna,
3829 3562 3977 3620 quoe·

2446 3636 2588 3693 dam
2624 3636 2881 3708 interna,
2922 3638 3199 3713 quaedam
3243 3642 3496 3695 externa.
3539 3639 3734 3697 Prima
3772 3644 3978 3715 spectat

2446 3730 2524 3787 ad
2566 3730 2956 3789 domesticum
2991 3731 3234 3789 exilium
3244 3752 3263 3805 3
3303 3732 3564 3790 secunda
3601 3733 3680 3791 ad
3721 3734 3977 3792 intrinse-

2447 3840 2584 3881 cum
2627 3824 3015 3900 supplicium3
3058 3826 3227 3884 tertia
3253 3827 3333 3884 ad
3361 3826 3754 3887 extrinsecum
3789 3829 3975 3887 incen-

2448 3917 2633 3975 dium.
2664 3920 2741 3976 De
2766 3919 2963 3993 primo
2983 3920 3043 3976 ⁹:
3077 3941 3105 3974 α
3131 3920 3240 3990 Qui
3269 3920 3406 3979 facit
3431 3927 3760 3996 peccatum,
3789 3940 3976 3982 servus

2448 4016 2533 4068 est
2556 4013 2780 4086 peccati
2810 4033 2828 4086 ;
2855 4029 3057 4071 servus
3084 4018 3282 4072 autem
3309 4031 3434 4073 non
3470 4020 3666 4075 manet
3696 4018 3761 4075 in
3805 4018 3974 4076 domo

2446 4106 2509 4163 in
2534 4109 2837 4166 aeternum.
2866 4129 2894 4163 ι»
2930 4110 3072 4167 Ecce
3099 4108 3361 4167 vindicta
3404 4112 3657 4180 aeterna,
3699 4116 3977 4187 quantum

2447 4201 2527 4259 ad
2554 4204 2943 4264 domesticum
2968 4203 3233 4262 exilium.
3266 4207 3342 4262 De
3360 4205 3625 4264 secundo
3654 4205 3697 4240 ¹⁰
3727 4226 3791 4261 :a
3820 4207 3978 4265 lbunt

2446 4302 2508 4359 hi
2536 4302 2599 4359 in
2620 4299 2977 4375 supplicium
2993 4302 3275 4356 {eternum
3296 4318 3312 4356 z
3333 4299 3475 4371 ,iusti
3498 4305 3696 4359 autem
3725 4302 3789 4359 in
3811 4301 3976 4358 vitam

2447 4401 2743 4455 aeternam.
2773 4412 2802 4448 u
2842 4396 2982 4463 Ecce
3012 4391 3272 4450 vindicta
3304 4397 3556 4464 aeterna,
3593 4399 3884 4469 quantum
3907 4394 3977 4451 ad

2446 4491 2740 4549 internum
2767 4485 3143 4561 supplicium.
3174 4487 3251 4543 De
3279 4485 3448 4544 tertio
3477 4486 3517 4523 ¹¹
3552 4506 3616 4544 ιι
3646 4489 3922 4548 Discedite
3945 4504 3977 4545 a

2447 4601 2578 4655 me,
2607 4581 2931 4653 maledicti,
2964 4580 3027 4636 in
3065 4579 3264 4653 ignem
3299 4584 3600 4639 aeternum.
3628 4602 3658 4634 x>
3693 4588 3836 4643 Eece
3862 4582 3975 4639 vin.

2450 4679 2606 4738 dicta
2641 4681 2890 4746 aeterna,
2930 4677 3221 4750 quantum
3249 4674 3328 4732 ad
3363 4675 3756 4736 extrinsecum
3791 4679 3977 4737 incen-

2452 4773 2638 4831 dam·
2942 4842 3222 4898 Artiwlus
3258 4846 3509 4913 quartus.

2517 4958 2868 5017 sinceritatis
2896 4956 3258 5016 desiderium
3275 4955 3620 5031 explicatur,
3640 4974 3774 5017 cum
3792 4957 3977 5018 subdi·

2449 5060 2540 5113 tur
2584 5072 2599 5109 ε
2646 5055 2980 5111 Intellectum
3021 5052 3094 5109 da
3141 5052 3276 5109 mihi
3299 5094 3320 5123 ‚
3368 5057 3420 5110 et
3471 5054 3671 5110 vivam.
3720 5055 3800 5111 Da
3845 5052 3976 5111 mihi

2448 5147 2658 5206 mentis
2702 5146 3195 5206 illuminationem
3217 5189 3235 5218 ,
3283 5145 3362 5204 ad
3397 5147 3602 5204 mortis
3650 5147 3977 5206 declinatio·

2448 5259 2606 5301 nem.
2640 5245 2782 5301 Ecce
2807 5240 3149 5300 sinceritatis
3176 5239 3547 5315 supplicatio.
3579 5240 3782 5316 Liquet
3808 5240 3974 5308 enim,

2448 5373 2526 5423 34.
2556 5397 2616 5408 —
2651 5370 2668 5400 ²
2694 5370 2858 5435 lom,
2898 5380 2991 5433 111,
3029 5374 3102 5420 Η.
3134 5394 3195 5406 -
3231 5368 3254 5402 ⁸
3290 5366 3665 5432 Psal.1.xxv11‚
3697 5372 3786 5431 56,
3822 5372 3896 5421 57.
3921 5393 3975 5406 -

2449 5448 2467 5473 ²·
2496 5444 2658 5504 Joan„
2689 5453 2802 5506 vm,
2833 5444 2912 5492 34.
2933 5467 2996 5480 —
3027 5441 3065 5477 ‘⁰
3091 5438 3297 5501 nauh„
3326 5450 3450 5500 xxii,
3480 5444 3559 5491 46.
3580 5467 3638 5477 -
3672 5443 3703 5472 ¹¹
3730 5441 3876 5505 thid„
3902 5441 3974 5489 Η.
