4196 6294
1553 409 1916 481 PSALMUS
1958 410 2216 479 CXVIII.

300 546 595 621 piscentioe
643 545 864 604 carnali
908 548 1217 606 contraria.
1276 553 1423 607 Nam
1464 548 1571 607 etsi
1611 548 1833 624 quaevis

301 641 775 716 concupiscentia
814 640 887 698 sit
927 640 1272 701 innocentiae
1301 643 1668 719 corruptela3
1706 642 1834 701 aliae

300 740 529 806 tamen,
559 735 700 810 quia
725 734 1059 794 subtiliores
1087 742 1142 796 et
1166 738 1502 797 latentiores
1530 740 1701 810 sunt,
1732 737 1836 797 ali·

302 831 592 904 quatenus
618 828 851 903 palliari
876 834 1155 905 possunt:
1186 826 1310 889 haec
1336 836 1534 889 autem
1559 831 1642 890 ita
1669 831 1835 889 rudis

302 928 356 981 et
384 926 591 1000 patens
629 927 745 995 est,
774 925 939 998 quod
966 923 1199 999 palliari
1238 917 1577 984 nullatenus
1618 929 1828 1001 potest.

302 1021 380 1075 De
410 1016 668 1075 secunda
694 1017 792 1075 via
820 1016 1033 1074 dicitur
1051 1023 1105 1074 ¹:
1137 1040 1164 1070 «
1181 1018 1404 1076 Iustitia
1443 1017 1723 1094 simplicis
1751 1018 1837 1075 di-

297 1109 449 1184 riget
483 1109 642 1168 viam
683 1111 827 1195 eius,
850 1130 878 1163 ι)
925 1113 1067 1169 Ecce
1108 1111 1465 1186 simplicium
1524 1106 1666 1184 via,
1702 1128 1838 1170 con-

304 1203 669 1279 cupiscentiae
692 1204 1002 1278 temporali
1022 1204 1379 1277 adversaria,
1401 1206 1542 1280 quia
1570 1206 1836 1280 profecto

300 1296 720 1372 temporalium
770 1298 970 1372 cupidi
1014 1314 1138 1356 non
1172 1299 1408 1358 student
1451 1300 1836 1376 simplicitati,

300 1391 407 1449 sed
436 1390 796 1465 duplicitati,
836 1394 894 1448 et
925 1391 1241 1464 dolositati.
1286 1397 1363 1450 De
1401 1394 1573 1452 tertia
1611 1394 1709 1453 via
1753 1393 1838 1452 le—

305 1487 460 1559 gitur
482 1484 545 1541 ¹:
580 1503 609 1539 α
633 1487 951 1543 conterunt
977 1503 1155 1561 super
1189 1487 1498 1562 pulverem
1539 1490 1706 1546 terrae
1743 1504 1840 1546 ca·

299 1580 424 1655 pita
447 1596 814 1654 pauperum,
847 1584 902 1636 et
931 1579 1087 1638 viam
1112 1580 1429 1638 humilium
1462 1581 1776 1639 declinant.
1805 1601 1834 1635 u

303 1678 444 1732 Ecce
470 1674 785 1731 humilium
811 1673 912 1730 via
936 1672 1187 1733 favorali
1213 1675 1696 1751 concupiscentias
1723 1676 1838 1732 ini·-

302 1769 456 1825 mica
483 1787 501 1840 ;
528 1768 783 1826 humiles
811 1768 969 1826 enim
997 1768 1335 1827 mundanos
1374 1770 1608 1828 favores
1645 1774 1702 1827 et
1726 1770 1837 1827 ho-

302 1877 477 1920 nores
503 1860 754 1934 fugiunt,
772 1878 928 1937 quos
955 1861 1253 1920 ambitiosi
1278 1866 1334 1919 et
1360 1863 1740 1938 superstitiosi
1768 1864 1843 1921 si-

302 1953 470 2011 tiunt.
498 1954 586 2012 llli
614 1955 807 2029 capita
835 1953 1167 2030 pauperum
1195 1973 1372 2031 super
1392 1957 1703 2032 pulverem
1729 1961 1842 2015 ter·-

300 2064 382 2106 roe
410 2052 747 2122 conterunt,
777 2048 921 2124 quia
947 2049 1097 2107 sicut
1124 2053 1332 2108 ventus
1363 2050 1609 2124 dissipat
1633 2051 1841 2126 puive-

301 2158 395 2200 res
410 2183 429 2212 ‚
466 2143 546 2201 ita
571 2148 849 2201 ventosus
876 2160 1187 2218 pauperes.
1234 2144 1368 2202 Vias
1393 2144 1713 2202 humilium
1742 2145 1843 2202 de-

302 2236 561 2306 clinant,
591 2237 877 2312 quoniam
902 2236 982 2294 ad
1009 2236 1309 2309 sublimia,
1339 2238 1579 2311 gravius
1608 2238 1841 2309 ruituri,

299 2330 596 2388 festinant.

809 2405 1086 2460 Articulus
1123 2406 1337 2460 tertius.

372 2520 623 2578 Tertiam
652 2519 1091 2597 complacentiee
1120 2535 1361 2578 causam
1399 2520 1661 2595 aperuit,
1707 2536 1844 2578 cum

302 2615 572 2689 adjunxit
612 2633 627 2671 ε
673 2617 745 2672 Et
792 2617 1076 2688 eoequiram
1121 2632 1272 2687 eam,
1317 2619 1606 2690 quantum
1647 2615 1725 2673 ad
1774 2631 1845 2674 ea

302 2727 435 2785 quae
460 2709 808 2767 intrinsecus
832 2709 1051 2779 latent,
1080 2724 1189 2782 per
1217 2725 1289 2766 ea
1315 2725 1448 2784 quae
1488 2709 1846 2768 extrinsecus

299 2807 535 2879 patent,
569 2803 685 2861 hoc
712 2806 829 2876 est,
868 2801 1150 2877 perlegis
1185 2803 1549 2883 sententiam,
1604 2803 1845 2876 legisla-

301 2898 445 2955 toris
469 2897 839 2972 sapientiam.
882 2899 948 2955 Εἰ
983 2899 1158 2968 nota,
1203 2897 1371 2972 quod
1419 2898 1613 2958 modis
1658 2898 1844 2955 tribus

302 2991 652 3067 sapientiam
671 2991 1000 3066 exquirere,
1027 2991 1126 3049 vel
1148 2992 1498 3066 investigare
1528 2993 1840 3065 debemuS,

302 3086 576 3145 videlicet
615 3088 904 3163 potenter,
949 3087 1264 3162 sapienter,
1302 3087 1553 3146 libenter
1586 3106 1600 3145 :
1632 3093 1845 3163 poten-

301 3186 410 3252 ter,
436 3182 578 3255 quia
596 3181 923 3240 scrutabilis
935 3201 951 3252 3
977 3181 1290 3257 sapienter,
1312 3182 1453 3257 quia
1473 3183 1809 3257 spectabilis
1820 3202 1839 3254 3

301 3275 572 3349 libenter,
621 3277 763 3351 quia
808 3277 1189 3336 delectabilis.
1235 3280 1313 3334 De
1356 3278 1550 3352 primo
1576 3280 1597 3313 ³
1629 3295 1644 3334 ε
1683 3296 1711 3331 α
1740 3280 1844 3352 Oc·

303 3371 456 3429 culta
478 3371 933 3445 proverbiorum
961 3371 1260 3446 exquiret,
1301 3374 1358 3428 et
1384 3371 1448 3428 in
1477 3371 1842 3431 absconditis

302 3464 727 3539 parabolarum
773 3465 1233 3524 conversabitur.
1258 3486 1288 3520 r
1339 3468 1483 3522 Ecce
1528 3466 1840 3540 exquisitio

301 3563 540 3634 potens,
567 3574 675 3632 per
703 3575 884 3633 quam
913 3559 1238 3635 exquiritur
1274 3559 1562 3633 sapientia
1603 3560 1843 3618 interius

301 3651 524 3724 latenS,
572 3668 696 3709 non
740 3653 992 3710 exterius
1036 3657 1263 3727 pateuS.
1314 3655 1392 3709 De
1439 3653 1701 3732 secundo
1744 3652 1766 3686 ¹·
1818 3673 1832 3710 ε

307 3766 337 3800 «
363 3745 720 3821 Sapientiam
748 3747 1128 3821 antiquorum
1157 3746 1424 3805 omnium
1453 3749 1717 3822 exquiret
1743 3765 1839 3806 sa-

302 3842 491 3916 piens.
515 3862 544 3896 »
577 3844 719 3900 Ecce
766 3858 882 3916 exq
908 3841 1075 3899 1isitio
1120 3842 1387 3916 sapienS,
1434 3841 1582 3900 sicut
1631 3843 1841 3917 exqui-

303 3953 456 3995 rens,
486 3939 561 3993 De
576 3939 744 3995 tertio
758 3938 780 3971 ⁸
797 3954 811 3993 :
840 3939 884 3993 H
896 3952 997 3993 inc
1017 3936 1216 3994 amavi
1243 3939 1301 3994 et
1317 3937 1608 4011 exquisivi
1638 3954 1790 3996 eam.
1807 3960 1834 3994 n

305 4035 446 4091 Ecce
474 4030 783 4105 exquisitio
805 4030 1066 4105 placens,

794 4191 1077 4248 Articulus
1115 4195 1360 4261 quartus.

376 4321 654 4388 Quartam
708 4317 1145 4393 complacentiae
1192 4334 1429 4377 causam
1495 4306 1864 4395 subintulit,

306 4429 444 4470 cum
482 4411 771 4485 subjecit:
805 4412 1039 4486 Semper,
1090 4412 1154 4470 id
1196 4417 1314 4485 est,
1365 4413 1838 4488 infatigabiliter;

306 4506 452 4580 quia
477 4505 764 4579 sapientia
788 4520 912 4564 non
950 4505 1153 4578 fatigat
1192 4506 1666 4581 intelligentiam,
1711 4515 1841 4568 tan-

306 4617 490 4680 quam
513 4599 788 4657 virtutem
812 4599 1073 4657 materiae
1118 4601 1581 4675 impermixtam,·
1613 4607 1669 4660 et
1704 4604 1841 4663 ideo

306 4693 593 4772 sapientia
620 4708 849 4767 semper
894 4693 1208 4766 quaerenda
1228 4738 1244 4765 ,
1288 4712 1519 4770 semper
1546 4697 1802 4772 petenda
1822 4741 1843 4769 ‚

306 4803 540 4860 semper
568 4784 966 4856 comedenda3
1000 4788 1139 4859 quia
1159 4787 1439 4846 nimirum
1463 4792 1742 4864 quoeritur
1764 4794 1844 4851 ad

306 4880 663 4946 videndum,
691 4879 905 4953 petitur
927 4878 1005 4935 ad
1031 4881 1385 4952 tenendum,
1417 4883 1742 4942 comeditur
1765 4886 1844 4943 ad

306 4975 645 5033 fruendum.
670 4975 747 5030 De
765 4971 959 5046 primo
986 4972 1195 5030 dicitur
1223 4975 1271 5031 ⁶:
1311 4995 1339 5028 ι(
1362 4976 1604 5048 Quaerite
1632 4978 1845 5036 faciem

310 5069 436 5140 ejus
454 5084 704 5143 semper,
725 5087 753 5122 ι)
786 5068 1074 5141 quantum
1093 5067 1172 5123 ad
1197 5068 1506 5128 visionem.
1537 5073 1614 5128 De
1642 5088 1844 5130 secun-

312 5162 394 5219 do
433 5162 546 5219 snb
591 5161 762 5235 panis
801 5165 947 5234 typo
992 5158 1263 5218 scribitur
1283 5164 1345 5218 ἵε
1383 5182 1412 5217 ιι
1437 5164 1715 5236 Domine,
1766 5166 1845 5225 da

380 5291 391 5317 ¹
426 5289 589 5348 Prov„
630 5301 704 5354 xl,
731 5292 778 5339 5.
798 5314 861 5325 -
889 5286 912 5320 ¹
939 5286 1112 5350 Amos,
1147 5300 1211 5350 ιι,
1240 5291 1288 5336 7.
1313 5314 1374 5324 —
1404 5289 1425 5322 ³
1455 5289 1628 5354 Eccli„
1661 5303 1844 5355 xxxix,

314 5363 362 5410 3.
391 5385 452 5396 -
491 5360 508 5390 ⁴
543 5361 688 5423 ibid,
723 5363 767 5409 t.
797 5386 858 5397 —
888 5361 904 5388 ⁵
931 5357 1073 5424 Sap„
1102 5370 1214 5422 vm,
1247 5363 1293 5409 2.
1332 5386 1394 5397 -
1432 5361 1453 5394 θ
1482 5360 1617 5410 Psal.
1653 5373 1758 5425 etv,
1794 5366 1840 5413 4.

3361 413 3477 474 363

1938 547 2113 605 nobis
2138 562 2357 622 panem
2382 547 2540 605 hunc
2555 591 2574 621 ,
2597 568 2627 602 u
2675 551 2963 623 quantum
3001 546 3082 604 ad
3128 545 3474 604 tentionem.

1942 644 2017 698 De
2066 641 2234 700 tertio
2263 642 2285 676 ⁸
2323 658 2338 698 ε
2375 660 2404 695 α
2431 644 2515 698 Tu
2560 641 2838 699 comedes
2890 657 3109 716 panem
3165 639 3224 696 in
3274 653 3492 696 mensa·

1941 750 2074 793 mea
2102 751 2352 811 semper,
2381 756 2410 790 ι)
2446 738 2739 809 quantum
2765 736 2846 794 ad
2872 734 3231 794 fruitionem.

2582 894 2839 959 Epilogus.

2017 1018 2174 1073 Patet
2219 1014 2416 1089 itaque
2466 1030 2669 1073 sensus
2708 1013 3066 1088 Prophetas,
3100 1030 3239 1071 cum
3289 1012 3474 1071 dicit:

1944 1112 2130 1181 Leqem
2171 1127 2307 1183 pone
2345 1113 2511 1183 mihi,
2546 1113 2798 1183 Domine,
2838 1126 2970 1184 quae
3013 1109 3154 1182 liget
3198 1110 3479 1185 insipien-

1946 1205 2088 1262 tiam
2129 1221 2235 1279 per
2277 1208 2471 1262 actum
2505 1204 2737 1278 ¹iustitias
2765 1223 2785 1276 3
2838 1205 2996 1261 Viam
3034 1204 3481 1275 justificationum

1948 1305 2190 1366 tuarum,
2223 1296 2354 1373 quae
2384 1299 2622 1371 castiget
2661 1297 3196 1373 concupiscentiam
3233 1313 3341 1371 per
3385 1315 3482 1355 ac-

1946 1397 2072 1450 tum
2097 1394 2523 1467 temperantiae3
2556 1396 2627 1449 Et
2652 1396 2932 1464 exquiram
2959 1408 3073 1449 eam
3089 1433 3105 1459 ,
3133 1395 3200 1447 ut
3218 1407 3325 1465 per
3351 1407 3483 1449 eam

1945 1486 2326 1559 investigetur
2385 1486 2670 1560 sapientia
2722 1502 2831 1560 per
2878 1488 3074 1543 actum
3117 1484 3480 1559 prudentioe3

1947 1582 2197 1653 Semper,
2223 1585 2289 1639 ut
2329 1596 2437 1654 per
2485 1595 2620 1637 eam
2646 1596 2769 1639 non
2805 1579 3079 1654 fatigetur
3104 1577 3483 1651 intelligentia

1945 1690 2051 1748 per
2077 1676 2271 1732 actum
2300 1673 2654 1733 constantiae.

2503 1898 2836 1942 vnnsmuzus
2873 1898 2935 1940 11.

2021 2058 2108 2113 34.
2131 2058 2214 2112 Da
2227 2057 2364 2112 mihi
2381 2058 2727 2125 intellectum,
2745 2058 2853 2112 etc.
2882 2056 3010 2124 Quo
3023 2053 3208 2113 modo
3222 2055 3315 2111 lex
3342 2053 3487 2111 divi-

1948 2166 2028 2207 na
2048 2149 2122 2205 sit
2140 2148 2569 2220 desiderabilis,
2589 2148 2876 2206 indicavit
2898 2164 3102 2205 versus
3118 2147 3454 2222 praecedens
3465 2168 3482 2221 ;

1950 2259 2071 2317 quo
2098 2242 2284 2301 modo
2312 2259 2454 2301 vero
2496 2243 2568 2299 sit
2597 2240 3082 2311 considerabiIiS,
3110 2240 3332 2299 indicat
3355 2257 3485 2299 ver-

1950 2353 2048 2394 sus
2073 2353 2357 2411 praesenS,
2389 2336 2452 2394 in
2481 2353 2602 2410 quo
2641 2337 2880 2395 notatur
2921 2334 3256 2408 signanter,
3281 2338 3337 2392 et
3372 2333 3486 2406 sig-

1949 2435 2121 2489 natur
2163 2430 2530 2499 notabiliter,
2558 2428 2726 2504 quod
2763 2429 2836 2486 sit
2876 2428 3308 2487 consideranda
3336 2443 3485 2502 qua-

1952 2523 2319 2599 drupliciter,
2340 2524 2615 2582 videlicet
2630 2523 2949 2594 humiliter,
2964 2521 3229 2593 viriliter,
3250 2519 3485 2593 utiliter,

1951 2623 2007 2678 et
2050 2618 2453 2677 infallibiliter.
2501 2619 2762 2677 Primum
2810 2620 2896 2674 est
2934 2620 3137 2674 contra
3163 2632 3488 2690 praesump-

1949 2718 2150 2772 tuosos
2164 2733 2184 2786 3
2209 2712 2568 2783 secundum,
2599 2715 2804 2771 contra
2832 2710 3200 2783 desidiosos3
3230 2710 3485 2781 tertium,

1924 2812 2155 2867 contra
2180 2807 2603 2880 infructuosos3
2636 2809 2946 2881 quartum,
2977 2807 3186 2863 contra
3210 2802 3487 2878 supersti-

1950 2903 2150 2961 tiosos

2388 2995 2391 2999 ’
2434 2975 2715 3030 Articulus
2763 2974 2997 3046 primus.

2020 3088 2519 3153 considerationis
2561 3088 2864 3168 humilitas
2909 3089 3267 3164 praenotatur
3285 3130 3305 3161 ,
3353 3103 3489 3145 cum

1952 3187 2202 3245 dicitur:
2235 3187 2319 3244 Da
2346 3188 2481 3243 mihi
2508 3186 2867 3256 intellectum
2900 3183 3005 3240 ubi
3031 3182 3341 3256 poenitens,
3364 3198 3488 3239 non

1949 3283 2067 3340 alta
2093 3281 2359 3356 sapiens,
2399 3280 2505 3338 sed
2533 3278 2857 3337 humilibus
2894 3277 3290 3349 consentiens,
3310 3275 3488 3351 spiri-

1951 3377 2173 3434 tualem
2200 3375 2525 3432 intellectus
2555 3373 2804 3446 gratiam
2841 3372 3012 3447 petit,
3044 3373 3186 3447 quia
3222 3371 3296 3428 de
3321 3375 3490 3429 natu-

1951 3470 2060 3529 rali
2106 3468 2431 3526 intellectus
2479 3466 2841 3541 perspicacia
2889 3482 3011 3523 non
3058 3464 3375 3540 praesumit.
3427 3468 3490 3522 Et

1951 3568 2130 3634 nota,
2178 3562 2344 3637 quod
2385 3566 2471 3618 est
2514 3560 2841 3617 intellectus
2882 3558 3199 3633 tripartitus
3212 3600 3233 3629 ,
3271 3556 3491 3614 scilicet

1950 3657 2205 3728 indituS,
2237 3654 2556 3729 acquisitus
2575 3696 2594 3724 ,
2622 3653 2868 3711 infusus,
2900 3655 2963 3710 ln
2990 3652 3185 3727 primo
3223 3650 3487 3709 obscuri-

1949 3756 2036 3810 tas
2060 3772 2075 3822 ;
2110 3750 2171 3807 in
2216 3749 2476 3807 secundo
2521 3747 2877 3819 maturitas;
2923 3747 2985 3803 in
3035 3745 3202 3803 tertio
3241 3744 3483 3819 puritas.

1949 3849 2025 3904 De
2054 3845 2248 3919 primo
2289 3842 2561 3901 scribitur
2596 3841 2675 3898 ab
2713 3840 2992 3915 Apostolo
3021 3839 3044 3872 ⁹
3074 3860 3091 3896 ε
3129 3859 3156 3892 «
3194 3838 3488 3896 Testificor

1949 3940 2012 3996 in
2047 3938 2324 4008 Domino,
2348 3938 2415 3993 ut
2429 3936 2555 4008 jam
2587 3949 2709 3992 non
2738 3932 3084 4003 ambuletiS,
3114 3933 3261 3990 sicut
3288 3935 3488 4006 gentes

1949 4032 2260 4090 ambulant
2297 4031 2360 4087 in
2389 4028 2641 4086 vanitate
2671 4043 2876 4085 sensus
2917 4027 3039 4097 sui,
3068 4025 3322 4084 tenebris
3352 4025 3490 4084 obs-

1950 4131 2220 4185 curatum
2244 4124 2528 4182 habentes
2555 4122 2935 4179 intellectum.
2962 4141 2990 4177 n
3021 4125 3149 4180 Non
3176 4122 3327 4179 sicut
3352 4137 3489 4194 gen·

1948 4227 2064 4292 tes,
2108 4218 2213 4277 sed
2270 4218 2417 4275 sicut
2465 4216 2674 4274 fideles
2729 4214 3087 4282 ambulant,
3128 4214 3233 4290 qui
3285 4214 3488 4272 divina

1948 4315 2379 4389 perscrutantes
2423 4310 2664 4384 eloquia
2683 4351 2705 4378 ‚
2751 4308 3116 4381 spiritualem
3161 4309 3488 4367 intellectus

1951 4409 2200 4484 gratiam
2229 4407 2557 4464 reverenter
2595 4400 3009 4477 expostulant3
3038 4402 3198 4460 'sicut
3244 4408 3444 4475 gentes
3465 4446 3484 4473 ,

1948 4520 2073 4563 non
2119 4502 2268 4560 sicut
2310 4499 2517 4556 fideles
2569 4495 2906 4563 ambulant,
2950 4496 3054 4570 qui
3101 4494 3311 4554 eadem
3353 4511 3486 4569 per-

1950 4596 2199 4679 scrutari
2235 4593 2475 4667 eloquia
2514 4588 2841 4648 secundum
2872 4589 3202 4648 naturalem
3228 4588 3485 4646 intellec·

1937 4698 2044 4760 ,tus
2069 4687 2495 4765 perspicaciam
2531 4685 2919 4742 irreverenter
2955 4686 3255 4741 attentant.
3289 4686 3365 4739 De
3393 4699 3484 4740 se-

1951 4786 2149 4846 cundo
2173 4787 2218 4824 ¹⁰
2261 4801 2275 4840 :
2319 4802 2347 4837 α
2393 4782 2489 4838 Vir
2538 4782 2599 4837 iu
2643 4778 2841 4837 multis
2885 4784 3158 4853 expertus
3207 4778 3488 4852 cogitabit

1952 4881 2172 4949 multa,
2198 4882 2255 4936 et
2282 4876 2384 4951 qui
2411 4874 2599 4932 multa
2627 4872 2863 4938 didicit,
2895 4872 3193 4930 enarrabit
3227 4870 3484 4929 intellec·

1951 4980 2076 5034 tum
2094 4995 2114 5048 ;
2144 4995 2171 5028 υ
2207 4972 2311 5030 ubi
2357 4971 2673 5040 tanguntur
2716 4965 2851 5023 duae
2879 4964 3279 5040 acquisitionis
3319 4964 3484 5021 diffe-

1950 5069 2150 5128 rentioe
2195 5086 2210 5124 :
2265 5080 2414 5134 una,
2459 5076 2566 5135 per
2611 5059 2774 5117 viam
2818 5059 3184 5134 experientiae
3204 5078 3222 5132 ;
3271 5059 3486 5130 altera,

1949 5181 2056 5239 per
2082 5162 2241 5220 viam
2268 5154 2568 5216 doctrinae.
2590 5158 2669 5211 De
2698 5153 2866 5211 tertio
2897 5152 3039 5212 dicit
3063 5154 3376 5228 Apostolus
3402 5152 3438 5187 ¹¹
3466 5173 3481 5210 ε

1949 5318 2010 5329 -
2042 5293 2054 5320 “’
2083 5290 2247 5348 loun„
2288 5297 2358 5347 vi,
2386 5285 2464 5333 3⁴,
2489 5307 2552 5318 —
2579 5282 2597 5310 ⁸
2622 5280 2666 5330 11
2697 5280 2835 5345 Κεφ,
2863 5291 2939 5341 ix,
2966 5281 3014 5331 7.
3044 5307 3107 5317 —
3133 5284 3152 5310 ‘⁸
3181 5260 3384 5346 Ephesi„
3415 5291 3483 5344 lv,

1952 5365 2025 5413 Π.
2058 5387 2120 5398 -
2146 5362 2184 5396 ¹⁰
2209 5356 2390 5417 Eccli„
2417 5365 2597 5416 xum,
2618 5356 2666 5403 9.
2700 5378 2754 5389 -
2787 5353 2826 5388 ²¹
2857 5351 3062 5417 Coloss„
3092 5364 3128 5416 1,
3159 5356 3205 5405 9.
