4196 6294
649 432 768 493 uo

645 564 768 628 erit
793 564 1111 648 reparatio
1136 563 1338 629 divini
1380 562 1622 642 cultus,
1662 580 1812 627 cum
1841 560 2194 645 replebitur

646 671 984 756 prophetia
1024 670 1388 736 Ezechielis,
1432 669 1697 748 Quando
1738 669 2073 734 descendet
2114 668 2194 732 de

647 779 807 843 coelo
836 779 1100 844 civitas:
1133 797 1263 843 non
1292 777 1552 862 quidem
1587 776 1730 857 illa,
1762 796 1908 860 quae
1936 795 2193 841 sursum

648 891 774 965 est3
815 888 927 953 sed
952 888 1061 953 illa
1088 906 1236 971 quae
1264 886 1565 951 deorsum
1593 890 1722 965 est,
1757 886 1995 950 scilicet
2020 884 2192 948 mili-

650 997 792 1058 tans
812 1043 828 1074 ,
866 995 1122 1078 quando
1172 995 1294 1060 erit
1335 994 1681 1059 conformis
1724 993 2188 1076 triumphanti,

650 1102 999 1166 secundum
1037 1101 1211 1185 quod
1261 1101 1553 1185 possibile
1603 1102 1799 1166 estin
1855 1102 1996 1181 via,
2042 1105 2195 1165 tunc

649 1208 776 1273 erit
800 1209 1208 1273 reaedificatio
1232 1209 1284 1274 ci
1293 1209 1529 1290 vitatiS,
1546 1213 1610 1273 et
1629 1209 2011 1274 restauratio
2030 1208 2196 1271 sicut

650 1334 691 1379 a
714 1316 1057 1399 principio,
1103 1321 1166 1380 et
1196 1322 1348 1381 tunc
1376 1335 1505 1400 pax
1534 1318 1675 1382 erit.
1722 1317 2045 1394 Quantum
2073 1333 2193 1379 au-

649 1426 781 1487 tem
816 1424 1074 1489 durabit
1127 1425 1240 1489 illa
1281 1444 1408 1508 pax
1429 1474 1451 1505 ,
1504 1425 1671 1490 Deus
1726 1425 1933 1490 novit.
1985 1423 2198 1504 Igitur

650 1549 801 1596 cum
829 1532 953 1597 sint
980 1530 1224 1616 septem
1251 1538 1540 1616 tempora
1561 1571 1589 1613 ,-
1625 1537 1689 1597 et
1733 1533 1801 1596 in
1828 1532 2031 1597 veteri
2069 1535 2195 1595 tes-

649 1644 931 1706 tamento
958 1644 1024 1705 et
1042 1642 1110 1705 in
1137 1660 1308 1706 novo
1328 1690 1349 1720 ,
1385 1641 1540 1706 etin
1559 1640 1844 1724 quolibet
1869 1641 2193 1721 triforme,

649 1749 757 1813 vel
782 1750 849 1813 in
877 1750 1166 1832 quolibet
1193 1750 1316 1814 tria
1351 1750 1479 1814 sint
1503 1798 1521 1827 ,
1570 1749 2003 1832 septenariuS,
2037 1748 2200 1812 mul-

652 1857 974 1941 tiplicatus
1019 1876 1136 1941 per
1173 1861 1527 1924 ternarium
1574 1860 1674 1923 bis
1696 1907 1720 1951 2
1771 1859 2200 1943 quadraginta

652 1966 783 2030 duo
801 1966 948 2031 facit
968 1984 986 2029 ε
1017 1972 1081 2029 et
1104 1966 1233 2030 illae
1253 1971 1405 2031 sunt
1424 1967 1851 2050 quadraginta
1862 1966 2008 2031 duae
2026 1984 2202 2029 man-

656 2073 871 2137 siones
889 2121 908 2151 ,
955 2073 1193 2155 quibus
1235 2075 1609 2158 pervenitur
1635 2076 1715 2139 ad
1763 2077 2002 2139 terram
2045 2091 2202 2156 pro-

655 2179 996 2244 missionis.
1046 2179 1124 2246 Et
1150 2179 1240 2243 sic
1265 2184 1478 2263 patet,
1513 2182 1837 2264 quomodo
1868 2181 2199 2264 Scriptura

653 2286 953 2350 describit
1006 2287 1440 2352 successiones
1475 2291 1841 2370 temporum
1871 2336 1889 2368 ,
1944 2290 2009 2351 et
2058 2305 2201 2351 non

654 2399 805 2459 sunt
830 2414 870 2458 a
895 2413 1048 2459 casu
1074 2399 1139 2458 et
1178 2396 1438 2459 fortuna
1458 2442 1479 2475 ‚
1528 2396 1638 2459 sed
1673 2413 1918 2477 magna
1955 2394 2073 2459 lux
2108 2398 2202 2459 est

652 2502 724 2564 in
752 2501 843 2565 eis
861 2551 880 2581 ,
911 2504 976 2566 et
997 2501 1219 2567 multae
1247 2502 1688 2584 intelligentiae
1717 2503 2097 2586 spirituales

1152 2741 1440 2813 SERMO
1485 2742 1707 2817 XVII:

661 2915 932 2983 Quomodo
967 2914 1261 2987 Scriptura
1285 2918 1462 2989 reficit
1488 2917 1815 2973 intellectum
1845 2919 1899 2973 et
1925 2896 2199 2988 affectum,

728 3010 782 3062 et
829 3008 1016 3062 anima
1056 3008 1214 3077 quasi
1257 3007 1321 3062 in
1364 3004 1631 3063 Paradiso
1681 3005 1990 3072 dematur,
2039 3010 2089 3063 et
2136 3006 2204 3064 de

730 3096 949 3154 theoriis
976 3110 1146 3152 sacrae
1172 3094 1487 3169 Scriptum.

736 3265 757 3301 ¹
774 3263 1052 3331 Protulit
1077 3272 1250 3330 terra
1270 3263 1528 3330 herbam
1548 3266 1884 3344 virentem,
1914 3267 2032 3328 etc.
2064 3263 2205 3329 Dic-

655 3375 797 3434 tum
823 3371 1118 3454 estquod
1149 3371 1312 3436 visio
1347 3370 1787 3451 intelligentiae
1823 3389 1939 3454 per
1979 3370 2200 3455 Scrip-

531 3540 534 3544 .
654 3482 870 3544 turam
897 3479 1165 3543 eruditae
1191 3482 1486 3544 versatur
1512 3479 1681 3543 circa
1707 3478 1831 3543 tria
1857 3497 1873 3541 :
1905 3477 2072 3542 circa
2101 3477 2204 3540 in-

654 3585 1040 3669 telligentias
1091 3586 1452 3670 spirituales
1469 3636 1487 3665 ,
1544 3605 1694 3670 quae
1751 3585 2204 3667 intelliguntur

654 3712 770 3777 per
799 3696 1336 3776 congregationes
1373 3712 1724 3777 aquarum3
1754 3693 1922 3758 circa
1950 3694 2202 3773 figuras

653 3802 1169 3882 sacramentales,
1219 3820 1338 3885 per
1380 3800 1915 3883 germinationem
1960 3799 2202 3863 herba-

653 3925 826 3988 rum,
854 3907 960 3974 vel
984 3909 1331 3988 arbolum3
1363 3909 1529 3972 circa
1553 3907 1835 3973 theorias
1873 3905 2202 3971 multifor-

656 4034 815 4093 meS,
843 4034 959 4099 per
984 4015 1577 4098 multiplicationem
1616 4015 1960 4094 seminum,
1997 4017 2063 4078 et
2093 4033 2204 4079 re-

652 4121 991 4187 fectionem
1050 4123 1422 4189 herbarum.
1490 4122 1635 4187 Istae
1688 4123 1882 4187 etiam
1937 4121 2203 4186 theoriae

653 4231 1005 4297 consistunt
1055 4231 1125 4295 in
1172 4232 1381 4297 tribus
1419 4255 1435 4297 ε
1469 4232 1537 4296 in
1594 4231 2204 4297 considerationibus

653 4344 1017 4423 temporum
1053 4339 1173 4403 sibi
1200 4339 1697 4418 succedentium,
1739 4356 1886 4421 quae
1917 4343 2069 4403 sunt
2096 4356 2205 4402 se-

648 4448 929 4513 ·minaria
971 4447 1305 4531 quaedam3
1358 4447 1429 4510 in
1482 4446 2034 4528 correspondentia
2089 4464 2198 4512 eo-

654 4556 981 4637 rumdem3
1004 4560 1069 4621 et
1093 4557 1162 4620 in
1189 4554 1797 4621 considerationibus
1823 4555 2202 4619 salutarium

655 4665 1095 4744 refectionum,
1123 4664 1279 4747 quia
1302 4663 1327 4698 ²
1368 4685 1400 4724 α
1430 4663 1657 4728 nonin
1685 4662 1821 4727 solo
1849 4680 2014 4744 pane
2041 4661 2205 4728 vivit

655 4772 874 4838 hom0.
896 4794 928 4833 υ
959 4769 1366 4836 Considerare
1388 4789 1669 4854 namque
1691 4770 1876 4835 debet
1900 4770 2097 4836 homo
2120 4791 2202 4837 ex

655 4898 791 4962 quo·
813 4884 1131 4963 pascatur,
1163 4876 1318 4961 quia
1345 4877 1599 4961 eloquio
1626 4876 1993 4961 Scripturae.
2024 4877 2203 4943 Unde

656 4993 752 5052 est
792 4985 1050 5068 lignum
1094 4985 1331 5049 faciens
1371 4986 1674 5051 fructum.
1726 4984 1982 5068 indiget
2028 4987 2201 5050 enim

657 5093 1010 5158 intellectus
1059 5092 1434 5171 refectione;
1496 5091 1744 5174 indiget
1795 5097 1860 5156 et
1912 5093 2204 5160 affectus.

658 5198 880 5266 Primo
923 5199 1263 5266 dicendum
1313 5198 1393 5265 de
1438 5200 1775 5265 reiectione
1820 5200 2198 5267 intellectus..

659 5307 809 5390 Sed,
846 5309 1010 5375 sicut
1048 5309 1198 5374 dicit
1240 5307 1577 5392 Apostolus
1602 5306 1626 5344 ⁸
1658 5329 1675 5375 ι
1711 5331 1743 5369 α
1777 5307 2200 5375 Laborantem

729 5435 909 5499 ⁸Gen.,
935 5447 974 5499 1,
1006 5438 1084 5486 12.
1111 5459 1175 5473 -
1201 5435 1219 5465 ²
1240 5431 1445 5498 Matala,
1478 5445 1552 5497 iv,
1578 5437 1627 5486 4.
1659 5459 1719 5470 —
1751 5433 1775 5471 ⁸
1807 5435 1849 5485 ll
1887 5436 2121 5502 Tim.,11,
2147 5441 2203 5489 6.

1704 416 2373 492 ILLUMINATIONES
2413 422 2805 495 Eccmsmt

2299 562 2650 643 agricolam
2670 568 2918 648 oportet
2935 565 3111 649 prius
3126 565 3313 632 edere
3329 566 3410 632 de
3424 558 3737 632 fructibus
3760 587 3776 630 ι
3798 582 3830 626 ι

2300 669 2456 750 quia
2477 675 2724 754 oportet
2751 673 2922 754 quod
2947 672 3322 754 praedicator
3347 673 3430 737 sit
3464 673 3749 737 imbutus
3775 674 3840 737 et

2299 778 2663 845 dulcoratus
2682 782 2749 845 in
2775 800 2866 859 se,
2887 786 2952 846 et
2974 786 3117 865 post
3134 781 3275 846 aliis
3295 785 3627 866 proponat.
3659 781 3840 847 Multi

2300 891 2517 952 tamen
2572 889 2797 954 volunt
2848 891 3049 956 videri
3104 891 3470 974 prophetae,
3522 895 3585 954 et
3632 889 3842 954 audiri

2300 997 2609 1079 tanquam
2639 998 3002 1081 prophetae3
3051 1003 3115 1063 et
3151 999 3334 1081 panis
3360 1017 3586 1062 eorum
3617 996 3845 1079 insipi-

2302 1101 2423 1165 dus
2451 1108 2566 1183 est,
2599 1104 2701 1168 vel
2737 1105 2904 1170 male
2939 1110 3152 1171 coctus
3189 1110 3252 1169 et
3290 1106 3600 1187 frigidus3
3634 1110 3697 1170 et
3730 1123 3842 1187 po·

2301 1207 2527 1291 pulum
2552 1211 2856 1292 detinent,
2884 1217 2946 1277 et
2973 1231 3200 1296 parum
3226 1213 3586 1296 proficiunt.
3617 1209 3848 1277 Notan-

2301 1313 2482 1390 dum,
2526 1317 2699 1397 quod
2738 1318 2901 1382 sicut
2938 1319 3185 1384 fructus
3225 1319 3494 1383 oblectat
3531 1317 3743 1384 visum
3783 1324 3847 1384 et

2302 1425 2567 1502 gustum
2589 1423 2870 1505 infame,
2896 1426 3176 1490 maxime
3202 1430 3417 1491 tamen
3439 1424 3846 1508 principalius

2305 1529 2526 1595 visum
2551 1531 2822 1598 oblectat
2848 1553 2970 1599 sua
2996 1535 3467 1618 pulchritudine
3492 1539 3558 1600 et
3584 1535 3841 1610 decore;

2309 1643 2578 1719 gustum
2616 1658 2769 1705 vero
2797 1641 3053 1707 dulcore
3095 1646 3155 1707 et
3195 1642 3508 1707 suavitate
3538 1664 3554 1705 ε
3593 1641 3685 1706 sic
3720 1640 3845 1706 ‘111ae

2307 1746 2573 1812 theoriae
2601 1749 2901 1813 reficiunt
2932 1749 3321 1831 intellectum
3349 1767 3467 1813 suo
3493 1747 3739 1827 decore,
3784 1754 3847 1813 et

2304 1854 2601 1920 affectum
2620 1875 2739 1920 sua
2756 1856 3092 1923 suavitate.
3112 1856 3245 1921 Hoc
3262 1856 3474 1920 innuit
3491 1852 3841 1937 Scriptura,

2304 1958 2517 2023 dicens
2543 1959 2565 1994 ¹·
2596 1983 2612 2025 ε
2641 1959 3058 2028 Ρωηεαυετατ
3092 1965 3307 2027 autem
3335 1961 3645 2026 Dominus
3679 1959 3844 2025 Deus

2302 2066 2691 2149 paradisum
2731 2069 3083 2150 voluptatis
3128 2086 3172 2134 a
3208 2066 3564 2150 principie,
3610 2068 3685 2133 in
3724 2082 3848 2149 quo

2303 2175 2524 2256 posuit
2548 2174 2886 2252 hominem,
2912 2179 3030 2240 etc.
3062 2174 3195 2239 Hoc
3223 2175 3464 2240 dictum
3491 2178 3589 2239 est
3612 2192 3727 2257 per
3753 2192 3851 2238 re·

2307 2281 2855 2363 capitulationem,
2891 2287 3033 2365 post
3073 2284 3411 2365 septimam
3452 2283 3655 2361 diem,
3698 2280 3850 2364 quia

2306 2389 2428 2453 ista
2455 2389 2757 2474 plantatio
2781 2391 2904 2455 fuit
2928 2392 3115 2455 tertia
3135 2391 3258 2457 die.
3289 2388 3592 2473 Sequitur
3609 2389 3630 2425 ⁶
3662 2410 3677 2453 ι
3706 2388 3851 2454 Pro-

2309 2495 2631 2579 duxitque
2655 2514 2835 2565 omne
2857 2498 3106 2581 liquam
3125 2498 3465 2580 pulchrum
3486 2499 3659 2575 visu,
3680 2500 3739 2563 et
3761 2496 3851 2562 ad

2307 2605 2686 2673 vescendum
2730 2622 2949 2673 suave.
2996 2606 3281 2687 Lignum
3327 2607 3482 2671 vitae
3530 2606 3597 2669 in
3641 2604 3851 2669 medio

2308 2713 2606 2796 paradisi,
2648 2712 2905 2796 lignum
2947 2714 3228 2779 scientiae
3273 2714 3423 2778 boni
3462 2719 3526 2778 et
3564 2712 3740 2792 mali,
3781 2718 3853 2777 ut

2310 2820 2703 2893 intellectum
2731 2840 2849 2886 suo
2876 2821 3102 2887 decore
3126 2821 3432 2900 reficeret,
3462 2824 3526 2885 et
3551 2819 3853 2885 affectum

2309 2929 2644 2995 suavitate.
2692 2928 3095 2994 Conservatio
3137 2933 3353 2993 autem
3387 2931 3525 2992 erat
3560 2927 3632 2991 in
3669 2927 3854 3008 ligno

2308 3038 2460 3102 vitae
2476 3086 2496 3117 ,
2535 3038 2590 3100 si
2631 3037 2886 3118 lignum
2930 3035 3214 3100 scientiae
3259 3039 3611 3101 caveretur.
3659 3033 3856 3100 Terra

2310 3163 2472 3227 ergo
2504 3147 2602 3210 est
2640 3143 2992 3227 Scriptura,
3021 3162 3169 3227 quae
3205 3143 3507 3227 produxit
3547 3162 3738 3210 omne
3775 3144 3856 3208 li-

2312 3270 2521 3334 gnum
2578 3251 2921 3336 pulchrum
2978 3251 3160 3331 visu,
3215 3256 3280 3316 et
3334 3251 3415 3316 ad
3466 3251 3854 3317 vescendum

2311 3378 2538 3441 suave,
2580 3359 2815 3424 scilicet
2852 3359 3274 3425 multiformes
3315 3360 3598 3424 theorias
3639 3358 3854 3425 oblec-

2310 3472 2518 3534 tantes
2550 3472 2615 3532 et
2638 3467 3024 3545 reficientes3
3059 3467 3127 3530 in
3154 3466 3446 3549 paradiso
3480 3471 3699 3532 autem
3724 3484 3854 3531 coe-

2310 3576 2451 3642 lesti
2476 3594 2608 3640 non
2635 3579 2730 3639 est
2749 3574 3055 3657 plantatio
3081 3573 3204 3638 nisi
3231 3573 3557 3638 rationum
3586 3577 3855 3639 aeterna-

2310 3703 2485 3750 rum.
2506 3682 2585 3748 Et
2605 3682 2752 3748 licet
2768 3682 2858 3746 ibi
2879 3683 2962 3746 sit
2982 3681 3238 3746 refectio
3260 3680 3339 3746 de
3361 3681 3857 3764 praedestinatio·

2311 3792 2501 3856 nibus
2535 3792 2829 3857 omnium
2855 3794 3254 3870 sanctorum,
3290 3790 3614 3872 potissime
3641 3796 3859 3855 tamen

2313 3899 2611 3983 gaudebo
2636 3899 2716 3965 de
2743 3916 2887 3964 mea
2913 3897 3490 3980 praedestmatione,
3522 3901 3585 3961 et
3607 3897 3732 3962 hoc
3756 3897 3855 3962 in-

2311 4007 2457 4072 nuit
2483 4006 2776 4072 Salvator
2802 4005 2824 4041 ⁸
2856 4023 2874 4069 :
2913 4028 2943 4066 a
2978 4004 3277 4084 Gaudete,
3307 4027 3339 4062 »
3374 4003 3603 4084 inquit,
3643 4027 3674 4066 α
3703 4004 3858 4088 quia

2311 4115 2579 4180 nomina
2603 4118 2819 4180 vestra
2843 4114 3077 4198 scripta
3105 4116 3255 4178 sunt
3287 4112 3356 4176 in
3382 4112 3579 4177 coelis.
3615 4135 3647 4172 ι»
3686 4111 3852 4179 Pau-

2310 4220 2418 4286 lus
2443 4222 2653 4305 potuit
2674 4221 2854 4305 loqui
2875 4221 2955 4287 de
2979 4219 3272 4305 paradiso
3293 4217 3551 4297 coelesti,
3576 4219 3688 4301 qui
3713 4237 3858 4302 rap-

2310 4335 2417 4394 tus
2449 4331 2571 4395 fuit
2595 4337 2687 4413 ’ῥα
2712 4347 2919 4414 usque
2954 4329 3036 4395 ad
3074 4327 3335 4392 tertium
3372 4318 3630 4391 coelum.
3658 4348 3691 4386 ι)
3728 4323 3854 4391 Nos

2313 4443 2528 4503 autem
2556 4439 2906 4517 nescimus;
2938 4436 3050 4501 sed
3074 4436 3415 4518 loquemur
3440 4434 3521 4499 de
3545 4435 3850 4500 terrestri.

2313 4543 2423 4612 Est
2449 4550 2665 4611 autem
2691 4545 2908 4610 anima
2936 4543 3291 4627 paradisuS,
3325 4544 3396 4607 in
3423 4562 3554 4626 qua
3576 4544 3859 4626 plantata

2312 4658 2410 4719 est
2435 4652 2785 4736 Scriptura,
2813 4657 2877 4717 et
2901 4652 3094 4716 habet
3122 4649 3624 4715 innumerabiles
3647 4651 3858 4717 suavi-

2312 4765 2473 4826 tates
2499 4765 2564 4826 et
2588 4761 2864 4826 decores.
2898 4758 3076 4824 Unde
3100 4759 3409 4842 scriptum
3433 4761 3528 4822 est
3548 4759 3571 4796 ⁸
3596 4773 3613 4819 ε
3642 4782 3673 4834 ᾳ
3702 4757 3857 4824 Hor-

2311 4875 2417 4935 tus
2449 4868 2817 4947 conclusuS,
2847 4884 3028 4932 soror
3057 4884 3202 4933 mea
3237 4884 3491 4950 sponsa.
3522 4889 3553 4925 ιι
3590 4864 3852 4945 Hortus,

2310 4981 2382 5045 in
2408 4997 2538 5063 quo
2565 4981 2716 5043 sunt
2745 4976 3226 5042 sacramentalia
3257 4974 3591 5058 mysteria,
3623 4977 3686 5038 et
3720 4976 3849 5058 spi-

2311 5086 2572 5153 rituales
2602 5085 3082 5168 intelligentiae;
3112 5084 3226 5149 ubi
3259 5082 3524 5148 scaturit
3547 5081 3689 5146 fons
3713 5082 3852 5164 spi-

2310 5193 2641 5261 ritualium
2690 5193 3107 5288 emissionum
3145 5215 3162 5257 :
3213 5191 3325 5256 sed
3368 5188 3710 5255 conclusus
3752 5192 3852 5255 est

2309 5385 2374 5397 —
2398 5358 2421 5394 Β
2449 5356 2593 5420 Gen„
2621 5368 2684 5423 11,
2715 5358 2791 5408 15.
2811 5383 2875 5395 -
2900 5356 2924 5392 ⁸
2949 5357 3093 5419 Gen„
3123 5367 3160 5421 1,
3191 5356 3268 5408 13.
3291 5379 3352 5391 —-
3376 5353 3400 5388 ⁸
3425 5351 3564 5415 Luc„
3590 5363 3644 5417 x,
3675 5355 3760 5405 2⁰.
3792 5378 3848 5391 --

2311 5434 2328 5464 ²
2357 5433 2399 5483 ss
2432 5431 2567 5493 Gor..
2593 5442 2690 5495 ιιι,
2716 5433 2765 5482 2.
2795 5456 2857 5469 -
2882 5433 2905 5468 ⁸
2935 5431 3104 5496 Cant„
3132 5440 3204 5490 ιν,
3233 5429 3310 5479 12.
