4196 6294
1546 493 1907 560 PSALMUS
1948 492 2209 559 CXVIII.

286 630 685 688 confirmatur.
731 631 808 685 De
853 629 1048 702 primo
1073 633 1092 667 ¹
1123 650 1141 686 ε
1174 651 1201 684 α
1228 630 1420 690 Corde
1450 628 1705 688 creditur
1746 630 1826 688 ad

279 722 580 798 justitiam.
603 743 633 776 n
666 722 766 780 Hic
801 722 1253 782 fundamentum
1282 724 1578 782 credendo
1621 723 1826 781 sterni-

281 822 398 886 tur,
427 820 484 874 et
503 816 789 874 firmatur.
821 820 899 873 De
927 818 1188 876 secundo
1212 816 1234 849 ⁸
1260 838 1273 875 :
1304 821 1464 876 «Nos
1492 818 1814 889 credimuS,

282 915 523 985 propter
551 910 716 985 quod
745 913 801 966 et
822 910 1127 985 loquimur
1149 930 1209 969 ε»
1231 912 1327 970 hic
1356 911 1655 970 credendo
1683 915 1821 970 ster-

281 1004 461 1075 nitur,
509 1008 566 1062 et
608 1004 950 1062 affirmatur.
998 1008 1075 1063 De
1114 1006 1282 1065 tertio
1310 1008 1331 1043 ³
1363 1024 1379 1064 :
1415 1025 1443 1059 α
1472 1006 1580 1076 Qui
1637 1004 1820 1063 credit

282 1101 402 1157 Deo
417 1140 439 1171 ,
470 1097 714 1157 attendit
738 1097 1030 1156 mandatis
1062 1118 1130 1156 z»
1157 1100 1253 1157 hic
1282 1100 1579 1159 credendo
1611 1100 1819 1159 sterni-

280 1194 396 1264 tur,
426 1195 483 1250 et
508 1191 685 1251 etiam
712 1192 1111 1251 confirmatur.

928 1354 1181 1422 Epilogus.
1254 1378 1257 1383 ·

347 1478 476 1534 lloec
503 1479 588 1534 est
613 1476 813 1550 itaque
838 1492 958 1536 vox
985 1477 1288 1550 Prophetae
1332 1478 1685 1538 declarantis
1714 1498 1817 1538 cu·

274 1570 564 1629 rationem
608 1570 836 1628 virtutis
884 1571 1234 1645 appetitivae.
1283 1568 1589 1630 Bom‘tatem
1620 1594 1638 1629 .·
1681 1591 1816 1633 ecce

257 1663 509 1750 ,bonitas
541 1679 751 1735 aurea,
792 1670 1082 1738 quantum
1122 1665 1196 1723 ad
1239 1664 1685 1741 dispositionem
1726 1667 1816 1725 in-

276 1755 598 1830 teriorum3
642 1760 712 1814 Et
754 1758 1107 1831 disciplinam
1145 1780 1163 1816 ε
1204 1775 1337 1817 ecce
1368 1759 1678 1835 disciplina
1720 1777 1814 1820 ar·

272 1854 482 1923 gentea
504 1893 525 1922 ,
566 1857 856 1925 quantum
900 1854 981 1912 ad
1025 1856 1518 1929 compositionem
1561 1858 1813 1917 exterio-

270 1960 443 2018 rum3
467 1947 540 2002 Et
566 1950 885 2004 scientiam.-
910 1964 1044 2006 ecce
1063 1949 1301 2008 scientia
1321 1950 1594 2024 pretiosa,
1628 1968 1814 2026 quan-

270 2042 397 2115 tum
441 2038 520 2096 ad
564 2039 992 2113 expositionem
1040 2044 1442 2116 superiorum;
1494 2049 1633 2104 Doce
1667 2064 1748 2103 me
1794 2066 1812 2104 e

269 2146 404 2188 ecce
431 2133 783 2206 practicam,
812 2150 937 2192 non
983 2136 1316 2194 theoricum
1346 2137 1806 2212 documentum3

269 2225 413 2292 Quia
460 2228 736 2285 mandatis
778 2231 892 2284 tuis
928 2229 1187 2285 credidi:
1231 2245 1364 2289 ecce
1410 2231 1551 2290 fidei
1592 2234 1808 2292 funda·

266 2323 554 2378 mentum.

810 2474 1137 2520 mstcums
1176 2476 1262 2518 111.

335 2608 424 2662 67.
470 2604 801 2677 Priusquam
846 2608 1186 2680 humiliarer,
1217 2612 1324 2666 etc.
1366 2613 1493 2669 Duo
1537 2611 1807 2670 versiculi

262 2701 684 2770 praecurrentes
725 2700 1267 2772 praenuntiaverunt
1293 2704 1654 2762 curationem
1686 2708 1808 2763 tam

263 2791 735 2865 apprehensivee‚
766 2810 951 2866 quam
990 2797 1354 2869 appetitivoe3
1401 2797 1507 2855 iste
1553 2816 1806 2874 sequens

261 2885 572 2943 annuntiat
592 2886 955 2945 curationem
980 2890 1401 2961 memorativoe,
1416 2894 1807 2965 pronuntians

262 2979 323 3036 in
351 2984 608 3054 quatuor
648 2982 775 3053 ejus
815 2982 1099 3039 membris
1148 2985 1499 3043 memoriam
1528 2989 1803 3046 commis-

260 3072 475 3144 sionis,
521 3073 855 3132 omissionis
864 3117 884 3147 ,
925 3075 1374 3150 promissionis,
1404 3083 1461 3137 et
1486 3079 1802 3140 immissio-

259 3166 352 3222 nis
383 3185 398 3223 :
429 3171 718 3241 quantum
745 3168 824 3227 ad
851 3174 1162 3244 peccatum
1190 3173 1611 3247 commissum,
1641 3193 1803 3234 man-

260 3260 467 3318 datum
517 3261 804 3319 omissum
821 3305 841 3332 ,
886 3263 1267 3337 propitiatam
1312 3267 1705 3341 promissum,
1745 3275 1803 3328 et

257 3355 542 3427 gemitum
571 3357 1043 3430 compunctionis
1066 3357 1416 3417 immissum.

754 3514 1040 3571 Articulus
1070 3519 1300 3587 pn‘mus.

325 3639 619 3707 Quantum
660 3638 741 3697 ad
780 3639 1078 3712 primum,
1124 3643 1621 3718 psalmographus
1666 3646 1746 3706 ait
1778 3667 1793 3706 2

254 3733 581 3804 Priusquam
612 3733 953 3805 humiliarer,
978 3734 1046 3791 id
1073 3739 1194 3807 est,
1220 3737 1567 3812 priusquam
1595 3755 1701 3814 per
1729 3741 1797 3799 ti-

254 3841 486 3883 morem
524 3825 682 3884 male
720 3827 1134 3887 humiliantem
1168 3832 1584 3904 praevaricaret
1614 3853 1629 3891 ε
1661 3850 1796 3894 ecce

251 3919 659 3992 praevaricatio
678 3962 700 3990 ,
733 3937 865 3978 ecce
900 3923 1127 3995 peccati
1160 3924 1519 3986 commissio.
1554 3927 1652 3985 Hic
1685 3944 1795 4003 po-

252 4018 363 4072 test
389 4014 610 4087 notari,
640 4014 812 4089 quod
851 4017 1137 4090 contingit
1165 4018 1465 4092 tripliciter
1491 4022 1648 4081 male
1683 4023 1794 4081 hu-

251 4105 467 4164 miliari
490 4124 505 4164 :
532 4106 811 4165 videlicet
830 4109 1058 4167 malum
1081 4110 1535 4187 dissimulando,
1563 4115 1794 4176 bonum

249 4199 590 4259 simulando
613 4244 633 4273 ‚
662 4202 889 4259 malurn
917 4204 1350 4263 accumulando
1382 4226 1397 4264 ε
1429 4207 1577 4267 sicut
1608 4209 1793 4268 David

250 4293 550 4352 humiliari
569 4296 816 4367 curavit,
838 4313 975 4356 cum
997 4297 1353 4358 adulterium
1380 4301 1792 4374 dissimulavit,

250 4405 389 4447 cum
423 4388 568 4446 Urioe
608 4388 965 4447 beneficium
1005 4392 1349 4466 simulavit,
1394 4411 1532 4454 cum
1569 4397 1793 4456 malefi—

250 4483 410 4541 cium
432 4484 842 4543 accumulavit.
866 4488 944 4542 De
961 4487 1158 4562 primo
1172 4485 1193 4520 ⁸
1217 4508 1234 4544 ε
1264 4508 1293 4542 «
1313 4488 1441 4547 Scio
1468 4489 1788 4565 humiliari,

249 4580 305 4635 et
334 4575 720 4647 abundare,»
749 4578 898 4637 sicut
915 4580 1221 4654 apostolici
1246 4581 1359 4640 viri
1386 4573 1576 4642 sciunt
1600 4585 1794 4644 humi·

247 4671 403 4741 lieri,
431 4671 659 4728 malum
685 4689 876 4746 poenae
896 4671 1353 4747 dissimulandO,
1383 4682 1440 4735 et
1458 4677 1788 4751 abundare,

247 4764 443 4839 ipsum
465 4764 858 4823 refocillando
880 4786 897 4838 ;
936 4767 1019 4826 sic
1045 4771 1103 4825 et
1130 4769 1433 4844 apostatici
1462 4771 1573 4829 viri
1601 4773 1791 4833 sciunt

245 4857 545 4916 humiliari
571 4858 798 4916 malum
826 4859 1013 4933 cuipae
1038 4860 1496 4936 dissimulando,
1521 4867 1579 4922 et
1604 4865 1789 4926 abun-

249 4950 391 5011 dare
411 4951 611 5026 ipsum
632 4951 1043 5011 refocillanda
1067 4956 1144 5012 De
1162 4957 1423 5015 secundo
1441 4958 1714 5018 scribitur
1729 4962 1751 4996 ⁸
1770 4978 1785 5018 ε

251 5064 281 5100 ι
303 5045 480 5116 Quasi
504 5046 876 5120 proximum,
915 5048 1086 5122 quasi
1111 5048 1350 5107 fratrem
1376 5056 1673 5127 nostrum,
1701 5055 1786 5114 sic

245 5139 731 5214 complacebam,
761 5141 933 5215 quasi
954 5140 1164 5214 lugens
1190 5147 1247 5200 et
1273 5146 1676 5220 contristatus,
1701 5150 1786 5225 sic

242 5232 605 5292 humiliabar
626 5257 675 5292 ,ι
709 5234 865 5293 Sicut
891 5236 1059 5293 novit
1082 5236 1451 5311 complacere
1477 5243 1787 5316 proximo,

307 5358 326 5393 ¹
353 5358 521 5416 Rom...
556 5372 613 5422 x,
655 5363 730 5410 10.
772 5387 834 5398 -
878 5361 902 5395 ¹
938 5361 981 5410 11
1029 5361 1168 5420 Cor„
1215 5373 1291 5425 ιν,
1333 5366 1411 5414 13.
1455 5391 1517 5403 -
1553 5368 1572 5397 ³
1602 5369 1783 5436 Eccli„

244 5439 415 5493 xxxii,
439 5431 519 5482 28.
548 5456 609 5470 -
637 5431 659 5468 δ
684 5429 898 5497 Philip„
927 5443 1003 5497 iv,
1033 5434 1108 5487 12.
1128 5459 1190 5473 -
1220 5435 1239 5466 ⁸
1263 5434 1406 5489 Ptol.
1427 5449 1606 5503 κων,
1633 5445 1787 5494 14.-

3356 494 3474 555 405

1934 633 1991 687 et
2017 612 2346 688 contristari
2373 644 2444 685 ex
2474 625 2675 684 animo
2703 621 2955 681 charitas
2984 622 3363 696 consolatrix;
3393 625 3478 682 sic

1932 722 2100 781 novit
2122 723 2492 798 complacere
2526 718 2836 794 proxim0‚
2877 719 2933 774 et
2961 716 3327 790 contristari,
3366 717 3475 776 sed

1931 832 2055 875 non
2073 833 2145 875 ex
2169 817 2398 887 animo,
2430 813 2720 873 calliditas
2747 810 3097 869 simulatrix.
3126 813 3203 867 De
3232 810 3472 869 tertio⁸=

1938 928 1967 963 α
1994 910 2236 968 Attende
2259 953 2277 981 ,
2302 926 2377 967 ne
2405 908 2681 967 seductus
2707 906 2770 963 in
2794 905 3036 963 stultitia
3062 904 3408 962 humilieris,
3441 923 3468 959 ι

1930 1005 2020 1063 Sic
2050 1005 2429 1071 seducuntur,
2465 1005 2547 1060 sic
2578 999 2987 1071 humiliantur,
3016 999 3121 1075 qui
3148 998 3470 1058 humanam

1929 1098 2351 1157 verecundiam
2383 1098 2466 1155 sie
2507 1100 2804 1168 verentur,
2846 1094 3014 1169 quod
3055 1091 3324 1152 divinam
3363 1094 3476 1152 ira—

1931 1193 2213 1251 cundiam
2242 1209 2314 1249 ex
2341 1190 2818 1266 pusillanimitate
2862 1188 3100 1264 spiritus
3127 1202 3470 1262 promeren-

1928 1292 2023 1345 tur
2038 1307 2057 1360 3
2087 1287 2236 1345 sicut
2277 1286 2367 1344 illi
2392 1289 2414 1322 '¹
2444 1284 2715 1358 contigit,
2753 1300 2935 1359 quem
2965 1284 3140 1342 timor
3182 1285 3337 1344 male
3365 1283 3476 1343 hu-

1928 1380 2185 1439 miliatus
2214 1381 2512 1439 declinare
2561 1378 2765 1437 docuit
2809 1378 2889 1437 ad
2931 1377 3323 1436 homicidium
3343 1421 3364 1452 ,
3409 1383 3475 1438 ut

1928 1476 2224 1535 declinare
2244 1479 2445 1551 posset
2470 1475 2878 1534 adulterorum
2906 1473 3337 1548 opprobrium,
3365 1474 3472 1532 sed

1926 1571 2207 1629 Dominus
2235 1571 2588 1629 abominans
2619 1568 3029 1626 simulatorum
3057 1568 3308 1641 facinuS,
3338 1583 3468 1628 ma·

1924 1662 2033 1721 luit
2058 1680 2298 1722 servum
2324 1680 2500 1721 suum
2528 1680 2664 1721 cum
2691 1662 3102 1737 peccatoribus
3128 1661 3467 1736 humiliari,

1923 1773 2108 1832 quam
2135 1774 2274 1817 cum
2296 1757 2742 1817 simulatoribus
2768 1756 3028 1831 gloriari.

2398 1917 2684 1972 Articulus
2716 1914 2991 1973 secundus.
3052 1963 3056 1967 .

1993 2044 2287 2111 Quantum
2326 2041 2406 2100 ad
2441 2040 2792 2112 secundum,
2842 2040 3012 2099 addit
3035 2060 3049 2097 ε
3072 2042 3188 2113 qu
3234 2041 3467 2115 deliqui,

1922 2136 1985 2192 id
2010 2139 2114 2207 est,
2146 2151 2252 2210 per
2289 2150 2556 2193 amorem
2584 2133 2741 2192 male
2782 2133 3256 2192 inflammantem
3294 2152 3468 2193 man-

1921 2230 2127 2287 datum
2163 2228 2474 2302 dereliqui.
2507 2232 2573 2287 Et
2607 2231 2770 2299 nota,
2823 2227 2992 2302 quod
3049 2227 3332 2286 delictum
3356 2227 3471 2286 hu-

1914 2322 2252 2395 juscemodi
2283 2321 2497 2379 accidit
2550 2326 2792 2397 propter
2847 2320 2989 2391 tria,
3038 2324 3185 2394 puta
3228 2325 3469 2395 propter

1919 2415 2373 2486 immissionem,
2401 2415 2839 2487 remissionem,
2869 2418 2925 2471 et
2953 2412 3463 2472 intermissionem.

1920 2512 2065 2567 Cum
2093 2510 2254 2568 enim
2281 2508 2572 2584 passionis
2600 2509 2811 2568 horror
2832 2507 3183 2581 immittitur,
3199 2509 3255 2565 et
3281 2508 3462 2566 ratio-

1916 2603 2010 2660 nis
2036 2604 2199 2676 rigor
2224 2604 2552 2675 remittitur,
2604 2601 3020 2678 prohibitionis
3058 2601 3236 2661 timor
3288 2602 3467 2661 inter·

1917 2696 2183 2755 mittitur.
2216 2699 2297 2755 De
2318 2698 2515 2772 primo
2544 2698 2567 2732 ⁸
2597 2716 2610 2754 ε
2647 2717 2675 2750 α
2705 2699 2924 2755 Horror
2951 2695 3163 2754 invasit
3181 2697 3378 2769 lsrael,
3404 2699 3463 2754 et

1917 2791 2168 2864 deliquit
2213 2792 2275 2849 in
2329 2792 2486 2849 Baal.
2529 2812 2556 2846 υ
2609 2791 2784 2850 lsrael
2835 2791 3244 2865 interpretatur
3296 2807 3467 2850 mens
3521 2824 3676 2869 m,

1916 2887 2102 2944 Deum
2128 2885 2359 2956 videns,
2390 2901 2497 2959 per
2543 2900 2729 2958 quam
2772 2884 3101 2942 humanam
3141 2885 3466 2961 accipimus

1914 2980 2243 3047 rationem3
2314 2981 2454 3036 Baal
2533 2977 2944 3053 interpretatur
3003 2982 3294 3052 vetustaS‚
3356 2997 3466 3055 per
3537 2977 3664 3060 ⁸2⁸1·

1914 3090 2098 3147 quam
2152 3073 2534 3146 intelligimus
2601 3074 3149 3150 praevaricationem
3192 3093 3207 3132 ε
3252 3074 3464 3137 horror

1850 3179 1853 3184 ·
1915 3184 2056 3242 ergo
2084 3169 2263 3227 Israel
2287 3168 2536 3241 invadit,
2569 3185 2706 3227 cum
2730 3168 3034 3228 horribilis
3055 3169 3255 3244 passio
3281 3170 3464 3230 ratio—

1911 3278 2052 3321 nem
2093 3262 2367 3337 pervadit
2376 3282 2395 3336 ;
2455 3262 2562 3321 sed
2611 3261 2786 3322 lsrael
2841 3262 2906 3321 in
2952 3262 3090 3321 Baal
3144 3262 3456 3340 delinquit,

1912 3356 2159 3430 quando
2175 3355 2324 3414 ratio
2352 3356 2819 3430 prohibitionem
2836 3361 3079 3432 propter
3103 3359 3457 3433 praevarica-

1911 3451 2135 3509 tionem
2159 3449 2459 3525 relinquit.
2489 3454 2568 3508 De
2605 3451 2868 3510 secundo
2894 3452 2918 3487 ⁹
2949 3469 2964 3509 ε
3004 3469 3033 3505 α
3060 3452 3303 3526 Propter
3328 3451 3457 3513 ino·
3537 3475 3544 3486 ·

1908 3544 2071 3617 piam
2100 3544 2271 3602 multi
2297 3543 2716 3619 deliquerunt3
2743 3565 2773 3600 n
2805 3544 2890 3602 sic
2918 3542 3296 3620 delinquunt,
3349 3546 3454 3621 qui

1907 3641 2152 3714 propter
2189 3631 2492 3713 passionis
2515 3638 2969 3711 vehementiam,
2999 3643 3056 3698 et
3081 3639 3329 3698 rationis
3359 3639 3453 3699 in·

1910 3732 2321 3805 constantiam,
2376 3730 2795 3807 prohibitionis
2850 3732 3254 3792 obedientiam
3282 3733 3451 3792 dere-

1905 3825 2204 3901 linquunt.
2233 3830 2312 3885 De
2340 3826 2504 3885 tertio
2521 3826 2794 3885 scribitur
2823 3826 2866 3862 ¹⁰
2896 3842 2912 3882 ε
2947 3846 2976 3880 ι
3003 3826 3154 3885 Dixit
3176 3827 3449 3902 injustus,

1907 3927 1972 3980 ut
1994 3922 2304 3997 delinquat
2326 3921 2391 3980 in
2417 3921 2752 3997 semetipso.
2783 3940 2812 3975 ιι
2847 3921 2930 3981 lta
2958 3921 3116 3996 dicit,
3171 3923 3276 3999 qui
3310 3940 3449 4000 pas-

1905 4017 2071 4076 sione
2098 4015 2392 4091 opposita,
2440 4017 2670 4074 ratione
2714 4015 3003 4089 deposita,
3044 4016 3444 4092 prohibitione

1902 4111 2251 4187 postposita,
2293 4109 2664 4186 pracvaricari
2703 4109 3003 4184 proponit.

2410 4269 2696 4329 Arrianus
2732 4272 2948 4329 tertius.

1972 4400 2266 4470 Quantum
2312 4393 2391 4455 ad
2433 4395 2691 4468 tertium,
2736 4395 3083 4469 superaddit
3111 4415 3127 4455 ε
3155 4399 3445 4472 Propterea

1902 4495 2171 4566 eloquium
2201 4497 2375 4562 tuum,
2404 4488 2467 4547 id
2498 4493 2603 4560 est,
2632 4477 2744 4547 tuae
2778 4489 3072 4564 potestati,
3128 4493 3241 4550 tuoe
3293 4493 3443 4552 veri·

1901 4585 2023 4656 tati,
2055 4591 2169 4644 tuoe
2192 4583 2395 4658 pietati
2422 4598 2756 4657 congruum
2786 4601 2801 4640 ε
2840 4583 2983 4658 quia
3019 4587 3320 4659 potestatis
3356 4592 3443 4648 est

1901 4680 2127 4753 eripere
2153 4678 2566 4753 poenitentem;
2609 4677 2890 4751 veritatis,
2948 4678 3201 4753 dirigere
3254 4682 3439 4742 confl-

1899 4777 2151 4844 tentem;
2180 4772 2429 4847 pietatis,
2484 4771 2777 4846 suscipere
2834 4770 3303 4834 satisfacientem.
3360 4780 3437 4836 De

1897 4868 2093 4943 primo
2124 4865 2426 4925 psalmista
2464 4864 2656 4924 dicit¹¹
2681 4884 2745 4923 :a
2768 4866 3105 4925 Secundum
3131 4866 3439 4944 eloquium

1898 4965 2066 5021 tuum
2093 4961 2254 5035 eripe
2282 4975 2377 5019 me
2409 4978 2475 5017 ε»
2511 4975 2646 5020 ecce
2691 4960 3001 5036 eloquium
3025 4964 3339 5036 potestatis,
3358 4966 3436 5024 De

1896 5053 2160 5113 secundo
2190 5054 2477 5129 Propheta
2493 5053 2691 5130 psallit
2717 5052 2762 5089 ¹¹
2779 5071 2794 5111 ε
2813 5073 2842 5109 α
2859 5057 3096 5115 Gressus
3120 5072 3286 5114 meos
3302 5057 3438 5116 diri-

1896 5164 1969 5222 ge
2017 5146 2346 5208 secundum
2402 5146 2710 5223 eloquium
2761 5152 2974 5209 tuum:
3019 5169 3050 5204 a
3118 5165 3252 5209 ecce
3306 5152 3433 5210 elo-

1898 5299 1919 5330 ·
1948 5294 2128 5358 Eccli„
2153 5306 2268 5361 xm,
2293 5299 2371 5346 1ο.
2398 5318 2459 5336 -—
2485 5297 2507 5332 ‘¹
2536 5298 2577 5346 ll
2604 5297 2743 5363 Rea,
2768 5309 2899 5364 xvu,
2927 5300 3003 5368 15.
3026 5323 3089 5337 -
3116 5301 3135 5331 ·
3157 5300 3286 5364 Ose„
3315 5312 3431 5366 1111,

1899 5375 1946 5420 1.
1967 5395 2029 5408 -
2047 5371 2067 5399 ⁹
2091 5369 2271 5429 Eccli„
2302 5379 2466 5433 xxvu,
2497 5373 2542 5421 1.
2565 5394 2628 5412 -
2657 5371 2692 5400 ¹⁹
2719 5367 2858 5423 Peal.
2886 5382 3045 5432 xxxv,
3075 5373 3121 5424 2.
3143 5397 3206 5410 —
3234 5372 3266 5402 ¹¹
3294 5371 3434 5428 Prae.

1894 5440 2014 5503 hoc,
2042 5442 2151 5492 170.
2179 5465 2240 5482 -
2266 5442 2302 5477 ¹¹
2331 5439 2480 5510 thid„
2511 5443 2617 5498 133.
