4196 6294
768 398 887 465 612
929 427 934 432 ’

777 557 808 594 α
835 529 1202 606 Consilium,
1231 529 1295 592 et
1321 525 1612 605 linguam
1632 574 1649 602 ‚
1690 528 1752 588 et
1781 526 2025 606 oculoS,
2071 530 2136 589 et
2180 545 2303 591 au·-

766 657 869 703 res
896 644 958 702 et
991 655 1099 701 cor
1142 635 1313 699 dedit
1339 634 1462 696 illis
1503 633 1951 712 excogitandi3
1983 656 2013 693 ι)
2050 651 2182 697 non
2222 634 2301 698 ad

765 745 1292 831 perveniendum,
1337 741 1508 806 unde
1538 741 1750 805 subdit
1786 763 1801 802 :
1841 744 1923 808 [st
1957 758 2088 809 non
2116 743 2297 809 inve-

763 859 909 923 niat
930 855 1109 921 homo
1134 867 1291 934 opus
1327 848 1492 932 quod
1521 855 1814 931 operatus
1854 855 1947 915 est
1994 851 2186 927 Deus,
2237 848 2300 913 id

763 970 881 1041 est,
901 966 978 1027 ut
1001 978 1133 1024 non
1161 959 1374 1023 veniat
1392 956 1472 1020 ad
1489 957 1822 1039 perfectam
1842 956 2295 1038 cognitionem,

761 1076 824 1136 et
851 1070 973 1133 hoc
998 1072 1254 1152 propter
1292 1064 1750 1129 dubitationem
1782 1085 1799 1126 ι
1829 1063 1923 1129 Ab
1951 1066 2145 1129 initio
2185 1081 2295 1130 us-

762 1181 973 1262 quein
1000 1178 1210 1258 finem,
1232 1174 1464 1237 scilicet
1490 1172 1642 1237 vitae
1669 1188 1824 1235 suae.
1856 1171 1876 1207 ¹
1909 1194 1940 1231 α
1980 1168 2299 1236 Memento

760 1285 933 1369 quod
971 1285 1231 1365 ignores
1281 1299 1440 1364 opus
1490 1281 1654 1361 ejuS,
1701 1281 1778 1343 de
1804 1297 1934 1362 quo
1985 1298 2298 1362 cognove-

757 1397 911 1458 runt
955 1391 1101 1456 viri.
1133 1412 1164 1450 ω
1216 1390 1295 1455 Et
1320 1390 1343 1424 ²
1373 1405 1390 1449 ε
1429 1386 1803 1466 «Intellexi,
1833 1387 2000 1469 quod
2028 1405 2296 1470 operum

757 1501 865 1565 Dei
893 1498 1135 1563 nullam
1165 1514 1414 1581 possem
1449 1495 1738 1558 invenire
1766 1494 2103 1560 rationem.
2135 1517 2166 1554 »

834 1609 920 1675 Et
948 1607 1242 1690 coqnovi,
1291 1607 1409 1666 etc.
1446 1601 1562 1666 Hic
1589 1600 1864 1665 secundo
1896 1603 2297 1668 commendat

754 1719 1127 1799 praesentem
1147 1713 1560 1793 voluptatem,
1581 1713 1645 1772 et
1661 1707 1781 1772 hoc
1794 1708 1871 1771 ad
1886 1709 2294 1790 arguendum

754 1823 1179 1889 curiositatem
1198 1844 1215 1899 ;
1249 1820 1422 1883 unde
1449 1818 1598 1881 dicit
1630 1836 1647 1882 ε
1678 1818 1761 1884 Et
1796 1820 2092 1899 coquom,
2126 1817 2301 1899 quod

752 1948 884 1998 non
915 1936 1094 2009 esset,
1125 1926 1375 2010 supple,
1420 1926 1490 1988 in
1517 1924 1619 1987 his
1662 1923 1844 1987 honis
1889 1925 2289 2005 transitoriis,

754 2039 982 2105 melius
1000 2037 1140 2104 nisi
1154 2036 1380 2111 loetari,
1408 2037 1464 2118 et
1492 2034 1694 2113 facere
1712 2032 1876 2097 bona
1895 2033 1970 2097 in
1987 2034 2129 2097 vita
2145 2049 2289 2113 sua,

753 2146 987 2210 scilicet
1010 2143 1210 2208 laetari
1238 2142 1308 2205 in
1330 2139 1541 2216 corde,
1571 2140 1775 2202 facere
1793 2138 1961 2202 bona
1976 2139 2040 2201 in
2063 2156 2256 2222 opere
2268 2162 2286 2218 ;

752 2252 857 2319 vel
885 2252 1088 2316 laetari
1130 2251 1199 2313 in
1226 2247 1495 2312 fruendo
1523 2246 1583 2308 ⁸:
1627 2268 1658 2305 α
1683 2244 1929 2327 Ubique
1963 2245 2288 2329 relinqua-

753 2380 900 2426 mus
925 2360 1112 2441 signa
1125 2356 1366 2421 laetitiae
1384 2356 1647 2430 nostrae3
1679 2373 1709 2411 υ
1745 2352 1946 2415 facere
1974 2351 2164 2432 bona,
2188 2353 2291 2417 de-

750 2468 1063 2533 lectabilia
1105 2463 1425 2548 operando
1449 2461 1472 2496 ⁸
1506 2482 1521 2525 :
1562 2484 1593 2521 α
1619 2459 1853 2524 Anima
1895 2478 2058 2538 mea,
2088 2459 2290 2524 habes

751 2576 951 2641 multa
985 2575 1149 2638 bona
1193 2572 1396 2653 posita
1431 2569 1520 2631 in*
1542 2584 1745 2631 annos
1789 2565 2138 2648 plurimos;
2195 2585 2290 2631 re-

751 2684 1027 2767 quiesce,
1058 2677 1338 2756 comede,
1365 2675 1534 2753 bibe,
1558 2673 1837 2756 epulare.
1869 2695 1900 2732 ι)
1939 2671 2114 2737 Unde
2132 2675 2284 2739 sub-

751 2793 843 2855 dit
888 2791 1233 2866 rationem,
1276 2786 1490 2849 dicens
1537 2786 1620 2861 (v.
1660 2781 1756 2864 13)
1807 2803 1823 2845 ε
1860 2781 2081 2847 Omnis
2116 2786 2287 2849 enim

751 2897 932 2965 homo
955 2896 1071 2979 qui
1091 2891 1394 2970 comedit,
1427 2895 1482 2956 et
1519 2888 1694 2966 bibit,
1724 2887 1900 2953 videt
1948 2888 2178 2955 bonum
2207 2889 2285 2955 de

750 3004 956 3071 labore
980 3017 1118 3084 suo,
1159 3000 1311 3082 quia
1336 2998 1572 3062 scilicet
1598 2996 1815 3059 statim
1855 2995 2048 3058 habet
2074 3014 2288 3060 remu-

749 3112 1177 3188 nerationem3
1199 3105 1369 3172 unde
1394 3104 1543 3170 dicit
1572 3126 1587 3167 ε
1626 3106 1719 3170 Ec
1744 3103 1854 3169 hoc
1892 3102 2131 3170 donum
2166 3106 2287 3171 Dei

749 3228 863 3290 est.
892 3223 914 3258 ⁸
943 3244 973 3281 α
1003 3219 1187 3284 Omni
1225 3213 1501 3294 homini,
1550 3212 1649 3276 cui
1693 3211 1858 3275 Deus
1902 3211 2072 3276 dedit
2118 3213 2281 3277 divi-

747 3331 891 3409 tiaS,
922 3332 983 3391 et
1007 3327 1377 3411 potestatem
1418 3320 1510 3383 illi
1543 3319 1764 3383 tribuit
1790 3323 1865 3382 ut
1891 3319 2179 3383 comedat
2203 3339 2285 3384 ex

748 3437 860 3516 εἰς,
890 3435 1132 3499 donum
1176 3430 1288 3494 Dei
1323 3432 1438 3492 est.
1462 3449 1493 3486 n
1552 3427 1771 3491 Glossa
1806 3427 2066 3507 exponit
2093 3428 2281 3508 spiri-

747 3543 1002 3608 tualiter
1032 3560 1048 3604 ε
1082 3541 1164 3606 Et
1189 3537 1476 3619 cognovi,
1504 3519 1675 3616 quod·
1693 3549 1822 3599 non
1847 3540 2006 3600 esset
2031 3535 2279 3612 melina,

746 3652 810 3715 id
837 3654 954 3730 est,
1006 3647 1254 3725 utiliuS,
1304 3644 1443 3708 nisi
1489 3640 1732 3718 loetari,
1792 3639 2022 3702 scilicet
2065 3640 2285 3705 laetitia

747 3759 1005 3821 mentia.
1035 3756 1057 3790 ⁶
1093 3777 1122 3812 «
1147 3752 1299 3816 Haec
1332 3753 1425 3813 est
1451 3749 1586 3814 vita
1612 3746 1916 3825 hominis,
1949 3750 2012 3810 et
2036 3747 2286 3811 thesau-

747 3883 859 3928 rus
897 3863 1034 3927 sine
1075 3859 1417 3923 defectione
1470 3853 1835 3918 sanctitatis,
1866 3874 1896 3912 n
1948 3855 2039 3918 Et
2075 3855 2284 3934 facere
2324 3847 2329 3852 ’

751 3974 913 4040 bona
941 3972 1015 4036 in
1047 3970 1189 4034 vita
1226 3982 1381 4043 sua,
1430 3963 1660 4026 scilicet
1698 3978 1889 4043 opera
1935 3962 2281 4027 meritoria.

747 4075 769 4114 ⁷
791 4103 822 4140 α
855 4079 1071 4160 ltaque
1100 4077 1256 4138 dum
1292 4079 1546 4153 tempus
1573 4063 1881 4131 habemus
1899 4117 1916 4147 ‚
1943 4086 2285 4151 operemur

748 4189 991 4251 bonum
1020 4181 1100 4246 ad
1122 4197 1365 4245 omnes.
1402 4177 1818 4256 Omnisenim
1844 4176 2021 4240 homo
2049 4177 2168 4257 qui
2192 4193 2288 4244 co·

748 4296 952 4362 medii
990 4299 1048 4359 et
1084 4292 1274 4368 bibit,
1307 4285 1561 4368 supple,
1601 4286 1678 4348 de
1718 4282 2045 4365 Scriptura
2073 4302 2288 4348 come-

747 4404 838 4468 dit
865 4401 1164 4477 diffieiua,
1189 4401 1252 4461 et
1280 4395 1440 4459 bibit
1464 4391 1689 4455 facilia.
1717 4391 1741 4429 ⁸
1778 4413 1810 4450 α
1830 4388 2076 4469 Venite,
2095 4394 2159 4453 et
2186 4407 2285 4454 co-

748 4510 983 4574 medite
1008 4523 1236 4590 panem
1257 4519 1498 4580 meum,
1525 4504 1586 4562 et
1613 4497 1810 4561 bibite
1827 4496 2075 4577 vinum,
2112 4499 2281 4581 quod

747 4616 968 4682 miscui
1001 4613 1203 4678 vobis.
1243 4632 1272 4669 ι)
1313 4610 1386 4675 Et
1412 4607 1524 4672 hoc
1557 4604 1795 4671 donum
1835 4603 1952 4668 Dei
1979 4607 2105 4683 est;
2131 4604 2284 4686 quia

745 4726 981 4789 scilicet
1006 4721 1477 4802 Scripturarum
1513 4710 1868 4776 intellectus
1909 4729 1948 4773 a
1994 4708 2121 4774 Deo
2166 4711 2283 4774 do-

743 4825 934 4897 natur
960 4834 1028 4893 ⁹:
1067 4852 1097 4888 <i
1124 4826 1265 4892 Non
1291 4822 1462 4906 quod
1502 4818 1884 4884 sufficientes
1927 4816 2131 4881 simus
2171 4835 2277 4882 co-

742 4943 948 5023 gitare
976 4933 1214 5019 aliquid
1236 4950 1318 4996 ex
1344 4929 1559 5007 nobis,
1590 4924 1773 5008 quasi
1824 4942 1863 4987 a
1904 4923 2127 5001 nobis;
2168 4925 2278 4989 sed

740 5043 1117 5113 sufficientia
1141 5043 1361 5105 nostra
1405 5054 1488 5099 ex
1525 5034 1652 5098 Deo
1684 5036 1800 5095 est.
1826 5053 1856 5091 n

746 5258 759 5269 ·
808 5246 824 5279 ι
858 5240 969 5305 1017,
996 5249 1176 5301 xxxv1,
1205 5237 1285 5288 24.
1316 5263 1381 5277 -
1406 5233 1426 5264 ²
1453 5230 1770 5295 Infra,‘v111,
1800 5229 1877 5279 ¹7.
1905 5252 1967 5266 —
1993 5226 2016 5263 ⁸
2039 5226 2180 5292 Sap„
2215 5240 2275 5295 11,

740 5320 786 5367 9.
813 5341 879 5355 -
914 5314 937 5346 ⁸
963 5313 1100 5373 Luc„
1127 5322 1235 5374 111,
1275 5309 1349 5358 19.
1386 5332 1446 5344 -
1485 5307 1504 5337 ⁸
1545 5301 1707 5365 Infra,
1742 5313 1792 5363 V,
1832 5302 1909 5350 18.
1944 5325 1996 5336 —
2037 5300 2059 5334 ⁸
2090 5300 2275 5366 Eccli„

740 5397 873 5447 xxx,
918 5387 997 5435 23.
1039 5409 1102 5420 -
1146 5381 1169 5416 7
1206 5378 1343 5439 Gal„
1388 5389 1468 5439 vi,
1511 5379 1586 5427 ¹⁰.
1626 5399 1687 5410 —
1729 5372 1752 5408 ⁸
1796 5375 1957 5430 Pron„
2005 5382 2091 5434 11,
2137 5375 2184 5421 5.
2213 5398 2275 5410 —

1776 384 2189 457 EXPOSITIO
2230 387 2312 455 IN
2353 383 2954 458 EGCLESIASTEN.

2493 531 2590 590 14.
2623 528 2862 608 Didici,
2894 528 3068 611 quod
3086 528 3306 595 omnia
3320 543 3529 610 opera.
3546 521 3795 594 Ostendit
3804 548 3885 594 sn-

2408 651 2525 715 pra
2550 653 2818 717 operum
2859 635 3376 718 mutabilitatem,
3420 641 3484 701 et
3520 640 3752 720 propter
3790 636 3887 701 hoc

2407 742 2807 823 reprehendit
2831 743 3168 808 hominum
3202 745 3651 823 curiositatem
3677 744 3769 807 hic
3788 748 3887 807 ter·

2406 846 2496 910 tio
2524 849 2791 914 ostendit
2817 851 3183 917 divinorum
3227 871 3493 936 operum
3528 851 3889 915 immutabili·

2405 957 2622 1036 tatem,
2652 959 2805 1040 quia
2832 978 3025 1043 supra
3052 961 3408 1025 ostenderat
3426 960 3882 1027 variabilitatem.

2405 1062 2564 1126 Dicit
2590 1083 2750 1146 ergo
2782 1087 2795 1128 :
2832 1066 3086 1148 Didici,
3114 1067 3285 1151 quod
3314 1070 3533 1135 omnia
3554 1084 3744 1150 opera,
3773 1084 3889 1150 quoe

2400 1169 2558 1251 fecit
2586 1172 2751 1239 Deus
2765 1221 2784 1250 ,
2828 1180 3238 1257 perseverant
3280 1178 3355 1242 in
3401 1182 3716 1243 oetemum.
3761 1173 3889 1238 Ecce

2401 1280 2809 1360 perpetuitas,
2858 1288 3116 1364 propter
3146 1302 3344 1366 quam
3383 1288 3598 1349 nostra
3643 1282 3887 1348 conside-

2400 1385 2567 1449 ratio
2618 1386 2776 1450 nihil
2834 1394 3037 1472 potest
3088 1391 3463 1470 immutare;
3522 1392 3684 1456 unde
3725 1390 3884 1455 dicit:

2400 1491 2544 1557 Non
2563 1509 2902 1576 possumus
2923 1499 3015 1563 eis
3032 1498 3386 1582 quidquam
3408 1498 3659 1579 addere,
3690 1498 3778 1565 vel
3794 1514 3888 1562 au-

2402 1600 2581 1680 ferre,
2613 1618 2755 1683 quoe
2790 1604 2944 1683 fecit
2972 1606 3166 1683 Deus,
3203 1612 3279 1673 ut
3315 1608 3619 1674 timeatur
3660 1628 3675 1669 ι
3727 1609 3783 1669 et
3822 1605 3892 1667 ita

2399 1723 2531 1769 non
2558 1709 2803 1772 suntin
2834 1714 3137 1792 potestate
3167 1717 3407 1779 nostra.
3436 1714 3483 1755 ¹⁰
3514 1737 3547 1775 σι
3572 1712 3704 1779 Non
3732 1711 3892 1777 addas

2400 1813 2748 1896 quidquam
2780 1818 2995 1880 verbis
3022 1819 3185 1899 ejuS,
3227 1837 3310 1883 ne
3356 1822 3670 1901 arguaris,
3715 1822 3771 1884 et
3805 1819 3893 1882 in-

2398 1920 2676 1985 veniaris
2716 1924 2996 1988 mendax
3031 1946 3046 1989 :
3076 1945 3108 1984 n
3142 1930 3206 1990 et
3231 1927 3356 1992 hoc
3395 1932 3728 2008 monstrat,
3769 1924 3898 2009 quia

2398 2028 2589 2092 etiam
2618 2048 2733 2094 nec
2760 2031 2896 2113 ipse
2924 2030 3088 2096 Deus
3121 2034 3375 2116 minuit,
3401 2054 3520 2100 nec
3537 2036 3732 2115 addit3
3754 2034 3896 2099 unde

2397 2133 2547 2198 dicit
2577 2137 2660 2219 (v.
2707 2138 2801 2218 15)
2839 2158 2856 2202 :
2892 2137 3069 2212 Quod
3098 2141 3340 2219 factum
3367 2149 3492 2220 est,
3543 2144 3745 2225 ipsum
3774 2156 3896 2224 per·

2396 2250 2796 2311 manet.·non
2826 2247 3017 2310 etiam
3062 2247 3267 2326 addit3
3300 2250 3469 2313 unde
3517 2251 3702 2314 infert
3729 2272 3745 2314 ι
3772 2251 3896 2327 Quoe

2394 2352 2622 2431 futura
2646 2361 2819 2434 sunt,
2840 2355 2983 2436 jam
3014 2357 3305 2436 fuerunt,
3337 2359 3492 2441 quia
3519 2359 3745 2424 similia
3767 2375 3898 2441 prae·

2395 2467 2719 2526 cesserunt
2732 2484 2749 2540 ;
2763 2463 2935 2527 unde
2945 2463 3190 2528 etdicit:
3208 2467 3382 2532 Deus
3399 2469 3746 2547 instaurat,
3757 2464 3898 2551 quod

2396 2566 2589 2646 abiit,
2619 2568 2771 2650 quia
2811 2569 2850 2605 ¹¹
2902 2570 3144 2635 «unius
3182 2575 3503 2657 corruptio
3550 2580 3644 2641 est
3675 2575 3899 2640 alterius

2396 2675 2746 2756 generatio,
2778 2696 2810 2735 ι)
2850 2678 2893 2712 ¹²
2925 2700 2955 2738 α
2976 2677 3147 2742 Nihil
3172 2698 3416 2745 novum
3443 2684 3566 2747 sub
3609 2683 3762 2763 sole,
3803 2698 3900 2746 nec

2392 2780 2563 2844 valet
2581 2781 2919 2864 quisquam
2935 2785 3142 2849 dicere
3163 2808 3177 2850 ε
3202 2784 3335 2851 Hoc
3352 2807 3571 2855 recens
3587 2796 3698 2856 est.
3714 2790 3824 2851 »¹⁸«
3840 2787 3902 2852 Et

2393 2890 2706 2971 requievit
2746 2890 2941 2973 Deus,
2962 2914 2993 2952 n
3041 2894 3106 2958 id
3136 2899 3231 2959 est
3258 2899 3558 2977 cessavit,
3589 2897 3902 2964 secundum

2392 2994 2783 3061 Bernardum
2803 3046 2820 3075 ‚
2849 3000 3053 3064 facere
3090 3019 3325 3067 novam
3368 3009 3723 3072 creaturam
3769 3028 3797 3066 α
3819 3004 3902 3068 die

2392 3104 2679 3186 septimo,
2709 3126 2742 3164 »

2473 3210 2697 3276 Incidit
2732 3213 2837 3278 hic
2864 3215 3167 3298 quaestio,
3208 3235 3357 3282 cum
3399 3220 3688 3287 intendat
3722 3222 3900 3287 deter-
3922 3232 4051 3294 oua

2392 3318 2638 3383 minare
2710 3322 3149 3388 mutabilitatis
3214 3328 3599 3412 vanitatem,
3656 3333 3727 3394 ut
3775 3326 3905 3412 quid

2392 3424 2770 3491 determinat
2785 3429 2890 3492 hic
2911 3434 3392 3514 perpetuitatem
3411 3437 3442 3498 Ἰ
3472 3437 3727 3502 videtur
3750 3440 3906 3500 extra

2394 3551 2584 3597 suum
2631 3524 3048 3619 propositum.
3091 3540 3248 3605 Item
3292 3543 3369 3608 de
3409 3544 3553 3626 ipsa
3595 3546 3899 3629 quaeritur,

2392 3641 2545 3721 quia
2575 3642 2768 3708 dicit:
2809 3645 3048 3727 Opera,
3093 3665 3233 3729 quoe
3262 3651 3416 3729 fecit
3450 3653 3663 3734 Deua,
3718 3667 3906 3736 perse·

2392 3755 2617 3816 verant
2659 3753 2732 3817 in
2795 3761 3126 3820 oeternum.
3180 3755 3303 3821 Sed
3350 3758 3532 3824 nulla
3585 3758 3907 3844 corporalia

2392 3863 2802 3937 perseverant
2823 3860 2890 3924 in
2922 3867 3235 3926 aeternum
3265 3885 3280 3927 ε
3314 3883 3471 3947 ergo
3500 3867 3683 3932 nulla
3707 3883 3905 3949 corpo-

2393 3962 2551 4026 ralia
2583 3965 2725 4030 fecit
2767 3966 2933 4032 Deus
2967 3990 2982 4032 ε
3013 3987 3171 4051 ergo
3216 3972 3379 4036 redit
3431 3974 3555 4039 hoc
3601 3976 3682 4040 ad
3720 3976 3906 4039 haere⁴

2393 4069 2514 4132 sim
2542 4070 2904 4153 Manichaei,
2958 4077 3070 4158 qui
3118 4076 3282 4143 dixit
3325 4081 3760 4165 corruptibilia
3797 4097 3910 4145 non

2394 4193 2527 4240 esse
2550 4183 2760 4243 creata
2788 4200 2826 4243 a
2845 4181 3013 4246 bono
3039 4182 3188 4249 Deo.
3225 4183 3383 4249 Item
3422 4187 3716 4268 videtur,
3760 4184 3912 4271 quod

2392 4281 2525 4365 ipse
2555 4287 2937 4352 contradicat
2965 4289 3110 4370 sibi,
3140 4292 3299 4374 quia
3344 4294 3562 4359 statim
3592 4296 3868 4380 sequitur
3895 4314 3909 4357 :

2394 4390 2561 4457 Deus
2614 4393 2981 4475 instaurat,
3025 4398 3197 4479 quod
3241 4399 3456 4468 abiit:
3483 4419 3651 4484 ergo
3693 4399 3916 4486 aliquid

2393 4495 2470 4559 de
2497 4499 2793 4580 operibus
2831 4502 2942 4566 Dei
2985 4508 3443 4594 corrumpitur,
3483 4515 3549 4575 et
3572 4512 3909 4577 instaurat:

2391 4602 2622 4668 falsum
2649 4606 2855 4688 igitur
2882 4609 3058 4689 dicit,
3089 4630 3236 4677 cum
3264 4615 3450 4681 dicit:
3484 4617 3725 4686 Omnia
3744 4630 3915 4702 opera

2391 4712 2929 4795 Deiperseverant
2955 4719 3031 4783 in
3051 4728 3383 4788 oecernum.
3428 4723 3553 4790 Sed
3592 4728 3763 4810 quod
3788 4743 3913 4789 om·

2390 4818 2498 4883 nia
2538 4839 2730 4904 opera
2756 4823 2867 4887 Dei
2903 4826 3031 4890 sint
3070 4828 3605 4913 incorruptibilia,
3654 4839 3730 4900 ut
3783 4831 3919 4899 dicit

2389 4924 2460 4989 in
2488 4927 2715 5008 littera,
2745 4932 2996 4998 videtur
3013 4937 3184 5019 quod
3203 4957 3395 5004 causa
3410 4945 3474 5005 et
3489 4943 3758 5008 effectus
3780 4942 3918 5006 sunt

2388 5037 2882 5116 proportionalia
2912 5059 2930 5105 ε
2976 5061 3137 5125 ergo
3183 5063 3391 5111 causae
3433 5048 3920 5135 incorruptibilis

2387 5232 2407 5263 ⁸
2437 5233 2474 5282 II
2510 5233 2649 5298 Corn,
2678 5248 2771 5302 111,
2798 5240 2847 5290 ὅ.
2880 5264 2942 5278 -
2973 5240 3009 5272 ¹⁸
3043 5244 3208 5308 Pron„
3240 5254 3378 5308 xxx,
3406 5247 3453 5297 6.
3487 5270 3552 5284 -
3591 5247 3632 5284 ¹¹
3670 5249 3844 5314 Arist„
3867 5246 3921 5299 de

2385 5301 2641 5427 ἔξυς’-αι,
2661 5307 2752 5366 lib,
2782 5310 2823 5373 I,
2854 5314 2982 5362 text.
3008 5314 3160 5364 ¹7.-
3188 5314 3228 5349 ¹²
3255 5318 3436 5382 Supra,
3464 5322 3505 5383 l,
3535 5322 3691 5373 ¹0.-
3720 5323 3759 5360 ¹²
3786 5321 3918 5383 Gen„

2433 5412 2452 5440 ,
2515 5413 2528 5427 .
