4196 6294
687 383 806 446 4¹2

685 514 1051 591 superiorem
1075 514 1157 574 ad
1177 513 1507 589 justificatis
1532 514 2073 589 magnificationem
2098 512 2227 571 ani-

683 626 798 667 mae
837 609 1181 668 attinentem
1220 609 1430 668 audire
1467 625 1785 685 possumus
1824 610 1888 667 in
1931 606 2224 683 proesenti.

685 706 815 763 naec
855 705 1053 762 autem
1093 703 1330 761 bonitas
1372 704 1635 761 animam
1671 702 2051 776 justificatam
2093 717 2224 759 ma-

685 798 954 872 gnificat,
979 798 1369 871 provehendo
1394 798 1683 856 rationem
1711 797 1794 855 ad
1822 812 2090 856 amorem
2115 811 2222 852 ve-

686 891 902 963 ritatis,
940 890 1092 949 sicut
1124 890 1379 949 ostendit
1416 891 1827 965 quaternarius
1866 890 2129 966 primus,
2172 893 2231 947 et

687 984 1060 1043 affectionem
1086 983 1168 1043 ad
1193 1000 1461 1043 amorem
1496 984 1822 1055 charitatis,
1853 984 2003 1042 sicut
2034 987 2228 1041 osten-

689 1079 779 1137 dit
803 1078 1125 1137 secundus.
1152 1077 1321 1136 Ratio
1348 1082 1545 1136 autem
1572 1077 1921 1152 provehitur
1953 1078 2033 1135 ad
2059 1092 2229 1135 amo-

687 1188 818 1231 rem
846 1171 1102 1231 veritatis
1127 1171 1461 1242 indicantis,
1487 1170 1862 1243 laetificantis,
1884 1169 2229 1244 judicantis,

687 1265 1061 1326 rectificantis
1077 1308 1096 1337 ,
1145 1270 1212 1323 ut
1254 1265 1482 1341 patebit
1531 1266 1594 1324 in
1649 1270 1907 1340 quatuor
1957 1264 2231 1323 versibus

686 1360 958 1435 proxime
984 1360 1387 1435 sequentibus.
1418 1363 1630 1419 Versus
1660 1360 1914 1434 primus,
1949 1359 2104 1418 sicut
2126 1374 2234 1435 pa-

686 1458 769 1512 tet
795 1470 869 1513 ex
895 1456 1153 1529 quatuor
1180 1453 1465 1512 membris
1494 1455 1651 1527 ejus,
1683 1454 1945 1513 declarat
1980 1469 2234 1528 provec-

686 1553 814 1606 tum
856 1548 1101 1607 rationis
1145 1547 1224 1606 ad
1271 1564 1539 1606 amorem
1577 1548 1840 1606 veritatis
1882 1546 2198 1605 indicantis
2209 1566 2228 1620 ;

687 1642 977 1717 quoniam
1009 1641 1073 1699 in
1106 1641 1235 1716 ipso
1272 1641 1606 1715 postulatur
1644 1657 1748 1700 ore
1781 1641 2132 1716 prophetico
2145 1682 2166 1711 ,
2195 1658 2232 1699 a

686 1735 1131 1808 magnificentia
1152 1734 1502 1806 divinitatis,
1531 1734 1799 1794 affectiva
1823 1734 2229 1806 humanitatis,

688 1829 997 1888 influentia
1022 1829 1280 1887 veritatis
1296 1872 1314 1900 ,
1344 1828 1664 1889 indicativa
1697 1829 2089 1903 imperatoriae
2117 1844 2230 1888 vo-

687 1922 929 1982 luntatis
958 1941 973 1980 τ
1004 1939 1140 1981 ecce
1168 1922 1487 1997 postulatio
1512 1922 1740 1996 fidelis,
1768 1908 2085 1994 fiducialis,
2111 1923 2228 1980 hu-

688 2017 847 2077 milis
874 2021 933 2076 et
955 2017 1132 2076 utilis.

1183 2169 1466 2227 Articulus
1506 2172 1737 2243 primus.

760 2302 850 2361 Ad
883 2302 1146 2377 primum
1187 2302 1467 2377 pertinet,
1511 2304 1682 2378 quod
1723 2303 1983 2362 dicitur:
2032 2307 2233 2361 Manus

690 2402 816 2454 tuoe.
859 2396 1175 2455 Enimvero
1220 2412 1433 2455 manus
1476 2396 1598 2455 istas
1635 2413 1760 2455 non
1798 2397 2075 2472 physice,
2125 2396 2233 2454 sed

686 2490 1088 2565 metaphorice
1127 2495 1263 2548 sunt
1309 2489 1525 2548 divinas
1568 2491 1740 2564 signa
1782 2490 2230 2562 munificentiae,

687 2583 813 2641 sive
854 2583 1171 2642 divinitatis
1213 2584 1561 2656 magnificas.
1603 2587 1668 2642 Et
1700 2589 1873 2655 nota,
1901 2585 2067 2659 quod
2106 2600 2234 2642 ma·

686 2694 801 2735 nus
823 2677 1052 2736 Domini
1070 2677 1345 2735 videntur
1371 2677 1625 2735 attestari
1654 2677 1981 2753 aliquando
2013 2679 2231 2736 divinae

686 2771 994 2845 potentiis,
1028 2770 1355 2844 aliquando
1391 2771 1721 2845 sapientiae,
1758 2772 2082 2846 aliquando
2121 2773 2233 2831 bo-

687 2864 896 2922 nitati:
921 2864 1195 2938 potentioe
1216 2864 1458 2938 quippe,
1490 2868 1774 2939 tanquam
1802 2865 2070 2922 omnium
2093 2881 2237 2937 ope·

687 2958 922 3026 rativae3
951 2957 1276 3032 sapientias,
1319 2962 1608 3032 tanquam
1646 2958 2054 3030 ignorantium
2094 2959 2232 3016 illu-

687 3051 988 3110 minativae
1001 3071 1020 3124 3
1050 3051 1297 3110 bonitati
1324 3067 1588 3126 quoque,
1620 3056 1905 3125 tanquam
1931 3051 2234 3110 infirman-

689 3146 837 3205 tium
871 3145 1167 3204 sanativae.
1212 3149 1289 3204 De
1324 3145 1520 3220 primo
1551 3149 1568 3181 ²
1598 3167 1612 3204 ε
1651 3169 1679 3199 «
1718 3147 1910 3220 Opera
1943 3162 2233 3206 manuum

689 3244 928 3299 tuarum
953 3255 1030 3298 ne
1060 3239 1349 3315 despicias
1380 3259 1395 3297 z
1424 3262 1453 3295 n
1489 3256 1623 3299 ecce
1650 3256 1863 3299 manus
1891 3241 2229 3315 operativae.

690 3335 770 3393 De
806 3333 1071 3392 seeundo
1096 3337 1120 3371 ²
1152 3351 1168 3391 e
1202 3353 1233 3388 α
1259 3337 1323 3392 ln
1350 3334 1628 3393 manibus
1663 3334 1978 3394 abscondit
2014 3336 2233 3407 lucem,

692 3432 751 3488 et
774 3427 1038 3503 praecipit
1064 3427 1145 3499 ei,
1176 3430 1243 3485 ut
1267 3444 1470 3486 rursus
1508 3429 1785 3488 adveniat
1819 3447 1834 3487 ε
1868 3451 1896 3482 »
1931 3446 2066 3488 ecce
2102 3446 2232 3488 ma·

691 3537 804 3580 nus
840 3520 1262 3580 illuminativae.
1297 3524 1374 3580 De
1408 3521 1576 3580 tertio
1608 3525 1630 3559 ⁸
1658 3540 1675 3580 :
1710 3542 1740 3578 α
1767 3524 2232 3598 Increpationem

694 3614 923 3675 Domini
967 3631 1042 3673 ne
1087 3615 1403 3689 reprobeS,
1450 3615 1593 3689 quia
1645 3616 1772 3691 ipse
1824 3618 2100 3675 vulnerat
2111 3660 2132 3690 ,
2176 3620 2235 3675 et

690 3710 993 3782 medetur3
1021 3710 1301 3784 pereutit,
1332 3713 1390 3767 et
1423 3725 1637 3768 manus
1664 3710 1790 3783 ejus
1824 3712 2124 3770 sanabunt
2151 3729 2167 3768 ε
2199 3731 2228 3765 n

692 3819 829 3863 ecce
856 3818 1069 3862 manus
1094 3803 1390 3863 sanativae.

1164 3963 1447 4021 Articulus
1482 3963 1759 4022 secundus.

762 4088 852 4147 Ad
888 4088 1216 4145 seeundum
1253 4088 1482 4158 attinet,
1520 4088 1685 4164 quod
1723 4089 1997 4148 subditur
2033 4108 2048 4148 ε
2078 4094 2234 4149 Fece-

689 4189 820 4241 runt
846 4198 949 4251 me,
981 4186 1033 4240 et
1055 4185 1456 4254 plasmaverunt
1478 4199 1559 4240 me
1586 4202 1601 4239 :
1636 4185 1701 4240 ut
1734 4183 1910 4242 factio
1949 4183 2236 4243 referatur

691 4277 771 4335 ad
810 4276 1117 4335 hominem
1155 4276 1525 4349 interiorem;
1554 4277 1870 4350 plasmatio
1915 4281 2116 4336 autem
2153 4278 2235 4337 ad

691 4370 1063 4428 exteriorem.
1092 4369 1195 4427 Vel
1222 4369 1387 4428 aliter
1414 4389 1429 4427 z
1462 4373 1719 4428 Fecerunt
1746 4388 1851 4443 me,
1875 4372 2235 4432 seminaliter

691 4462 755 4521 in
779 4462 1155 4537 primordiali
1191 4464 1468 4535 materia;
1499 4467 1551 4520 et
1584 4466 2024 4536 plasmaverunt,
2055 4466 2236 4539 origi-

693 4557 904 4616 naliter
930 4558 995 4614 in
1020 4555 1456 4632 protoparentis
1489 4572 1776 4631 persona,
1816 4557 1892 4615 de
1929 4574 2054 4633 qua
2089 4575 2234 4634 pro-

695 4652 868 4709 cessit
908 4650 1186 4709 universa
1231 4650 1610 4708 humanitatis
1662 4653 1890 4708 natura.
1941 4656 2006 4710 Et
2055 4656 2199 4710 nota
2215 4694 2236 4723 ,

695 4744 863 4819 quod
900 4744 1182 4803 Dominus
1213 4743 1427 4816 legitur
1452 4741 1676 4816 facere,
1708 4745 1767 4800 et
1799 4744 2093 4818 plasmare
2132 4744 2234 4802 tri·

694 4837 923 4912 pliciter
965 4856 981 4894 z
1028 4837 1394 4913 quandoque
1442 4835 1792 4910 generaliter
1800 4856 1819 4910 3
1866 4825 2235 4913 quandoque

695 4933 1062 5007 specialiter3
1110 4932 1478 5007 quandoque
1526 4930 1919 5005 singulariter.
1971 4931 2236 4990 Primum

694 5027 930 5101 respicit
953 5029 1283 5086 creaturam
1314 5025 1712 5097 mundanam3
1743 5025 2102 5096 secundum,
2131 5042 2238 5084 na-

693 5124 890 5180 turam
914 5121 1277 5195 humanam3
1314 5120 1580 5191 tertium,
1619 5120 2067 5179 determinatam
2106 5135 2238 5196 per-

758 5247 774 5281 ¹
805 5246 939 5298 Ρεαι.
971 5257 1208 5311 cxxxvn,
1237 5252 1285 5300 8.
1315 5275 1376 5287 -
1402 5249 1426 5283 ²
1451 5247 1560 5311 lob,
1589 5259 1774 5311 xxxvi,
1800 5249 1880 5298 32.
1904 5273 1965 5286 -
1993 5247 2014 5282 ⁸
2039 5247 2151 5310 Job,
2181 5263 2235 5311 v,

699 5320 777 5372 Π.
807 5345 862 5356 -
895 5319 921 5357 ⁸
950 5317 1090 5372 Ptol.
1125 5331 1323 5386 unu,
1359 5322 1436 5373 Π.
1466 5343 1531 5358 -
1568 5320 1587 5352 ⁸
1616 5318 1802 5384 Exti„
1832 5328 2030 5383 xxvm,
2063 5323 2139 5374 13.
2173 5345 2237 5361 —-

1716 374 2136 447 mosmo
2177 376 2261 444 IN
2304 376 2834 445 PSALTERIUM.

2336 528 2565 571 sonam.
2603 515 2681 572 De
2706 514 2903 599 primo
2934 517 2958 551 ⁴
2987 531 3004 571 ε
3039 534 3069 570 α
3093 519 3177 574 Tu
3211 516 3393 575 fecisti
3429 534 3637 578 omnes
3672 524 3858 582 termi-

2335 622 2447 665 nos
2471 610 2670 678 terrai,
2697 612 2985 681 aestatem,
3016 612 3072 666 et
3107 625 3230 681 ver,
3259 614 3324 668 tu
3345 605 3657 685 'plasmasti
3684 632 3754 674 ea
3788 636 3852 674 t»

2337 716 2471 758 ecee
2498 700 2690 759 facere
2717 704 2775 759 et
2793 702 3090 777 plasmare
3115 709 3382 778 respectu
3406 712 3686 766 creaturae
3706 727 3861 769 mun-

2337 793 2528 851 dante.
2571 797 2649 852 De
2693 794 2954 853 secundo
2987 799 3008 832 ⁸
3053 814 3069 853 ε
3107 817 3134 849 α
3159 798 3332 867 Quasi
3374 798 3563 857 lutum
3602 802 3770 875 figuli
3805 806 3860 862 in

2336 901 2521 946 manu
2550 887 2736 962 ipsius
2759 889 3054 963 plasmare
3082 895 3141 947 et
3166 890 3480 964 disponere
3509 894 3664 952 illud
3695 915 3712 951 :
3744 912 3862 954 om·

2336 996 2443 1039 nes
2482 981 2588 1039 vioe
2623 982 2752 1055 ejus
2777 982 3104 1041 secundum
3131 983 3573 1058 dispositionem
3599 990 3758 1062 ejus3
3788 990 3862 1048 sic

2336 1075 2521 1134 homo
2554 1076 2618 1133 in
2655 1093 2840 1135 manu
2879 1076 3069 1148 illius,
3108 1079 3213 1153 qui
3253 1096 3315 1137 se
3353 1080 3532 1139 fecit:
3565 1103 3594 1136 n
3627 1098 3762 1141 ecce
3789 1082 3865 1141 ta·

2339 1184 2472 1227 cere
2510 1174 2568 1229 et
2601 1169 2897 1245 plasmare
2931 1176 3199 1244 respectu
3226 1178 3447 1233 namra!
3471 1176 3766 1236 humanoe.
3794 1181 3864 1237 De

2337 1263 2507 1322 tertio
2532 1263 2555 1297 ⁸
2586 1282 2603 1322 t
2638 1284 2668 1319 α
2693 1266 2894 1324 Manus
2922 1269 3035 1323 tuoe
3059 1265 3322 1325 fecerunt
3353 1284 3485 1340 me,
3521 1273 3580 1328 et
3611 1270 3862 1345 plasma·

2338 1361 2552 1414 verunt
2588 1374 2685 1415 me
2716 1362 2907 1416 totum
2941 1358 3004 1415 in
3044 1360 3291 1418 circuitu
3323 1379 3338 1419 ε
3369 1382 3399 1417 ι
3432 1376 3569 1421 ecce
3603 1364 3793 1423 facere
3815 1372 3867 1423 et

2336 1450 2633 1522 plasmare
2661 1455 2929 1526 respectu
2957 1452 3357 1514 determinatae
3383 1473 3681 1531 personae.
3717 1480 3732 1495 ·

2844 1612 3130 1669 Articulus
3170 1616 3381 1671 tertius.

2411 1735 2500 1795 Ad
2534 1737 2771 1794 tertium
2806 1742 3059 1813 spectat,
3099 1739 3267 1813 quod
3302 1739 3543 1799 additur
3573 1762 3589 1800 ε
3637 1745 3722 1799 Da
3744 1745 3867 1799 mihi

2341 1832 2699 1900 intellectum,
2735 1831 3082 1904 inspirando
3122 1832 3576 1892 intellectualem
3611 1836 3869 1893 luculen-

2339 1922 2481 1980 tiam
2502 1965 2518 1992 ,
2575 1939 2685 1997 per
2729 1923 2946 1982 divinae
2997 1925 3256 1984 veritatis
3307 1927 3712 2001 effulgentiam
3729 1973 3745 2000 ‚
3797 1931 3868 1987 ad

2340 2017 2672 2076 acuendam
2719 2018 3045 2077 humanam
3089 2020 3557 2095 intelligentiam.
3607 2027 3676 2081 Et
3709 2029 3868 2092 nota,

2342 2110 2509 2184 quod
2550 2110 2958 2170 intellectualis
2998 2111 3318 2172 luculentia
3362 2114 3649 2174 divinitus
3695 2117 3868 2191 inspi-

2339 2208 2503 2263 ratur
2528 2205 2608 2262 ad
2644 2205 2755 2263 tria
2786 2225 2801 2263 :
2845 2207 2926 2263 ad
2953 2207 3374 2281 quaerendum,
3403 2210 3483 2267 ad
3516 2211 3866 2280 videndum,

2340 2297 2422 2357 ad
2456 2297 2796 2357 fruendum.
2838 2300 3033 2358 Prima
3077 2305 3163 2359 est
3207 2302 3505 2375 sapientiae
3544 2303 3866 2363 initiativa:

2339 2390 2601 2449 secunda
2626 2393 3005 2467 provectiva3
3049 2394 3216 2452 tertia
3255 2396 3595 2470 perfectiva.
3643 2401 3719 2456 De
3758 2397 3866 2471 pri·

2341 2501 2442 2543 ma
2468 2485 2667 2559 psallit
2696 2488 2992 2561 Propheta
3013 2490 3036 2525 ⁷
3071 2506 3086 2546 :
3126 2510 3154 2543 «
3190 2495 3272 2548 Da
3312 2489 3461 2547 mihi
3486 2490 3868 2560 intellectum,

2342 2583 2399 2636 et
2424 2579 2735 2637 scrutabor
2769 2580 2965 2653 legem
3005 2586 3168 2641 tuam
3209 2602 3225 2640 z
3264 2604 3294 2637 ι)
3335 2583 3431 2640 hic
3462 2585 3685 2658 petitur
3717 2584 3870 2642 intel-

2340 2672 2526 2731 lectus
2557 2672 2787 2731 donum
2832 2673 2912 2732 ad
2966 2677 3373 2750 quaerendum.
3422 2681 3500 2734 De
3526 2679 3867 2738 παιῶνι

2347 2786 2376 2820 α
2395 2768 2478 2825 Da
2505 2767 2651 2825 mihi
2679 2767 3062 2840 intellectum,
3085 2775 3151 2827 ut
3175 2772 3358 2829 sciam
3378 2772 3666 2831 mandata
3688 2777 3816 2830 tua:
3842 2792 3866 2825 ι

2339 2862 2438 2921 hic
2463 2862 2624 2920 idem
2652 2863 2882 2921 donum
2919 2866 3134 2939 petitur
3171 2866 3250 2923 ad
3276 2866 3629 2925 videndum.
3666 2872 3744 2926 De
3772 2872 3871 2925 ter-

2341 2956 2421 3014 tia
2455 2958 2477 2992 ⁹
2517 2974 2533 3013 ε
2566 2975 2594 3009 «
2630 2956 2992 3015 Intellectum
3028 2959 3108 3016 da
3133 2960 3278 3017 mihi
3298 3003 3316 3030 ,
3357 2965 3415 3018 et
3438 2960 3645 3019 vivam
3676 2980 3691 3018 ε
3728 2984 3755 3016 ιο
3785 2952 3872 3017 hic

2340 3050 2538 3125 ipsum
2593 3051 2823 3110 donum
2878 3052 3093 3126 petitur
3160 3053 3240 3110 ad
3292 3053 3636 3113 fruendum.
3696 3056 3870 3115 Primo

2341 3143 2528 3202 modo
2553 3144 2767 3218 petitur
2806 3144 2868 3203 in
2903 3146 3210 3220 proposito
3238 3167 3254 3205 ε
3296 3164 3438 3207 nam
3474 3150 3646 3223 quod
3673 3149 3872 3225 petitur

2340 3237 2422 3296 ad
2449 3237 2819 3312 discendum,
2838 3239 2936 3297 vel
2959 3241 3364 3314 scrutandum,
3389 3242 3609 3317 petitur
3634 3244 3716 3303 ad
3735 3259 3873 3318 quae-

2340 3331 2619 3390 rendum.

2825 3471 3109 3547 Artictdus
3145 3477 3399 3544 quartus.

2414 3612 2502 3670 Ad
2560 3615 2837 3686 quartum
2879 3613 3147 3690 respicit,
3195 3615 3365 3689 quod
3416 3617 3866 3690 superadditur:

2351 3710 2417 3766 Ut
2463 3709 2665 3766 discam
2711 3708 2974 3780 mandata
3028 3714 3143 3766 tua.
3193 3709 3350 3767 Nulli
3403 3709 3692 3785 dubium,
3736 3711 3868 3786 quin

2341 3802 2613 3861 divinum
2648 3802 2997 3861 mandatum
3031 3803 3130 3861 vel
3157 3802 3473 3878 imperium
3507 3804 3582 3863 sit
3625 3807 3867 3880 impera-

2340 3895 2505 3955 torioe
2554 3896 2873 3954 voluntatis
2929 3896 3236 3954 indicium.
3296 3898 3385 3956 Ad
3430 3899 3609 3971 hujus
3665 3900 3864 3957 divium

2341 3990 2659 4048 voluntatis
2718 3989 3001 4049 devotum
3049 3990 3437 4049 ministerium
3495 3992 3868 4052 indicandum

2342 4099 2449 4156 per
2493 4083 2705 4142 divinae
2749 4083 3006 4142 veritatis
3043 4084 3448 4156 magisterium
3464 4128 3483 4157 ,
3511 4086 3749 4145 anhelat
3773 4100 3867 4141 vo-

2344 4176 2583 4234 luntatis
2608 4178 2883 4235 humanae
2900 4177 3088 4252 pietas
3111 4193 3220 4252 per
3248 4177 3628 4238 desiderium.
3659 4185 3721 4239 Et
3745 4180 3871 4237 nota

2343 4271 2600 4330 breviter
2625 4315 2643 4339 ,
2699 4271 2867 4345 quod
2922 4270 3148 4329 discere
3202 4271 3514 4334 debemus„
3545 4273 3866 4348 tripliciter,

2341 4364 2616 4423 videlicet
2654 4364 2998 4437 diligenter,
3028 4365 3351 4438 patienter,
3375 4365 3707 4439 sapienter:
3749 4363 3869 4422 dili·

2341 4463 2548 4533 genter
2571 4459 2817 4534 quidem
2855 4460 3137 4518 discimus
3155 4504 3175 4532 ,
3209 4461 3258 4518 si
3294 4462 3596 4519 veritatem
3632 4460 3867 4520 scientias

2341 4540 2696 4626 retinemus3
2740 4556 3025 4629 patienter
3071 4555 3380 4625 discimus,
3424 4555 3473 4613 si
3508 4558 3866 4630 asperitatem

2344 4648 2715 4721 experientiae
2740 4648 3094 4706 sustinemus
3109 4667 3126 4721 3
3166 4649 3459 4722 sapienter
3487 4649 3796 4720 discimus,
3822 4644 3865 4701 si

2343 4742 2734 4801 sinceritatem
2770 4743 3140 4801 conscientiae
3180 4743 3532 4802 obtinemus,
3571 4747 3647 4801 De
3686 4742 3864 4817 primo

2343 4836 2615 4894 scribitur
2652 4837 2695 4875 ¹⁰
2729 4853 2742 4894 :
2781 4855 2810 4890 «
2847 4837 3104 4895 Herodes
3123 4880 3143 4909 ,
3187 4838 3342 4896 clam
3396 4837 3617 4895 vocatis
3665 4835 3861 4908 Magis,

2344 4929 2652 5004 diligenter
2692 4930 2900 4989 didicit
2942 4931 3020 4990 ab
3068 4933 3150 4990 eis
3205 4937 3436 5006 tempus
3488 4931 3702 5001 stellae,
3749 4943 3864 5004 quoe

2345 5024 2618 5098 apparuit
2645 5025 2729 5082 eis
2760 5044 2773 5082 :
2809 5048 2836 5079 ι»
2873 5042 3006 5084 ecce
3046 5026 3312 5085 discendi
3351 5026 3674 5099 diligentia.
3720 5022 3863 5083 Acci-

2343 5119 2578 5192 piamus
2604 5133 2807 5176 secure
2837 5119 3232 5193 diligentiam,
3255 5135 3379 5179 non
3405 5119 3689 5178 discentes
3714 5113 3864 5177 mali·

2345 5246 2365 5277 ⁶
2390 5242 2505 5304 lob,
2532 5254 2593 5306 x,
2627 5244 2699 5293 ¹8.
2736 5269 2797 5281 -
2832 5245 2849 5275 ⁷
2884 5244 3021 5294 Psal.
3064 5244 3190 5309 hoc,
3223 5246 3302 5298 34.
3341 5271 3402 5284 -
3439 5246 3457 5277 ⁸
3498 5242 3644 5309 thid„
3689 5245 3862 5295 ¹25.-

2343 5317 2366 5354 ⁹
2392 5314 2540 5378 thid„
2572 5316 2679 5366 ¹44.
2711 5341 2766 5352 -
2797 5317 2838 5352 ¹⁸
2860 5316 3065 5381 naeth„
3092 5329 3152 5380 11,
3181 5319 3231 5369 ·1.
