4196 6294
1307 437 1384 505 IN
1425 435 1995 504 HEXAEMERON.
2042 434 2306 504 SERMO
2347 434 2534 503 xvn.

321 573 565 656 hortuS,
595 579 660 640 et
681 574 825 640 tons
846 575 1165 655 signatus,
1197 574 1351 657 quia
1376 591 1509 638 non
1538 575 1710 657 patet
1735 573 1860 636 im·

322 683 604 760 mundis,
658 683 771 746 sed
816 680 941 745 illis
984 681 1061 746 de
1107 680 1342 764 quibus
1371 682 1390 716 ¹
1427 702 1442 744 :
1481 704 1511 741 α
1551 679 1742 745 Novit
1782 680 1860 762 (α)

322 789 504 864 DeuS,
537 789 651 873 qui
683 793 836 853 sunt
861 791 1020 870 ejus,
1056 810 1087 846 ι)
1127 787 1311 852 Hunc
1338 788 1598 852 hortum
1627 793 1867 852 aeterna

323 898 633 981 sapientia
652 896 886 977 diligit,
910 900 972 960 et
991 895 1155 959 circa
1173 914 1324 960 eum
1346 899 1671 973 versatur3
1693 896 1866 959 unde

324 1006 390 1069 in
434 1004 889 1071 Ecclesiastico
930 1003 1196 1068 dicitur¹
1234 1025 1249 1066 ε
1294 1026 1324 1061 α
1350 1002 1492 1084 Ego
1542 1003 1704 1066 sicut
1753 1002 1868 1066 ssu-

324 1113 468 1177 vius
513 1112 705 1176 Dorix
744 1111 918 1175 exivi
956 1113 1033 1174 de
1075 1110 1388 1194 paradiso.
1422 1132 1452 1169 »
1498 1109 1656 1173 Item
1696 1109 1868 1172 bunc

324 1219 584 1284 hortum
602 1219 842 1300 rigavit
857 1218 984 1298 ille,
1009 1218 1121 1301 qui
1140 1235 1363 1281 omnes
1380 1217 1642 1300 plantat.
1662 1216 1868 1294 Quam

326 1329 500 1392 enim
522 1326 977 1409 plantationem
1002 1327 1135 1408 ipse
1159 1343 1289 1388 non
1314 1325 1577 1407 plantat,
1604 1322 1713 1387 illa
1735 1342 1870 1387 era-

324 1434 660 1499 dicabitur.
693 1434 716 1469 ⁸
751 1456 782 1493 «
809 1432 1026 1497 Omnis
1055 1433 1383 1515 plantatio,
1416 1454 1447 1491 n
1489 1432 1699 1513 inquit
1736 1431 1863 1510 ille,

336 1560 574 1624 «quam
587 1559 716 1605 non
735 1539 1047 1624 plantavit
1068 1538 1270 1618 Pater,
1287 1561 1318 1597 ι)
1346 1542 1464 1602 etc.
1486 1536 1790 1619 Sequitur
1808 1535 1865 1598 ⁸:

336 1649 562 1726 «Dixi,
600 1648 830 1730 rigabo
874 1651 938 1711 et
983 1646 1310 1711 inebriabo
1357 1645 1652 1724 hortum,
1682 1664 1713 1700 ι)
1748 1647 1866 1717 etc.

326 1755 513 1839 Rigat
567 1762 783 1821 autem
838 1754 1154 1836 sanguine
1172 1802 1191 1834 ,
1247 1770 1376 1835 quo
1430 1768 1722 1834 aspersus
1777 1755 1873 1814 est

322 1865 504 1943 liber,
532 1870 595 1929 et
617 1864 829 1929 omnis
857 1862 1164 1947 populus;
1187 1863 1359 1945 rigat
1389 1861 1713 1926 affluentia
1738 1860 1874 1942 Spi-

322 1973 487 2037 ritus
513 1973 711 2036 sancti
750 1971 1072 2035 manantis
1108 1970 1188 2034 ab
1225 1970 1387 2052 ipso,
1430 1986 1627 2052 quam
1657 1966 1868 2050 Scrip-

323 2084 473 2144 tura
492 2080 705 2158 habet,
731 2085 793 2143 et
813 2096 1010 2161 quam
1035 2077 1404 2142 invenimus
1427 2077 1497 2140 in
1520 2075 1868 2158 Scriptura.

324 2184 477 2251 Haec
505 2191 653 2252 sunt
680 2204 837 2268 ergo
868 2186 1054 2267 ligna
1087 2185 1355 2267 pulchra
1380 2184 1551 2263 visu,
1583 2189 1729 2264 etc„
1767 2203 1874 2248 ra-

322 2295 495 2359 tione
528 2296 857 2360 fructuum
886 2295 1306 2377 pulchrorum
1343 2297 1407 2357 et
1434 2292 1740 2357 dulcium.
1787 2290 1873 2356 De

326 2404 662 2468 refectione
694 2402 1049 2469 intellectus
1084 2401 1444 2466 dicendum.
1485 2400 1663 2463 Sicut
1698 2401 1872 2463 enim

328 2529 557 2595 corpus
592 2512 729 2576 siue
765 2513 905 2575 cibo
942 2510 1147 2593 perdit
1182 2509 1511 2587 virtutem,
1552 2507 1868 2586 decorem,

326 2626 385 2686 et
422 2623 793 2700 sanitatem,
831 2623 926 2686 sic
959 2619 1380 2701 intelligentia
1420 2618 1704 2685 veritatis
1736 2618 1873 2683 sine

325 2750 443 2797 suo
458 2731 601 2796 cibo
625 2731 1025 2809 tenebrescit,
1056 2730 1314 2793 infirma
1332 2729 1435 2810 (b),
1460 2728 1782 2806 deformiS,
1811 2730 1873 2790 et

323 2837 638 2902 instabilis
653 2838 812 2902 fitin
840 2837 1145 2902 omnibus
1174 2858 1189 2900 ε
1214 2840 1463 2918 oportet
1481 2852 1644 2915 ergo
1668 2834 1868 2898 refici.

321 2942 484 3008 Hinc
508 2950 623 3024 est,
650 2946 821 3028 quod
844 2964 1026 3010 mens
1055 2943 1444 3025 vagabunda
1471 2961 1604 3007 non
1629 2942 1872 3005 habens

315 3051 561 3131 cibum,
592 3052 908 3133 discurrit,
943 3057 1008 3117 et
1034 3056 1128 3117 est
1154 3051 1490 3116 instabilis.
1521 3050 1543 3084 ⁸
1580 3072 1610 3109 ιι
1638 3048 1869 3113 Ρ6663-

316 3162 459 3224 tum
491 3162 777 3243 peccavit
811 3160 1213 3226 Hierusalem
1245 3182 1261 3223 ι
1303 3163 1637 3242 propterea
1670 3157 1868 3220 insta-

312 3267 464 3332 bilis
498 3269 664 3334 facta
700 3274 794 3334 est
813 3293 831 3349 ;
863 3293 893 3330 n
933 3275 997 3334 et
1032 3271 1173 3334 ideo
1210 3271 1410 3351 ejecta
1440 3267 1518 3332 (16
1553 3267 1866 3349 paradiso,

312 3381 621 3458 vagatur,
644 3381 709 3441 et
733 3377 840 3443 dat
873 3400 904 3437 (ι
918 3396 1193 3460 quaeque
1221 3376 1496 3460 pretiosa
1525 3375 1604 3439 ad
1620 3374 1872 3439 refocil-

308 3482 582 3548 landam
602 3485 928 3549 animam»
950 3484 1255 3548 miseram
1267 3483 1693 3548 etinssrmam.
1719 3479 1871 3545 Haec

310 3592 494 3655 enim
545 3592 754 3674 passio
802 3591 1259 3672 instabilitatiS,
1313 3591 1574 3655 miseria
1628 3608 1872 3672 magna

307 3702 428 3760 est.
478 3696 750 3781 Propter
785 3700 959 3783 quod
999 3699 1165 3763 nihil
1204 3698 1443 3780 saniuS,
1489 3698 1613 3760 nisi
1654 3700 1728 3761 ut
1766 3715 1873 3762 re-

304 3806 725 3888 stringantur
776 3807 1193 3888 cogitationes
1210 3855 1230 3886 ,
1285 3825 1368 3869 ne
1420 3809 1748 3885 vagentur
1801 3805 1870 3868 in

306 3912 591 3978 malum.
618 3913 793 3979 Unde
818 3913 1090 3979 loannes
1118 3913 1452 3978 Cassianus
1472 3912 1494 3947 ⁸
1520 3912 1698 3978 venit
1719 3931 1869 3977 cum

304 4023 542 4087 multis
587 4023 670 4087 ad
717 4022 1059 4105 quemdam
1112 4025 1401 4085 sanctum
1459 4024 1746 4103 patrem;
1808 4025 1871 4084 et

302 4134 709 4214 conquestus
744 4133 841 4194 est
877 4130 956 4193 (16
989 4129 1398 4193 instabilitate
1436 4127 1865 4209 cogitationiS,

299 4243 369 4303 et
391 4239 582 4322 quod
606 4239 677 4301 in
698 4237 876 4301 nullo
901 4240 1148 4320 poterat
1170 4239 1430 4300 firmare
1455 4235 1867 4301 intellectum.

302 4345 385 4411 Et
428 4347 552 4411 1116
591 4344 918 4428 respondit
952 4368 967 4409 :
1010 4368 1041 4405 α
1082 4343 1149 4408 Si
1189 4344 1297 4408 illa
1342 4362 1489 4427 quae
1534 4363 1871 4428 nunquam

299 4459 578 4520 versata
601 4454 854 4518 fuerant
878 4454 948 4517 in
979 4454 1188 4532 corde,
1220 4458 1372 4519 tunc
1398 4454 1804 4536 cogitabant?
1830 4476 1862 4512 υ

298 4560 695 4646 Respondit,
735 4561 906 4644 quod
942 4584 973 4621 α
1008 4561 1077 4625 in
1115 4565 1389 4641 tantum,
1434 4564 1607 4643 quod
1648 4562 1763 4627 vix
1793 4563 1872 4628 de

296 4672 542 4754 aliquo
569 4670 694 4735 alio
720 4669 1007 4750 cogitare
1043 4671 1310 4753 poterat,
1344 4670 1474 4734 imo
1501 4670 1693 4733 etiam
1722 4670 1869 4735 dor·

298 4779 584 4844 miendo
614 4800 629 4839 :
669 4801 700 4837 n
743 4778 851 4842 cui
886 4777 991 4842 ille
1028 4778 1217 4856 dixit,
1261 4777 1433 4861 quod
1470 4800 1501 4839 (ι
1534 4778 1696 4841 illud
1735 4782 1874 4842 erat

300 4892 586 4971 propter
622 4886 1165 4952 consuetudinem.
1199 4908 1231 4946 n
1272 4886 1444 4951 Unde
1482 4891 1730 4970 oportet
1771 4906 1875 4951 as-

298 5012 621 5060 suescere
664 4995 833 5059 circa
877 5013 1017 5059 rem
1060 4994 1373 5079 aliquam,
1423 5013 1569 5077 quae
1614 5013 1765 5060 cum
1804 4996 1874 5059 in

298 5107 611 5168 mentem
645 5102 915 5181 venerit,
946 5120 1079 5167 non
1113 5104 1194 5166 sit
1230 5103 1419 5169 mala.
1465 5103 1617 5168 Haec
1656 5108 1873 5172 autem

367 5232 384 5262 ¹
418 5231 465 5280 n
503 5229 662 5289 Tim„
688 5240 748 5291 11,
774 5230 853 5279 19.
882 5253 945 5264 -
971 5230 990 5258 ²
1013 5227 1192 5289 Eccli„
1223 5239 1365 5295 μιν,
1396 5234 1482 5294 4¹3
1512 5231 1575 5280 de
1603 5231 1703 5282 hoc
1733 5231 1873 5297 vide,

301 5305 438 5352 tom.
472 5303 522 5364 1,
559 5312 682 5365 pag.
717 5302 792 5364 1⁰,
820 5305 933 5350 not.
954 5313 1066 5352 e.—
1090 5301 1112 5335 ⁸
1134 5301 1338 5365 Manli„
1365 5313 1452 5363 xv,
1482 5306 1624 5353 ι3.-
1650 5303 1673 5339 ⁴
1691 5303 1874 5369 Ecoli„

300 5383 458 5437 mv,
491 5376 586 5423 42.
619 5397 676 5409 —-
712 5372 736 5407 ⁸
763 5371 958 5435 Tho-en„
995 5384 1046 5434 1,
1090 5374 1139 5435 8,
1173 5385 1228 5422 ιι.
1266 5375 1380 5410 —⁴
1403 5374 1567 5439 Cass„
1593 5374 1802 5435 Collat..
1835 5379 1874 5439 Ι,

303 5461 353 5495 c.
380 5459 479 5497 xvi
507 5450 572 5496 et
599 5458 732 5510 seq„
761 5448 813 5495 et
845 5444 952 5508 XX,
979 5457 1026 5496 c.
1057 5455 1132 5496 xn
1161 5451 1214 5494 et
1236 5457 1352 5497 1111.
1381 5473 1435 5482 -
1462 5447 1485 5482 '¹
1508 5447 1684 5510 Arist„
1711 5448 1876 5512 Rhea,

3398 449 3508 509 111

1974 577 2070 637 est
2101 571 2452 655 Scriptura,
2491 573 2604 638 ubi
2630 591 2765 639 non
2790 591 3017 656 unum,
3048 576 3159 641 sed
3187 577 3388 643 multa
3411 579 3513 643 in-

1975 679 2346 758 veniuntur,
2379 680 2445 744 in
2474 681 2710 762 quibus
2736 686 2831 746 est
2855 681 3182 748 delectatio
3214 686 3520 768 spiritua-

1973 784 2091 864 lis;
2136 789 2199 850 et
2234 787 2324 849 sic
2359 805 2491 851 non
2532 788 2851 852 exibimus
2886 790 3151 855 hortum
3189 794 3464 875 paradisi
3498 812 3515 855 ε

1976 893 2066 956 sic
2104 893 2225 956 erit
2262 894 2500 973 anima,
2532 898 2605 957 ut
2634 913 2905 977 operans
2940 901 3004 960 et
3038 899 3418 977 custodiens,
3457 905 3525 965 et

1974 999 2161 1063 faciet
2186 1000 2254 1081 (c)
2284 1000 2405 1063 sibi
2430 1019 2511 1064 ex
2534 1020 2610 1065 ea
2631 1002 2893 1067 hortum
2921 1023 3202 1089 parvum·
3219 1007 3288 1069 in
3313 1012 3523 1072 mente

1977 1107 2365 1172 deliciosum.
2407 1108 2482 1171 In
2509 1110 2629 1172 hac
2664 1111 2798 1174 sola
2834 1111 3095 1176 scientia
3128 1118 3223 1177 est
3248 1113 3518 1178 delecta-

1978 1215 2087 1293 tio,
2133 1233 2269 1278 non
2307 1215 2375 1278 in
2416 1215 2580 1279 aliis.
2628 1216 3050 1300 Philosophus
3095 1220 3246 1284 dicit
3271 1220 3316 1300 ⁷,
3349 1222 3523 1303 quod

1978 1339 2223 1402 magna
2262 1322 2593 1388 delectatio
2635 1329 2733 1387 est
2770 1325 2961 1405 scire,
3009 1328 3180 1409 quod
3218 1328 3526 1394 diameter

1979 1432 2171 1492 costae
2199 1435 2293 1493 est
2320 1436 2709 1512 asymmeter
2734 1453 2748 1493 :
2774 1432 2914 1496 haec
2938 1432 3262 1498 delectatio
3287 1436 3378 1500 sic
3399 1437 3526 1501 cito

1979 1534 2298 1616 desinenS,
2332 1554 2450 1600 suo
2480 1539 2666 1603 modo
2696 1540 2982 1603 comedat
3012 1540 3212 1605 illam.
3252 1541 3526 1623 Egredi-

1979 1646 2086 1706 tur
2131 1647 2348 1707 autem
2393 1645 2472 1709 (16
2517 1644 2839 1729 Scriptura
2877 1649 3175 1731 quaedam
3217 1649 3363 1731 lux,
3410 1671 3527 1716 seu

1979 1751 2342 1832 illustratio,
2373 1754 2441 1817 in
2468 1754 2865 1819 intellectum
2886 1759 3187 1839 junctum
3215 1759 3526 1841 imagina-

1979 1857 2163 1940 tioni,
2189 1864 2262 1923 ut
2287 1878 2418 1924 non
2446 1866 2655 1943 pateat
2678 1881 2980 1945 egressus
3006 1866 3296 1948 sapienti,
3321 1874 3385 1931 et
3406 1868 3529 1933 hoc

1980 1966 2312 2048 aspicienti
2344 1968 2534 2049 intra,
2572 1972 2775 2050 extra,
2812 1971 2997 2052 infra,
3033 1991 3250 2057 supra.
3288 1973 3530 2060 Propo-

1980 2073 2261 2155 nitergo
2288 2072 2617 2157 Scriptura
2643 2077 2778 2140 suis
2801 2078 3329 2160 pullulationibus
3357 2101 3529 2165 spec-

1978 2178 2189 2244 tacula
2215 2180 2473 2261 nobilia,
2508 2185 2583 2246 ut
2610 2182 2692 2246 ab
2721 2182 2917 2264 intra,
2949 2192 3161 2267 extra,
3194 2189 3389 2269 infra,
3420 2210 3531 2255 su-

1981 2304 2118 2370 pra,
2156 2292 2323 2367 ante,
2363 2295 2555 2369 retro,
2596 2291 3024 2373 dextrorsum,
3065 2295 3523 2377 sinistrorsum,

1980 2412 2063 2458 ex
2089 2396 2400 2477 opposit0,
2430 2397 2497 2459 in
2522 2390 2709 2480 gyro,
2752 2416 2789 2461 6
2812 2398 3190 2484 longinquo,
3222 2422 3259 2468 e
3291 2405 3521 2471 vicino.

1982 2501 2262 2567 Illustrat
2281 2504 2363 2568 ab
2385 2505 2552 2569 intra
2572 2524 2688 2590 per
2709 2507 2964 2571 interna
2979 2512 3356 2594 spectacula,
3377 2534 3525 2599 quae

1980 2615 2133 2675 sunt
2166 2612 2566 2677 rationabilia
2592 2614 2740 2679 fidei
2768 2619 2833 2679 et
2856 2616 3189 2698 radicalia;
3229 2621 3312 2685 ab
3341 2628 3525 2687 extra

1982 2723 2200 2783 autem
2243 2738 2358 2802 per
2399 2721 2694 2805 exempla
2735 2726 3126 2807 extrinseca,
3169 2728 3248 2794 de
3288 2732 3527 2813 quibus

1981 2825 2482 2910 tota‘Scriptura
2522 2838 2618 2894 est
2657 2830 2866 2913 plena.
2910 2832 2980 2897 Si
3019 2835 3119 2902 vis
3158 2839 3527 2922 exemplum

1982 2935 2325 3017 patientiae,
2352 2937 2595 3019 respice
2617 2936 2737 3002 Job
2764 2945 2826 3004 et
2849 2939 3145 3023 Tobiam;
3176 2946 3227 3009 si
3260 2965 3527 3031 magna·

1982 3040 2313 3123 nimitatiS,
2360 3046 2597 3127 respice
2642 3046 2842 3114 David
2887 3056 3105 3116 contra
3150 3053 3415 3138 Goliam,
3465 3064 3530 3123 et

1982 3149 2212 3215 Judam
2265 3151 2707 3220 Machabaeum
2747 3179 2763 3220 :
2819 3159 2874 3224 si
2919 3161 3069 3225 fidei
3112 3166 3521 3248 exemplum,

1980 3259 2306 3324 Abraham
2320 3309 2338 3341 ‚
2369 3266 2434 3326 et
2461 3262 2760 3345 Mariam,
2792 3269 2980 3348 quus
3014 3270 3172 3336 tides
3199 3276 3529 3339 transcen-

1981 3366 2075 3432 dit
2108 3369 2302 3433 ssdem
2342 3371 2638 3438 Abrahae.
2681 3375 3009 3442 Abraham
3045 3381 3307 3445 credidit
3343 3401 3527 3465 posse

1982 3494 2049 3540 se
2083 3476 2323 3542 habere
2357 3480 2567 3544 filium
2592 3481 2671 3546 de
2701 3482 2900 3547 sterili
2934 3502 3123 3565 sene;
3164 3488 3273 3552 sed
3303 3489 3523 3571 Maria,

1982 3587 2158 3668 quod
2203 3587 2391 3669 virgo
2442 3589 2796 3672 conciperet
2838 3593 2914 3655 de
2971 3591 3215 3675 Spiritu
3260 3574 3475 3662 sancto
3505 3621 3521 3663 ε

1981 3713 2195 3778 neque
2222 3696 2630 3779 concepisset,
2654 3698 2779 3761 nisi
2800 3699 3188 3766 credidisset.
3221 3705 3287 3768 Si
3315 3723 3527 3770 exem-

1981 3802 2166 3885 plum
2205 3805 2551 3884 charitatiS,
2595 3806 2744 3870 vide
2781 3805 3070 3890 Moysen,
3111 3810 3223 3892 qui
3261 3811 3422 3877 dixit
3446 3813 3468 3847 ⁸
3503 3838 3518 3877 ε

1990 3932 2022 3971 α
2051 3911 2184 3975 Aut
2208 3912 2454 3977 dimitte
2480 3913 2571 3976 eis
2597 3931 2857 3989 noxam,
2895 3922 3008 3980 aut
3038 3917 3176 3982 dele
3208 3936 3311 3984 me
3338 3920 3417 3985 (16
3444 3921 3524 3985 li-

1981 4017 2122 4096 bro,
2152 4040 2183 4078 »
2219 4024 2339 4084 etc.
2378 4017 2445 4083 Si
2476 4019 2845 4102 exemplum
2875 4021 3350 4106 misericordiae,
3376 4027 3526 4111 lege

1981 4124 2053 4188 in
2097 4124 2568 4207 EcclesiasticO,
2616 4127 2731 4191 ubi
2781 4129 3090 4211 scriptum
3133 4139 3229 4196 est
3247 4134 3270 4169 ⁹
3302 4154 3318 4198 ε
3372 4157 3403 4196 α
3445 4136 3525 4200 Hi

1980 4236 2134 4297 sunt
2165 4234 2292 4299 viri
2323 4234 2797 4315 misericordiae,
2827 4258 2859 4296 n
2893 4243 3012 4303 etc.
3051 4238 3120 4303 Si
3151 4239 3230 4305 de
3252 4244 3521 4325 justitia,

1981 4340 2381 4423 fortitudine,
2427 4342 2794 4424 prudentia,
2844 4345 3189 4427 munditia,
3229 4349 3307 4414 de
3350 4353 3528 4415 omni

1981 4449 2222 4514 virtute
2237 4449 2534 4530 honesta,
2567 4452 2861 4534 proponit
2887 4452 3003 4516 tibi
3027 4455 3276 4521 infinita
3303 4476 3526 4523 exem-

1981 4556 2120 4639 pla,
2166 4557 2318 4641 quia
2354 4557 2564 4623 virtus
2607 4559 2893 4623 consistit
2925 4560 3095 4625 circa
3131 4566 3526 4646 operationes

1982 4665 2417 4749 particulares
2441 4665 2589 4731 Ideo
2609 4685 2739 4731 non
2762 4667 2989 4734 sufficit
3008 4672 3237 4754 regula
3255 4672 3525 4738 interius

1983 4775 2308 4856 directiva,
2351 4775 2475 4839 nisi
2512 4778 2882 4860 exemplum
2922 4778 3084 4843 adsit
3122 4782 3522 4863 particulare.

1984 4882 2064 4948 Et
2111 4884 2253 4949 ideo
2301 4881 2635 4966 Scriptura
2680 4891 3030 4970 utrumque
3077 4890 3290 4972 ponit,
3346 4897 3410 4957 et
3453 4893 3532 4959 de

1986 4998 2259 5075 utroque
2309 4992 2478 5057 dedit
2528 4995 2851 5075 regulam.
2907 4994 3082 5061 Unde
3138 4997 3210 5062 in
3260 5000 3530 5069 Prover-

1987 5099 2116 5167 biis
2165 5101 2400 5166 dicitur
2425 5102 2470 5137 ²⁰
2505 5123 2521 5165 :
2573 5123 2605 5162 α
2645 5101 2990 5186 Responsio
3031 5106 3259 5189 mollis
3286 5109 3531 5194 frangit

1986 5220 2075 5271 lib.
2129 5221 2180 5283 1,
2215 5233 2260 5271 6.
2296 5219 2367 5267 De
2407 5219 2686 5284 impossib,
2721 5221 2936 5287 Foster„
2976 5221 3063 5274 lib.
3113 5226 3159 5287 l,
3203 5228 3326 5276 text.
3370 5231 3426 5291 ὃς
3471 5229 3532 5281 de

1987 5296 2210 5359 ymerat.
2247 5290 2490 5353 Animal„
2516 5291 2604 5342 lib.
2637 5294 2700 5356 11,
2730 5307 2774 5342 6.
2811 5306 2882 5344 ιν.
2907 5322 2963 5332 -
2996 5295 3221 5360 Ἐπεὶ,
3247 5310 3419 5363 xxxn,
3451 5305 3529 5353 32.

1988 5367 2093 5404 ...⁹
2133 5363 2309 5427 Eccli„
2344 5374 2486 5428 xmv,
2526 5367 2604 5415 1⁰.
2642 5391 2706 5403 —
2737 5367 2775 5401 ¹⁰
2800 5365 2964 5433 Prov„
2993 5378 3080 5434 xv,
3112 5375 3157 5422 ι.
3198 5373 3346 5436 -(α)
3387 5372 3526 5440 Vulq.

1992 5447 2262 5511 Cognovit.
2294 5473 2348 5484 -
2382 5445 2452 5510 (b)
2479 5446 2567 5497 ΔΙ.
2592 5447 2783 5503 infima.
2812 5476 2876 5488 —
2904 5452 2963 5516 (c)
2993 5451 3123 5507 Coet.
3146 5457 3272 5510 edit.
3298 5459 3436 5514 tacit.
