4196 6294
102 1358 338 1401 scutum.

1642 433 2005 501 PSALMUS
2047 435 2256 502 Lxxv
2258 436 2306 501 1.

378 572 851 652 persequuntur
893 570 1291 636 christianoS.
1340 571 1544 640 Notus
1585 575 1662 639 in
1685 570 1918 638 Judoea

380 677 550 745 Deus
571 725 588 754 ‚
666 695 783 760 per
839 678 1366 762 philosophorum
1435 680 1870 761 cognitionem
1895 728 1917 759 ,

378 785 550 850 unde
593 785 717 850 hoc
756 786 775 821 ¹
828 807 844 850 ε
886 807 916 848 ι
974 785 1135 852 Cum
1180 786 1382 852 Deum
1429 786 1914 869 cognovissent,

378 909 509 956 non
546 891 709 958 sicut
751 894 952 958 Deum
983 894 1544 976 glorificaverunt3
1573 916 1605 955 v
1636 913 1750 979 per
1789 895 1920 960 cul-

381 1003 521 1062 tum
547 1048 563 1078 ,
595 1003 671 1064 ut
701 1001 938 1067 Judaeis
962 1021 1078 1086 per
1102 1020 1388 1068 amorem
1407 1050 1428 1081 ,
1460 1002 1633 1067 unde
1674 1002 1797 1066 hoc
1834 1010 1858 1043 ¹
1894 1024 1910 1065 ε

390 1128 421 1167 ι
448 1106 770 1189 cognosco
812 1127 966 1174 oves
1012 1128 1186 1175 meas
1204 1158 1225 1189 ,
1264 1113 1327 1174 et
1372 1113 1769 1193 cognoscunt
1812 1128 1917 1175 me

382 1231 567 1279 meae.
597 1236 629 1275 n

461 1326 521 1388 4.
548 1322 809 1403 Arcum,
831 1329 1080 1392 scutum
1101 1332 1162 1392 ct
1182 1326 1494 1411 cladium.
1512 1326 1778 1391 Scutum
1788 1327 1839 1390 si
1847 1345 1918 1408 g-

377 1430 597 1496 nificat
662 1430 1088 1497 defensionem
1152 1434 1391 1517 peccati
1431 1484 1446 1512 ‚
1507 1434 1678 1499 unde
1743 1434 1912 1500 hoc:

376 1537 644 1604 Scutum
686 1539 1034 1604 rotundum
1082 1545 1216 1620 est,
1262 1546 1325 1606 et
1368 1545 1559 1625 caput
1599 1542 1913 1627 protegit:

374 1650 439 1712 et
453 1645 684 1712 dicitur
700 1649 873 1713 bona
891 1649 1222 1726 voluntem,
1247 1649 1418 1714 unde
1437 1648 1594 1714 hoc⁸
1622 1672 1638 1714 :
1671 1673 1702 1710 u
1724 1650 1917 1716 Scuto

374 1753 559 1819 bonae
609 1754 960 1820 voluntatis
1003 1758 1138 1821 tuae
1180 1757 1498 1822 coronasti
1545 1776 1734 1836 eum;
1784 1780 1815 1817 n
1855 1764 1919 1824 et

374 1860 566 1926 fldem
598 1881 616 1926 ε
662 1861 820 1927 fides
862 1863 1036 1927 enim
1070 1867 1166 1927 est
1202 1865 1440 1948 prima,
1471 1865 1635 1928 sicut
1661 1869 1917 1930 scutum

373 1969 804 2051 praeponitur,
836 1971 1007 2035 unde
1045 1971 1383 2054 Apostolus
1401 1972 1423 2007 ⁸
1455 1994 1473 2037 ε
1512 1995 1544 2034 α
1577 1972 1916 2038 Sumeutes

375 2079 628 2142 scutum
653 2077 825 2142 fidei.
871 2100 902 2137 n

451 2189 515 2248 6.
574 2183 800 2252 Omnes
850 2187 988 2254 viri
1034 2186 1433 2254 divitiarum
1484 2189 1561 2253 in
1616 2189 1915 2255 manibus

374 2294 535 2359 mic.
582 2291 746 2357 Nota
777 2315 792 2357 ε
841 2293 999 2359 fides
1035 2298 1256 2359 nostra
1270 2343 1287 2372 ‚
1319 2295 1455 2359 sive
1480 2313 1664 2360 mens
1679 2343 1701 2375 ,
1731 2294 1915 2360 debet

374 2418 507 2465 ease
546 2417 861 2480 concava,
890 2401 1045 2485 quia
1081 2406 1496 2484 repraesentat
1529 2402 1727 2468 altare
1753 2421 1910 2468 con-

373 2526 604 2575 cavum
644 2509 713 2573 in
741 2509 885 2591 lege
915 2531 931 2572 ε
966 2508 1076 2574 sed
1115 2509 1280 2574 sicut
1319 2514 1490 2575 creat
1523 2510 1687 2576 Deus
1716 2530 1912 2591 vasa,

373 2620 448 2681 ut
485 2616 647 2696 sint,
690 2616 780 2681 ita
823 2617 1024 2700 replet
1063 2636 1139 2682 ea
1156 2666 1175 2696 ‚
1205 2636 1287 2682 ne
1325 2636 1532 2684 vacua
1572 2620 1718 2683 sint.
1763 2619 1915 2684 Tale

375 2727 591 2789 autem
614 2741 728 2789 vas
749 2724 883 2790 solo
904 2724 1032 2790 Deo
1052 2725 1284 2808 repleri
1311 2730 1547 2808 potest,
1570 2727 1679 2791 sed
1705 2731 1913 2792 totum

375 2848 634 2914 corpore
648 2850 779 2896 non
798 2835 1024 2915 potest.
1049 2833 1214 2898 Deus
1227 2838 1443 2898 autem
1469 2837 1676 2917 major
1694 2838 1787 2898 est
1807 2833 1914 2898 illo

374 2956 548 3018 vase,
571 2938 681 3004 sed
699 2942 844 3023 post
859 2939 1062 3006 Deum
1088 2940 1251 3005 nihil
1270 2944 1365 3005 est
1390 2944 1601 3024 majus
1627 2942 1910 3007 homine.

375 3043 524 3110 Tale
560 3063 678 3109 vas
720 3044 901 3112 nullo
925 3045 1051 3110 nisi
1094 3046 1222 3112 Deo
1248 3047 1478 3130 repleri
1519 3052 1760 3131 potest;
1805 3049 1916 3114 sed

376 3152 501 3220 alio
516 3152 597 3237 (α)
612 3156 819 3238 potest
830 3153 1106 3219 infundi.
1127 3155 1195 3219 Si
1234 3172 1394 3236 ergo
1407 3155 1479 3218 in
1496 3154 1606 3220 tali
1632 3172 1786 3221 vase
1811 3156 1916 3220 in-

375 3261 664 3327 funditur
707 3262 1020 3346 cupiditas
1059 3264 1347 3346 pecuniae
1391 3264 1495 3331 vel
1538 3265 1783 3345 laudis,
1812 3267 1917 3332 vel

376 3368 783 3453 hujusmodi,
813 3388 947 3435 non
973 3370 1064 3434 eis
1089 3370 1412 3454 impletur,
1446 3375 1511 3438 et
1538 3372 1679 3437 ideo
1708 3374 1918 3456 magis

377 3476 510 3539 sitit
554 3476 727 3542 talia.
779 3476 846 3542 Si
886 3479 1061 3545 enim
1108 3480 1372 3562 plenum
1416 3486 1582 3546 esset
1619 3481 1754 3561 his,
1784 3500 1918 3547 non

376 3583 523 3668 plus
561 3585 786 3652 sitiret.
848 3587 971 3652 Sed
1022 3590 1177 3672 quia
1217 3590 1320 3653 his
1362 3608 1494 3655 non
1532 3596 1738 3674 potest
1792 3592 1914 3656 im-

376 3692 568 3775 pleri,
597 3694 807 3759 adhuc
826 3695 961 3760 sitit
984 3697 1167 3776 talia;
1198 3697 1308 3762 sed
1351 3699 1625 3764 saturari
1656 3700 1766 3763 hic
1787 3717 1919 3765 non

376 3803 613 3883 potest,
643 3801 796 3883 quia
831 3821 949 3867 nec
984 3804 1257 3887 impleri.
1302 3804 1418 3869 Hic
1470 3806 1703 3885 habes,
1745 3809 1919 3891 quod

377 3910 582 3988 potest
613 3908 759 3990 quis
796 3908 922 3975 Deo
959 3910 1242 3994 impleri,
1280 3913 1388 3977 sed
1415 3932 1550 3978 non
1576 3918 1783 3979 totum
1810 3934 1914 3980 ca-

379 4032 568 4097 pere;
599 4033 719 4081 nec
743 4021 950 4100 potest
971 4019 1117 4102 quis
1146 4022 1600 4104 temporalibus
1627 4024 1877 4108 impleri
1896 4076 1913 4107 ‚

379 4127 441 4187 et
476 4127 716 4205 quanto
757 4125 902 4208 plus
945 4126 1142 4191 habet
1157 4175 1175 4207 ,
1217 4133 1395 4193 tanto
1445 4130 1590 4212 plus
1632 4133 1912 4215 appetit:

379 4229 471 4294 sic
496 4231 574 4296 de
615 4249 846 4312 avaro,
876 4234 988 4316 qui
1028 4253 1363 4318 nunquam
1407 4242 1614 4321 potest
1666 4236 1913 4307 satiari.

611 4474 1012 4547 PSALMUS
1060 4477 1330 4551 DAVID
1375 4480 1676 4555 LXXVI.

458 4672 518 4731 2.
560 4666 717 4735 Voce
738 4683 881 4734 mea
906 4669 997 4733 ad
1024 4671 1375 4737 Dominum
1395 4672 1695 4742 clamavi.
1732 4675 1913 4740 Chri-

381 4778 513 4838 stus
535 4777 739 4857 potest
763 4775 885 4840 dici
913 4775 1169 4841 ldithun
1212 4779 1313 4863 (b),
1365 4780 1432 4845 id
1482 4786 1613 4859 est,
1659 4783 1913 4849 saliens.

379 4880 539 4947 Nam
562 4882 584 4918 ⁸
624 4905 655 4944 ι
681 4883 861 4948 venit
900 4884 1131 4948 saliens
1170 4886 1239 4950 in
1287 4889 1641 4971 montibuS,
1684 4893 1916 4956 transi-

378 4986 540 5054 liens
566 4989 779 5056 colles.
809 5013 841 5052 v
873 4990 1163 5057 Christus
1189 4994 1405 5079 itaque
1432 4997 1665 5062 saliens
1694 4999 1765 5063 in
1789 5004 1919 5066 tres

379 5100 629 5163 montes
656 5098 955 5164 ascendit.
986 5097 1059 5162 ln
1083 5101 1365 5183 primum
1398 5104 1467 5186 (c)
1497 5107 1777 5172 ascendit
1801 5106 1915 5173 do-

444 5225 463 5260 ¹
488 5225 644 5286 Rom„
675 5235 716 5287 1,
747 5227 826 5275 21.
852 5249 914 5261 —
940 5226 964 5259 ¹
987 5225 1334 5290 Joam,x,14.
1366 5254 1422 5265 -
1453 5229 1477 5265 ⁸
1501 5231 1634 5282 psal.
1667 5244 1719 5294 ν,
1749 5237 1824 5285 13.
1854 5261 1919 5273 --

378 5294 400 5330 ⁸
425 5296 631 5360 Ephee„
659 5307 738 5359 vi,
767 5298 844 5347 16.
871 5321 937 5335 -
963 5296 983 5327 ⁸
1012 5295 1180 5360 Cant„
1206 5301 1280 5361 11,
1301 5301 1347 5348 8.
1374 5326 1428 5337 —
1460 5302 1617 5358 Ἴσα..
1648 5316 1754 5367 m,
1777 5307 1826 5356 2.
1856 5332 1918 5346 -

380 5369 396 5399 ²
419 5366 623 5428 Nalm„
653 5378 716 5429 x,
747 5370 823 5419 u.
852 5394 913 5407 -·
941 5369 961 5399 ⁸
993 5368 1124 5419 psal.
1155 5380 1270 5429 Lm,
1303 5374 1380 5422 11.
1410 5398 1471 5409 -
1505 5376 1525 5404 ’
1550 5375 1693 5427 Psal.
1726 5389 1842 5441 cvr,
1867 5380 1918 5441 7,

379 5440 545 5504 quoad
572 5451 800 5495 censum.
830 5463 889 5481 ··—
916 5440 956 5472 ¹⁶
978 5439 1111 5492 Psal.
1141 5451 1333 5503 mxxv,
1365 5447 1442 5495 11.
1474 5472 1528 5482 -
1559 5447 1594 5480 ¹¹
1622 5448 1760 5502 Psal.
1792 5461 1844 5514 v,
1869 5454 1917 5502 9.

3447 444 3568 507 239

2024 588 2187 650 cere;
2201 572 2270 636 iu
2288 573 2663 653 secundum,
2692 573 2972 656 gloriam
2997 591 3186 640 suam
3210 574 3562 656 ostendere,

2021 680 2257 745 scilicet
2299 681 2368 744 in
2410 687 2695 748 montem
2740 683 2826 767 (d)
2873 683 3128 749 Thabor
3161 706 3179 762 ;
3223 683 3294 747 in
3337 684 3521 751 tertio
3540 734 3562 765 ,

2022 787 2259 852 scilicet
2283 788 2355 852 in
2390 793 2677 854 montem
2716 789 2942 857 Oliveti
2969 840 2993 870 ,
3024 791 3107 855 ad
3133 788 3387 856 Patrem
3415 810 3566 857 ora-

2022 912 2116 959 re.
2161 894 2378 959 Primo
2436 914 2583 961 cum
2629 899 2835 964 turbis
2878 901 2943 964 et
2980 898 3306 983 discipulis
3346 900 3570 965 assiliit

2022 1001 2090 1064 in
2123 1004 2406 1066 montem
2423 1051 2441 1083 ,
2472 1003 2565 1068 eis
2603 1005 2778 1070 solus
2816 1005 3193 1089 praedicans.
3236 1006 3524 1073 Secundo
3542 1056 3562 1088 ‚

2022 1107 2258 1172 relictis
2299 1108 2441 1172 aliis
2461 1157 2481 1188 ,
2528 1130 2676 1175 cum
2716 1113 2923 1178 tribus
2967 1113 3134 1177 saliit
3171 1114 3235 1178 in
3284 1118 3566 1180 montem

2023 1214 2300 1281 Thabor.
2330 1215 2563 1298 Terti0,
2597 1237 2821 1286 omnes
2846 1221 3230 1302 transiliens,
3260 1221 3371 1286 ubi
3394 1222 3567 1287 enim

2022 1323 2239 1388 nullus
2292 1326 2585 1409 sequitur
2611 1375 2629 1407 ‚
2677 1327 2850 1393 solus
2907 1329 3118 1409 saliit,
3168 1329 3435 1413 aequalis
3486 1331 3568 1397 ad

2022 1432 2335 1514 aequalem
2353 1480 2374 1511 ,
2406 1432 2606 1499 Filius
2649 1434 2731 1499 ad
2770 1434 3045 1501 Patrem.
3079 1435 3293 1502 Primo
3323 1437 3496 1502 saliit
3528 1458 3568 1502 a

2022 1538 2182 1604 coelo
2218 1539 2291 1603 in
2333 1540 2606 1623 virginis
2644 1545 2935 1622 uterum;
2978 1544 3254 1609 secundo
3281 1563 3321 1608 a
3344 1548 3567 1609 ventre

2022 1645 2090 1709 in
2118 1649 2377 1727 terram3
2399 1648 2611 1727 tertio,
2643 1667 2682 1713 a
2705 1653 2875 1714 terra
2902 1651 2974 1713 in
3001 1669 3276 1730 crucem;
3306 1655 3557 1735 quarto,

2023 1770 2062 1816 a
2088 1771 2274 1818 cruce
2301 1754 2371 1817 in
2399 1756 2810 1838 sepulchrum
2833 1779 2850 1836 ;
2888 1758 3137 1841 quinte,
3164 1777 3203 1823 a
3229 1758 3565 1841 sepulchro

2022 1860 2091 1922 in
2117 1859 2488 1941 infernum3
2531 1867 2735 1941 sexto,
2768 1865 2850 1928 ab
2888 1865 3138 1930 inferno
3177 1865 3257 1930 ad
3305 1865 3563 1931 coelum.

2021 1965 2223 2033 Nota:
2257 1967 2550 2051 (Juaedam
2598 1971 2916 2036 transilire
2941 2020 2960 2050 ,
3009 1976 3085 2037 ut
3123 1973 3522 2056 attingamus
3544 2023 3563 2055 ,

2023 2074 2261 2140 scilicet
2286 2075 2473 2156 vitia,
2502 2077 2663 2142 sicut
2698 2078 2945 2161 legitur
2978 2078 3058 2143 de
3086 2097 3276 2145 cervo
3303 2080 3568 2146 saliente

2020 2182 2089 2245 in
2158 2185 2506 2248 montibus.
2565 2183 2872 2261 Quaedam
2924 2186 3332 2252 transilienda
3351 2236 3369 2268 ‚
3420 2208 3568 2272 quae

2020 2291 2207 2371 tangi
2250 2309 2384 2355 non
2425 2295 2725 2374 possunt,
2756 2296 2832 2356 ut
2858 2295 3212 2359 necessaria
3241 2298 3562 2378 tempora·

2021 2396 2111 2462 lia
2136 2397 2218 2462 ad
2252 2397 2523 2462 salutem
2542 2446 2564 2478 ,
2595 2400 2766 2464 unde
2806 2399 2970 2464 hoc⁸
3003 2421 3020 2465 ε
3061 2422 3093 2462 α
3123 2400 3421 2484 Exurge,
3450 2421 3567 2469 ex-

2021 2508 2240 2569 cutere
2259 2505 2338 2570 de
2353 2505 2641 2589 pulvere,
2668 2509 2733 2571 et
2756 2506 2780 2543 ‘¹
2817 2530 2832 2571 ε
2865 2506 3105 2572 Excute
3135 2508 3206 2590 (c)
3234 2507 3568 2591 pulverem

2021 2611 2101 2677 de
2126 2611 2393 2694 pedibus
2422 2613 2583 2692 tuis3
2612 2635 2644 2674 n
2678 2617 2741 2679 et
2779 2614 2902 2679 hoc
2924 2615 2949 2649 ⁸
2978 2634 2996 2678 ε
3035 2637 3067 2677 α
3107 2614 3358 2681 Divitiae
3389 2616 3444 2680 si
3470 2617 3565 2681 af-

2021 2719 2262 2797 fluant,
2305 2720 2500 2785 nolite
2545 2737 2655 2785 cor
2696 2738 3036 2804 apponere.
3088 2744 3120 2782 n
3156 2721 3316 2788 Nota
3361 2744 3378 2788 :
3410 2723 3569 2789 Pro-

2021 2826 2214 2909 pheta
2245 2826 2477 2891 clamat
2514 2844 2631 2912 pro
2672 2827 2910 2908 deviis,
2956 2828 3128 2894 unde
3157 2829 3282 2896 hoc
3297 2831 3359 2894 ⁹:
3392 2854 3425 2893 α
3454 2831 3570 2896 De-

2022 2934 2147 2998 duc
2172 2952 2308 3013 me,
2336 2933 2636 3014 Domine,
2666 2934 2737 2999 in
2759 2935 2868 3001 via
2894 2939 3088 3001 recta.
3119 2959 3150 2996 a
3185 2936 3425 3002 Clamat
3452 2957 3568 3021 pro

2022 3041 2409 3121 viatoribuS,
2438 3041 2610 3106 unde
2648 3040 2878 3108 hoc¹⁰:
2927 3067 2959 3105 α
2998 3043 3332 3127 Ingrediar
3356 3046 3427 3110 in
3452 3065 3568 3112 ve-

2026 3152 2217 3217 ritate
2244 3155 2381 3232 tua,
2400 3172 2430 3211 n
2469 3155 2533 3215 et
2560 3150 2684 3216 hoc
2702 3152 2787 3216 ¹¹:
2829 3174 2861 3213 α
2889 3152 3111 3235 Dirige
3135 3154 3204 3217 in
3228 3159 3569 3238 conspectu

2025 3264 2139 3325 tuo
2171 3258 2340 3325 viam
2365 3276 2598 3324 meam.
2628 3281 2661 3319 ι»
2699 3259 2939 3325 Clamat
2975 3278 3093 3344 pro
3120 3260 3525 3344 pulsantibus
3541 3312 3565 3342 ,

2024 3367 2198 3432 unde
2239 3367 2361 3432 hoc
2382 3369 2430 3404 ²¹
2462 3389 2478 3432 :
2521 3390 2553 3429 α
2587 3365 2868 3432 Laetetur
2911 3386 3021 3433 cor
3064 3386 3308 3449 meum,
3365 3373 3440 3434 ut
3482 3370 3568 3434 ti-

2026 3476 2182 3541 miet
2218 3494 2457 3543 nomen
2499 3480 2708 3556 tuum,
2744 3498 2776 3537 υ
2811 3480 2877 3541 et
2902 3475 3027 3542 hoc
3060 3479 3108 3517 ¹⁸
3150 3500 3167 3541 ι
3208 3500 3239 3537 α
3267 3477 3521 3543 Pulsate
3544 3528 3563 3558 ,

2026 3588 2090 3648 et
2133 3584 2452 3668 aperietur
2477 3584 2681 3649 vobis.
2713 3605 2746 3646 n
2790 3582 3007 3649 Primo
3040 3584 3315 3667 corrigit
3353 3603 3571 3651 erran-

2026 3697 2162 3771 tes;
2194 3692 2470 3757 secundo
2516 3691 2745 3773 dirigit
2786 3692 3195 3771 itinerante-⁴33
3240 3693 3426 3758 tertio
3464 3694 3570 3758 ad-

2027 3802 2222 3865 mittit
2244 3801 2324 3864 ad
2344 3802 2615 3884 januam
2659 3800 3010 3883 pulsantes.
3041 3800 3330 3865 Christus
3351 3800 3569 3884 itaque

2027 3912 2122 3973 est
2147 3910 2195 3947 ¹⁶
2229 3930 2260 3969 <x
2288 3908 2416 3985 via,
2445 3908 2701 3988 veritas»,
2731 3911 2793 3972 et
2810 3907 2945 3974 vita
2975 3930 2992 3971 ι
3020 3928 3052 3967 n
3077 3907 3188 3972 via
3213 3907 3564 3990 corrigens,

2026 4017 2264 4084 veritas
2292 4017 2613 4100 dirigens,
2641 4017 2775 4081 vita
2802 4016 3162 4083 admittens.

2108 4131 2168 4190 6.
2227 4126 2459 4193 chuit
2508 4126 2825 4193 consolari
2870 4128 3095 4193 anima
3143 4142 3303 4193 mea.
3356 4124 3564 4191 Nota:

2026 4232 2329 4317 Despecta
2352 4236 2448 4297 est
2469 4233 2807 4311 confessiO,
2837 4251 3034 4316 quam
3072 4233 3220 4297 facit
3244 4233 3567 4317 prosperi-

2025 4345 2148 4405 tas.
2205 4340 2295 4405 De
2336 4339 2576 4405 talibus
2622 4340 2855 4405 dicitur
2902 4362 2918 4403 ι
2968 4362 3001 4401 ιι
3053 4340 3212 4406 Cum
3255 4340 3348 4405 nil
3393 4340 3568 4405 intus

2026 4449 2271 4532 prurit,
2302 4453 2451 4514 sunt
2477 4448 2766 4527 caelibes;
2797 4466 2947 4512 cum
2992 4448 3087 4512 nil
3123 4451 3309 4513 extra
3335 4446 3523 4512 saevit
3544 4495 3563 4526 ‚

2027 4561 2177 4623 sunt
2192 4558 2418 4636 fortes3
2444 4575 2593 4621 cum
2619 4556 2837 4622 nullus
2862 4555 3182 4632 molestat,
3204 4555 3558 4634 mansueti;

2026 4683 2179 4731 cum
2205 4665 2425 4730 omnia
2453 4663 2838 4745 succedunt,
2869 4667 3023 4727 tunc
3052 4662 3288 4728 devoti.
3325 4685 3357 4721 ι»

2109 4779 2169 4838 5.
2236 4774 2777 4856 anticipaverunt
2845 4771 3116 4854 ciciliae
3179 4770 3349 4837 oculi
3413 4771 3562 4836 mei.

2027 4881 2183 4947 Tres
2217 4880 2514 4949 nocturni
2541 4880 2612 4944 in
2654 4879 2862 4945 officio
2904 4878 3265 4943 matutinali
3308 4878 3568 4961 signifi-

2027 4992 2176 5055 cant
2212 4995 2340 5054 tres
2386 4992 2589 5054 status
2634 4986 2929 5054 Ecclesiae
2961 5009 2977 5051 ε
3008 4990 3244 5051 statum
3286 4989 3435 5052 ante
3470 4986 3565 5051 le·

2027 5116 2212 5181 gem,
2244 5098 2315 5162 in
2336 5098 2509 5179 lege,
2555 5099 2696 5180 post
2721 5094 2967 5178 legem,
3006 5094 3242 5161 scilicet
3266 5094 3337 5159 in
3362 5093 3569 5162 Evan-

2032 5264 2086 5275 —
2121 5237 2161 5272 ¹²
2185 5234 2318 5287 Psal.
2347 5244 2537 5298 mxxv,
2570 5237 2729 5297 11,-
2758 5228 2801 5265 ¹⁸
2826 5231 3028 5293 nauh..
3052 5243 3146 5292 vn,
3173 5232 3223 5282 ’1.
3248 5257 3304 5269 -
3328 5231 3373 5266 ¹⁸
3403 5232 3567 5295 loon„

2027 5320 2138 5369 Χιν,
2166 5310 2214 5360 6.
2234 5335 2290 5345 -
2312 5306 2382 5372 (α)
2402 5306 2519 5370 Leq.
2540 5304 2694 5358 aliud.
2719 5330 2780 5343 —
2805 5303 2873 5368 (ὁ)
2898 5303 3037 5354 Edit.
3070 5303 3181 5355 Ven.
3204 5302 3488 5355 Judithum.
3504 5328 3569 5340 -

2031 5380 2092 5443 (c)
2110 5380 2236 5430 Item
2254 5378 2441 5443 primo,
2468 5378 2606 5426 etsie
2618 5375 2796 5426 deinde
2809 5376 3092 5428 necundo...
3108 5375 3341 5426 tertio.—
3357 5373 3432 5439 (d)
3445 5374 3569 5424 Item

2029 5456 2226 5517 monte,
2235 5452 2366 5504 etcic
2378 5448 2553 5501 deinde
2561 5452 2791 5501 montem
2805 5448 3003 5503 ouveti.
3016 5474 3077 5489 -
3088 5448 3154 5516 (ο)
3166 5448 3290 5499 Item
3300 5449 3567 5506 Excutere.

3625 4893 3806 4937 Noctur-

3595 4953 3642 4995 ni
3662 4958 3750 4999 tros
3760 4957 3805 4999 in

3608 5019 3787 5062 matuti-

3600 5080 3670 5124 nis
3700 5083 3805 5137 qaid

3624 5146 3788 5202 signifi-

3615 5212 3731 5255 cont.
