4196 6294
645 547 759 611 W

644 661 928 731 textibus
955 653 1410 737 locupletatum
1440 670 1456 712 z
1487 648 1559 712 in
1584 643 1822 729 quibus
1848 635 2244 722 exponendis
2268 635 2533 719 perinde
2560 635 2755 701 scatet
2785 635 3072 719 mysticis
3121 635 3442 718 sensibus,
3490 638 3654 702 sicut
3679 636 3830 704 alibi

647 779 904 867 passim.
935 771 1235 845 Nimium
1259 766 1523 852 quidem
1558 763 1745 828 vocat
1784 758 1855 824 in
1892 754 2270 839 hujusmodi
2311 754 2603 820 sensibus
2651 753 3118 820 eruditissimus
3157 752 3593 821 benedictinus
3636 755 3832 822 abbas

649 892 1060 995 Augustinus
1086 887 1441 961 Calmetus,
1469 880 1581 946 sed
1606 881 1933 943 auctorem
1968 873 2178 939 adhuc
2220 874 2517 936 sanctum
2558 872 3086 939 Bonaventuram.
3105 874 3465 956 agnoscit.
3423 880 3442 915 ¹
3508 873 3577 939 Si
3615 875 3833 939 confe-

650 1016 833 1080 ratur
859 1006 1032 1092 quod
1056 1001 1221 1069 8110·
1204 1019 1276 1065 18
1299 999 1437 1064 1000
1464 996 1637 1061 idem
1659 994 2111 1060 Bonaventura
2136 989 2390 1072 inquit.
2422 986 2653 1070 «Ignis
2681 993 2778 1053 est
2799 989 3155 1056 devotionis
3176 991 3413 1071 fervor,
3442 990 3556 1074 qui
3584 1007 3835 1074 semper

652 1132 717 1196 in
744 1126 931 1195 altari
958 1121 1167 1189 cordis
1194 1116 1416 1183 ardere
1453 1112 1667 1193 debet,
1721 1128 1916 1194 quem
1959 1106 2251 1172 sacerdos
2297 1106 2565 1171 devotus
2602 1124 2853 1190 semper
2908 1107 3334 1189 (subjiciendo
3375 1106 3557 1191 ligna
3596 1107 3833 1172 divinae

653 1246 875 1330 laudis)
896 1242 1083 1308 debet
1107 1233 1375 1313 nutrire,
1393 1249 1476 1296 ne
1495 1228 1835 1313 aliquando
1853 1224 2309 1306 extinguatur¹
2331 1241 2395 1287 :n
2415 1222 2470 1287 si
2488 1223 2684 1303 boc,
2666 1243 2956 1308 mquam,
2983 1226 3349 1290 conferatur
3376 1243 3523 1289 cum
3540 1244 3616 1290 eo
3632 1273 3649 1304 ,
3665 1225 3834 1310 quod

656 1365 876 1428 auctor
900 1353 1232 1443 praesentis
1257 1350 1468 1435 operis
1492 1347 1647 1413 dicit
1675 1364 1693 1410 2
1730 1367 1762 1407 (1
1787 1343 1968 1425 Ignis
2003 1344 2123 1406 iste
2170 1358 2303 1405 non
2353 1344 2449 1406 est
2481 1341 2553 1405 in
2597 1344 2902 1425 potestate
2935 1346 3189 1420 nostra3
3240 1342 3350 1407 sed
3391 1342 3445 1405 si
3489 1341 3657 1408 Deus
3691 1344 3831 1424 dat,

657 1480 1056 1548 sacerdotum
1084 1478 1181 1540 est
1204 1471 1454 1537 nutrire
1478 1468 1708 1550 ignem
1725 1512 1745 1545 ,
1772 1468 1836 1529 et
1862 1461 2174 1544 subjicere
2198 1459 2382 1540 ligna
2408 1477 2523 1543 per
2548 1460 2906 1525 orationem
2927 1459 2970 1540 ⁸,
2988 1482 3018 1520 υ
3057 1460 3229 1524 1(1881
3258 1461 3394 1543 ipse
3419 1465 3641 1528 auctor
3669 1463 3839 1528 vide-

658 1597 855 1662 bitur.
885 1593 962 1658 In
986 1590 1211 1656 eodem
1236 1584 1800 1654 Illuminationum
1825 1594 2017 1664 opere
2042 1576 2604 1644 Bonaventuriana
2641 1594 2902 1661 quoque
2945 1577 3135 1643 dictio
3160 1579 3397 1661 passim
3429 1581 3737 1661 occurrit,
3767 1600 3840 1646 ac

661 1730 832 1797 saepe
860 1711 1087 1776 citatur
1111 1706 1279 1770 inter
1307 1701 1560 1768 Graecos
1585 1698 1926 1783 Dionysius
1948 1745 1967 1775 ,
1998 1713 2171 1779 saepe
2202 1693 2440 1778 saepius
2474 1693 2640 1759 inter
2684 1692 2945 1759 Latinos
2972 1695 3381 1778 Augustinus
3399 1746 3421 1778 ,
3458 1699 3645 1781 cujus
3671 1716 3841 1781 prae-

662 1833 845 1916 cipue
871 1826 1236 1908 allegantur
1261 1821 1409 1887 libri
1434 1819 1512 1885 de
1547 1818 1819 1886 Civitate
1847 1815 2010 1893 Dei,
2037 1813 2321 1897 quidque
2360 1814 2762 1891 contineant,
2794 1813 3171 1879 declaratur.
3207 1812 3473 1898 Insuper
3500 1814 3842 1880 laudantur

602 2008 605 2013 .
662 1949 833 2012 18181
865 1945 1115 2010 Graecos
1144 1938 1360 2005 Patres
1386 1936 1729 2020 Origenes,
1765 1934 2187 2014 Athanasius,
2220 1930 2509 2010 BasiliuS,
2537 1930 2935 2015 Epiphanius
2954 1983 2971 2016 ,
3008 1934 3355 2017 Gregorius
3380 1932 3837 2013 NazianzenuS,

664 2064 1011 2147 Gregorius
1039 2059 1362 2144 Nyssenus
1376 2104 1394 2137 ,
1426 2056 1916 2140 chrysostomus
1930 2102 1952 2134 ,
1985 2053 2443 2129 Damascenus;
2475 2049 2642 2114 inter
2671 2048 2926 2116 Latinos
2956 2056 3174 2117 autem
3201 2050 3477 2117 Hilarius
3494 2100 3516 2132 ,
3548 2051 3805 2117 Orosius
3815 2100 3836 2149 ,

664 2184 1060 2261 Ambrosius,
1101 2179 1551 2261 Hieronymus,
1584 2174 1949 2254 Cassianus,
1983 2170 2358 2255 Gregorius,
2386 2167 2752 2250 Anselmus,
2783 2167 3164 2249 BernarduS,
3199 2168 3393 2251 Hugo
3406 2217 3428 2249 ,
3462 2168 3838 2249 Richardus,

666 2305 879 2372 Abbas
906 2298 1319 2369 Vercellensis
1342 2319 1359 2375 3
1390 2296 1560 2361 inter
1585 2295 1891 2361 Hebraeos
1918 2290 2129 2357 Phito.
2167 2289 2339 2354 Inter
2369 2287 2668 2353 Ethnicos
2702 2286 3110 2371 philosophos
3138 2290 3466 2370 praecipue
3482 2305 3842 2353 memoran-

668 2426 775 2487 tur
812 2419 990 2486 Plato
1034 2421 1098 2483 et
1138 2412 1524 2481 Aristoteles.
1571 2387 1813 2477 Citatur
1848 2410 2021 2475 idem
2062 2406 2426 2472 Aristoteles
2466 2404 2818 2471 seeundum
2861 2423 3079 2470 omnes
3122 2404 3404 2470 doctores
3446 2423 3688 2489 qroecos
3704 2454 3730 2487 ,
3775 2415 3847 2471 ut

673 2536 1061 2621 Greqorium
1087 2534 1160 2603 N
1153 2549 1454 2616 yssenum
1473 2577 1494 2609 ,
1529 2528 1916 2614 Greqorium
1940 2525 2436 2597 Nazianzenum
2449 2572 2473 2603 ,
2504 2525 2979 2590 Damascenum
2996 2571 3018 2603 ,
3051 2523 3398 2604 Basiliam,
3429 2530 3491 2587 et
3514 2530 3847 2589 sectatores

670 2653 963 2719 omnium
989 2650 1306 2719 Arabum.
1343 2646 1586 2711 Dicitur
1627 2644 1918 2711 Plotinus
1947 2644 2114 2708 inter
2143 2641 2571 2727 philosophice
2607 2643 3001 2725 professores
3029 2659 3177 2705 cum
3220 2640 3489 2708 Platone
3511 2642 3844 2726 princeps,

672 2778 736 2836 et
776 2769 1204 2835 nobilissimus
1248 2765 1325 2830 de
1361 2770 1531 2829 secta
1569 2741 1880 2828 Platonis.
1911 2760 2292 2842 Allegantur
2332 2759 2607 2841 denique
2629 2757 2891 2841 ‘flTullius
2928 2766 3105 2823 sectoe
3144 2758 3524 2824 academicae
3541 2806 3563 2838 ‚
3601 2757 3846 2824 Macro·

671 2888 850 2966 hius,
885 2884 1247 2951 Priscianus
1265 2931 1281 2962 ,
1313 2884 1377 2946 et
1418 2896 1782 2962 anonymus
1818 2876 1979 2941 liber
2021 2876 2100 2941 de
2150 2876 2399 2943 Causis.
2450 2874 2595 2940 Non
2622 2881 2838 2942 tamen
2871 2878 3014 2943 vult
3038 2878 3274 2942 harum
3307 2876 3849 2942 illuminationum

673 3009 915 3083 auctor,
941 3007 1016 3068 ut
1041 3000 1236 3066 nimis
1260 2997 1588 3063 insistatur
1602 2994 2138 3080 philosophorum
2157 2994 2513 3079 scripturis,
2545 2993 2655 3058 sed
2683 2992 2994 3058 duntaxat
3021 2991 3428 3070 transeundo,
3450 2996 3514 3055 81
3542 2991 3846 3072 furando,

675 3128 739 3189 et
763 3125 954 3207 quasi
980 3119 1073 3187 ibi
1096 3136 1228 3184 non
1245 3112 1712 3202 permanendo.
1741 3111 2172 3190 Quamobrem
2200 3111 2366 3177 serio
2393 3114 2613 3177 monet
2634 3110 3014 3189 cavendum,
3045 3127 3127 3174 ne
3152 3109 3452 3193 maqistri
3465 3109 3660 3174 nimis
3686 3126 3850 3174 com-

675 3237 979 3304 mendent
1014 3244 1077 3301 et
1114 3235 1553 3319 appretientur
1596 3230 1766 3295 dieta
1796 3229 2331 3315 philosophorum
2362 3230 2407 3294 ⁸.
2459 3228 2613 3296 Vult
2654 3230 2919 3314 insuper
2944 3229 3306 3293 cautionem
3336 3227 3760 3292 adhibendam
3786 3225 3853 3289 18

676 3323 969 3426 Summis
995 3352 1459 3437 maqistrorum
1477 3367 1500 3414 .·
1528 3370 1559 3411 α
1578 3365 1859 3432 namque
1884 3347 1955 3412 18
1982 3347 2085 3412 bis
2114 3347 2310 3414 homo
2337 3347 2520 3414 debet
2545 3366 2805 3428 cavere,
2833 3351 2910 3413 ut
2937 3364 3188 3431 semper
3213 3346 3535 3412 adhaereat
3558 3346 3686 3413 viae
3712 3363 3849 3411 ma-

679 3473 784 3556 gis
809 3471 1135 3560 communi
1156 3472 1198 3534 ⁸.
1228 3492 1259 3530 υ

760 3591 818 3652 3.
852 3586 1164 3652 Praeterea
1188 3584 1388 3666 hujus
1415 3576 1626 3668 operis
1649 3585 1871 3650 auctor
1894 3584 2135 3648 attente
2178 3582 2421 3667 legenti
2458 3585 2720 3667 apparet
2744 3585 2987 3652 nedum
3012 3584 3081 3649 in
3107 3584 3342 3651 divinis
3368 3582 3592 3650 litteris
3608 3630 3626 3662 ,
3656 3583 3767 3650 sed
3793 3586 3856 3649 et

678 3706 747 3769 in
777 3704 1127 3787 Tbeologia
1151 3702 1520 3768 scholastica
1533 3749 1550 3781 ,
1582 3703 1945 3786 dogmatica
1965 3751 1985 3783 ,
2016 3706 2081 3767 et
2107 3702 2376 3786 mystica
2395 3750 2413 3782 ,
2444 3705 2584 3767 tum
2636 3720 2892 3787 quoque
2926 3703 2996 3767 in
3025 3702 3302 3768 Historia
3337 3701 3753 3766 ecclesiastica
3791 3705 3855 3766 81

678 3820 1115 3905 philosophica
1140 3820 1407 3903 egregie
1434 3820 1845 3901 exercitatus,
1875 3820 2264 3905 exhibetque
2290 3820 2604 3887 nonnulla
2628 3821 3039 3886 scientiarum
3067 3821 3412 3905 specimina
3428 3868 3447 3901 ,
3478 3820 3673 3887 etiam
3699 3820 3852 3886 Geo-

682 3937 925 4003 metriae
945 3986 964 4019 ,
994 3937 1300 4021 Algebrae
1321 3985 1339 4018 ,
1372 3937 1794 4022 Perspectivae
1812 3986 1830 4016 ‚
1859 3938 2018 4003 dum
2044 3938 2491 4004 similitudines
2516 3937 2713 4004 trahit
2742 3957 2825 4005 ex
2871 3940 3162 4021 trigono,
3211 3943 3550 4021 tetragono
3568 3987 3590 4019 ,
3628 3943 3855 4023 penta-

683 4073 891 4138 8080,
944 4074 1027 4121 88
1070 4057 1359 4122 numeris
1397 4055 1637 4121 cubicis
1675 4059 1738 4121 81
1784 4058 2107 4141 quadratis
2125 4107 2141 4139 ,
2190 4075 2276 4123 ex
2313 4058 2508 4124 radiis
2552 4057 2825 4138 directo,
2873 4057 3113 4124 reflexo
3131 4106 3153 4138 ,
3203 4059 3397 4122 fracto
3416 4105 3438 4137 ,
3498 4074 3580 4120 ex
3614 4056 3856 4141 angulo

681 4176 852 4238 recto
869 4220 887 4254 ,
919 4173 1180 4254 obtuse,
1212 4176 1275 4237 et
1300 4176 1522 4254 acuto,
1553 4176 1671 4239 etc.
1703 4171 1758 4238 N
1761 4192 1832 4239 ec
1873 4175 2304 4258 praetermittit
2344 4175 2818 4241 Astronomiam
2834 4223 2856 4255 ,
2886 4194 2961 4240 ac
2988 4174 3330 4259 nequidem
3361 4176 3529 4239 artes
3555 4175 3854 4241 sermoci-

682 4290 856 4355 nales
875 4339 901 4371 ,
948 4289 1472 4370 Grammaticam,
1528 4290 1955 4371 Rhetoricam,
2001 4291 2303 4374 Logicam
2316 4339 2338 4372 ‚
2397 4293 2729 4377 ipsamque
2774 4291 3139 4358 Prosodiam
3154 4339 3176 4371 ,
3224 4295 3288 4356 et
3318 4290 3663 4358 Metricam.
3706 4293 3763 4359 N
3765 4310 3851 4358 on

680 4406 823 4472 silet
847 4406 1271 4472 Astronomiae
1296 4407 1652 4491 periculum
1697 4411 1949 4492 propter
1969 4408 2215 4493 judicia
2248 4412 2296 4488 ⁸,
2343 4412 2440 4474 uti
2476 4411 2673 4475 811881
2710 4409 3126 4493 praefatarum
3177 4409 3415 4473 artium
3441 4409 3619 4476 vitia.
3665 4409 3855 4476 Docet

680 4522 968 4588 sobrium
993 4523 1405 4588 scientiarum
1434 4524 1866 4590 humanarum
1893 4544 2086 4591 usum
2107 4574 2125 4606 ,
2153 4525 2341 4610 quia,
2373 4527 2613 4611 inquit,
2657 4549 2688 4590 α
2714 4526 3073 4611 periculum
3101 4526 3296 4592 estin
3324 4526 3595 4592 scientiis
3614 4573 3636 4604 ,
3683 4526 3856 4608 quod

680 4646 930 4707 tantum
957 4641 1277 4707 diffundat
1302 4660 1370 4707 se
1409 4642 1605 4708 homo
1632 4661 1747 4727 per
1788 4643 2360 4710 considerationem
2386 4646 2623 4710 harum
2653 4645 3094 4724 scientiarum,
3134 4647 3212 4709 ut
3240 4647 3458 4729 postea
3484 4643 3566 4709 ad
3591 4644 3882 4738 domum⁸

680 4756 1022 4841 Scripturae
1052 4758 1260 4824 redire
1285 4775 1419 4825 808
1444 4760 1646 4842 possit
1670 4760 1716 4822 ⁷.
1739 4781 1770 4819 υ
1796 4757 2006 4824 Utitur
2030 4761 2417 4844 quandoque
2447 4761 2851 4830 versionibus
2877 4762 3111 4828 divinae
3140 4761 3485 4845 Seriphum
3511 4778 3551 4824 a
3576 4758 3857 4842 Vulgata

678 4873 1074 4942 variantibus
1092 4898 1110 4955 ;
1155 4894 1308 4942 nam
1327 4924 1345 4959 ,
1391 4876 1568 4943 verbi
1599 4876 1845 4961 gratia,
1881 4895 1996 4960 pro
2041 4877 2152 4943 illo
2200 4878 2533 4963 Vulgatae,
2582 4879 2844 4963 Habac.,
2893 4900 3000 4961 111,
3031 4887 3070 4945 2
3102 4899 3119 4943 ε
3148 4882 3232 4947 In
3274 4880 3486 4945 medio
3531 4897 3856 4945 armorum

678 4998 903 5055 notum
936 4993 1139 5073 facies
1156 5041 1178 5073 ,
1208 4996 1426 5058 noster
1454 4997 1675 5059 auctor
1713 4995 2065 5061 secundum
2092 4995 2518 5081 Septuaginta
2558 4998 3031 5064 translationem
3058 4997 3220 5080 legit
3249 5020 3265 5062 ε
3312 4998 3395 5064 In
3433 4996 3642 5063 medio
3687 4997 3856 5061 duo-

677 5124 828 5170 rum
856 5107 1243 5174 animalium
1273 5112 1665 5194 coqnosceris
1691 5110 1713 5148 ⁸
1724 5134 1742 5191 ;
1773 5130 1890 5196 pro
1918 5113 2027 5177 illo
2072 5112 2308 5177 Psalmi
2336 5089 2428 5179 vu
2449 5163 2466 5194 ,
2504 5113 2581 5178 111
2617 5115 2953 5199 :Saqittas
2985 5134 3137 5182 suas
3180 5113 3546 5181 ardentibus
3595 5111 3852 5195 effecit,

679 5224 822 5307 Ipse
847 5223 1036 5289 habet
1054 5226 1346 5293 ardentes
1370 5233 1392 5268 ⁹
1394 5246 1642 5311 ‚quam
1668 5228 1927 5313 quidem
1955 5230 2292 5296 lectionem
2321 5229 2626 5314 pleraque
2665 5231 2862 5296 latina
2898 5233 3240 5313 exhibent,
3270 5233 3426 5296 teste
3455 5233 3671 5295 sancto
3715 5229 3850 5294 Au-

675 5405 842 5514 —¹ln
869 5405 930 5457 Βι
925 5404 1113 5460 '‘btaeoth.
1140 5421 1239 5460 sac.
1245 5421 1403 5476 ,.pag
1431 5410 1511 5474 31,
1542 5409 1664 5461 edit.
1693 5409 1821 5464 ven.
1851 5413 1987 5462 1757.
1994 5437 2048 5448 -—
2078 5412 2102 5446 ²
2130 5412 2203 5462 De
2226 5427 2315 5462 sex
2340 5411 2437 5462 alate
2462 5410 2677 5478 Set-apin
2677 5428 2746 5477 m,
2776 5428 2821 5468 0.
2852 5426 2967 5468 v111.
2991 5443 3042 5452 -
3075 5415 3098 5450 ⁸
3125 5415 3290 5468 Serm.
3322 5424 3460 5464 11.—
3487 5413 3508 5449 ⁸
3536 5414 3702 5466 Serm.
3737 5422 3856 5464 xlx

763 5476 1028 5532 ι1111(1.--·
1052 5478 1075 5516 ⁸
1104 5479 1508 5534 Serm.1v.-⁷
1541 5483 1705 5534 Serm.
1736 5492 1864 5534 xvn.
1898 5508 1953 5522 -·
1986 5482 2008 5520 ⁸
2035 5484 2363 5536 Serm.1.-—
2393 5484 2415 5519 θ
2443 5485 2607 5539 serm.
2638 5496 2770 5538 xv11.
