4196 6294
77 4732 188 4776 tatis
215 4732 297 4775 ier·

77 4794 197 4837 vid·
230 4795 296 4837 ef-

78 4855 244 4900 lectus.

1605 455 1966 524 PSALMUS
2009 456 2268 523 CXVIII.

336 592 562 651 ibidem
645 593 784 653 aulo
811 593 976 668 prius
1004 593 1022 628 ¹
1056 613 1069 651 z
1108 614 1137 648 ιι
1170 592 1227 652 Si
1264 593 1663 652 testimonium
1690 593 1882 652 homi-

335 704 479 746 num
522 689 879 764 accipimuS‚
930 689 1329 748 testimonium
1379 691 1477 748 Dei
1524 691 1720 763 majus
1766 691 1876 760 est3

336 783 623 857 quoniam
654 782 772 840 hoc
801 787 886 840 est
914 783 1314 841 testimonium
1343 784 1462 856 Dei,
1494 783 1662 859 quod
1687 783 1883 855 maius

335 881 451 949 est,
499 878 788 953 quoniam
828 879 1166 936 testificatus
1203 883 1290 937 est
1330 879 1405 937 de
1451 879 1597 937 Filio
1640 895 1750 937 suo
1790 897 1804 935 :
1846 897 1875 933 ι

334 989 469 1031 ecce
498 973 897 1032 testimonium
935 975 1034 1033 Dei
1076 975 1407 1033 maximum
1447 979 1504 1033 et
1533 990 1876 1050 supernum.

820 1135 1108 1193 Articulus
1146 1138 1395 1208 quartus.

403 1260 492 1319 Ad
520 1264 800 1335 quartum
826 1264 1076 1334 spectat,
1110 1259 1276 1335 quod
1310 1262 1486 1317 restat
1517 1278 1532 1317 :
1584 1258 1879 1317 Meditatio

330 1371 445 1411 mea
474 1359 570 1412 est.
602 1354 756 1425 Quid
799 1356 995 1412 autem
1042 1356 1128 1411 est
1145 1397 1165 1426 ,
1208 1355 1540 1411 Testimonia
1579 1355 1672 1409 tua
1708 1350 1879 1410 medi-

332 1451 472 1505 tatio
506 1465 624 1506 mea
660 1456 772 1520 est,
818 1447 932 1505 nisi
975 1465 990 1504 ε
1022 1446 1195 1517 Quod
1235 1445 1559 1504 testificaris
1603 1445 1846 1504 interius
1857 1486 1878 1515 ,

330 1542 622 1601 testificari
667 1542 925 1601 meditor
966 1544 1222 1599 exterius
1241 1542 1270 1596 ‘P
1308 1540 1603 1611 Quoniam
1642 1540 1722 1597 ad
1762 1539 1878 1597 hoc

331 1635 591 1695 infundis
636 1637 869 1710 animo,
900 1640 965 1695 ut
1005 1635 1240 1695 animus
1267 1634 1534 1693 effundat
1574 1633 1875 1709 proximo·

328 1730 385 1788 Si
429 1731 642 1805 quaeris
679 1748 812 1806 quae
848 1732 923 1788 sit
956 1730 1261 1788 meditatio
1307 1729 1419 1787 ista
1439 1772 1458 1801 ,
1496 1745 1681 1804 quam
1727 1727 1880 1785 testi-

328 1823 494 1882 ficari
548 1824 863 1898 meditatur
904 1824 1243 1895 psalmista,
1298 1823 1497 1897 ipsum
1548 1822 1846 1894 interroga
1855 1841 1874 1894 3

329 1918 454 1992 lpse
484 1918 559 1975 de
588 1934 650 1976 se
684 1918 993 1993 loquatur,
1037 1917 1186 1992 quid
1212 1915 1509 1974 testificari
1534 1915 1869 1974 meditatur.

330 2011 530 2083 Plane,
564 2012 731 2087 quod
756 2016 906 2070 Deus
947 2015 1033 2070 est
1058 2012 1409 2086 imperator,
1438 2008 1871 2080 considerator,

329 2111 735 2165 remunerator
766 2125 780 2164 ε
813 2108 1065 2181 imperat
1100 2105 1259 2163 enim
1285 2103 1567 2163 virtutum
1596 2103 1872 2176 eflectus3

329 2199 664 2257 considerat
699 2200 957 2258 defectus
975 2218 998 2267 ,·
1037 2202 1376 2257 remunerat
1402 2197 1716 2273 proiectus.
1749 2197 1873 2255 Pri-

327 2309 495 2351 mum
523 2293 806 2367 loquitur,
849 2293 956 2352 ubi
990 2292 1261 2367 psallitur
1286 2295 1309 2329 ²
1341 2310 1356 2350 ε
1406 2311 1435 2346 «
1460 2291 1734 2350 Mandata
1774 2297 1875 2351 tua

326 2387 628 2447 meditatio
674 2404 811 2447 mea
859 2391 990 2447 est:
1038 2409 1066 2442 ι)
1123 2404 1257 2446 ecce
1317 2386 1623 2445 meditatio
1679 2387 1870 2461 impe-

326 2482 525 2539 rantis
550 2482 886 2540 Secundum
913 2482 1146 2553 fatetur,
1171 2480 1277 2538 ubi
1305 2480 1580 2539 scribitur
1607 2482 1629 2516 ³
1659 2498 1674 2537 ε
1706 2501 1736 2535 α
1764 2485 1874 2541 Me-

327 2575 533 2635 ditatio
570 2577 766 2635 cordis
792 2576 911 2634 mei
938 2577 1000 2634 in
1032 2578 1350 2651 conspectu
1379 2580 1479 2634 tuo
1521 2590 1753 2649 semper
1791 2594 1806 2633 :
1839 2593 1867 2628 ιο

327 2687 461 2729 ecce
486 2670 791 2729 meditatio
838 2670 1282 2729 considerantis.
1324 2669 1575 2727 Tertium
1607 2671 1869 2740 testatur,

326 2764 431 2822 ubi
479 2764 694 2838 legitur
738 2764 760 2799 ⁸
815 2784 830 2823 :
895 2786 924 2819 «ι
978 2763 1304 2838 Concupivi
1354 2762 1609 2821 salutare
1661 2766 1871 2833 tuum,

325 2857 570 2915 Domine
591 2899 605 2926 ,
636 2862 691 2916 et
721 2857 820 2916 lex
857 2862 959 2917 tua
1003 2857 1306 2916 meditatio
1346 2872 1481 2914 mea
1510 2859 1596 2915 est
1628 2875 1642 2914 :
1674 2876 1704 2913 n
1735 2871 1870 2914 ecce

327 2950 634 3010 meditatio
658 2952 1106 3012 remunerantis.

972 3114 1229 3181 Epilogus.

394 3236 485 3295 Ait
526 3251 669 3310 ergo
715 3235 1210 3311 psalmographus
1253 3250 1361 3310 per
1407 3233 1705 3292 charitatis
1749 3232 1864 3292 ier-

323 3328 604 3403 vendam,
635 3335 923 3405 quantum
958 3330 1037 3388 ad
1068 3328 1378 3387 erudiendi
1405 3326 1870 3403 perspicaciam,

324 3422 634 3482 dilatatus:
663 3425 837 3498 Super
863 3440 1038 3482 omnes
1066 3425 1305 3481 docentes
1333 3439 1444 3495 me,
1470 3425 1762 3496 quantum
1788 3420 1871 3479 ad

324 3517 630 3576 doctorem
670 3518 1048 3590 interiorem,
1094 3518 1218 3575 sive
1251 3516 1625 3592 corporalem
1650 3535 1669 3589 3
1698 3517 1866 3573 Intel-

324 3613 456 3684 lean’,
501 3615 792 3687 quantum
832 3612 912 3671 ad
960 3613 1267 3671 doctorem
1313 3610 1712 3685 superiorem,
1764 3623 1871 3667 seu

324 3706 690 3779 spiritualem
704 3726 723 3780 3
760 3707 905 3775 Quia
947 3710 1256 3764 testimonia
1296 3708 1387 3762 tua
1406 3747 1427 3776 ,
1457 3708 1744 3779 quantum
1790 3703 1871 3761 ad

325 3797 656 3859 doctrinam
683 3800 1043 3873 interiorem,
1064 3799 1162 3858 vel
1189 3799 1548 3872 mentalem3
1579 3799 1869 3858 Meditatt'o

326 3908 443 3951 mea
479 3901 557 3952 est
577 3937 596 3966 ,
636 3898 929 3969 quantum
973 3894 1053 3952 ad
1099 3893 1433 3952 doctrinam
1481 3892 1868 3960 exteriorem,

327 3990 431 4044 aut
453 3987 726 4046 vocalem
741 4006 759 4062 3
790 4004 860 4046 ac
896 3988 946 4045 si
983 3987 1325 4063 loqueretur
1353 3986 1612 4061 apertius
1643 4004 1658 4044 :
1698 3986 1872 4059 Super

326 4096 502 4138 omncs
555 4082 797 4140 docentes
839 4081 1104 4156 inferiuS,
1151 4084 1400 4140 intelle-‘ri
1451 4086 1506 4139 te
1557 4081 1871 4139 docentem

326 4174 642 4249 superius:
690 4176 827 4234 hinc
880 4181 967 4235 est
1019 4177 1187 4251 quod
1246 4174 1552 4235 testificata
1605 4174 1867 4247 interius,

326 4268 618 4329 testificari
644 4286 830 4346 penso
859 4270 1136 4329 exterius

867 4494 1202 4539 vmlcums
1236 4495 1315 4537 lv.

258 4666 295 4711 i·
397 4652 521 4709 ¹00.
562 4652 737 4724 Super
757 4667 904 4709 senes
933 4652 1200 4717 intellexi,
1235 4652 1343 4707 etc.
1372 4649 1590 4707 Deinde
1618 4649 1869 4708 charita-

325 4744 398 4801 tis
442 4745 641 4804 fervor
696 4746 928 4823 dilatat‘
954 4744 1221 4802 animum
1275 4743 1354 4801 ad
1398 4744 1872 4819 circumspectius

327 4838 761 4896 consulendum
776 4858 795 4912 3
823 4839 968 4914 quia
993 4853 1160 4895 mens
1189 4837 1465 4894 charitate
1487 4836 1740 4906 fervenS,
1766 4852 1874 4911 per

327 4933 590 4992 coelestes
620 4932 1020 5005 diffinitiones,
1050 4935 1347 4989 terrestres
1376 4930 1573 5004 dirigit
1593 4930 1870 4989 actiones

327 5026 489 5086 Unde
519 5030 766 5099 constat,
797 5027 961 5102 quod
996 5025 1245 5083 charitas
1281 5030 1540 5083 mentem
1580 5025 1871 5100 sublevat,

328 5123 385 5177 et
409 5120 782 5180 sublevando
811 5120 1035 5178 dilatat.
1056 5120 1201 5177 Cum
1232 5118 1391 5176 enim
1409 5119 1487 5179 ab
1515 5119 1708 5177 altiori
1737 5136 1875 5179 con-

327 5214 635 5289 spicimus,
692 5216 868 5276 latius
922 5214 1351 5290 conspicimus3
1410 5230 1547 5271 cum
1602 5214 1875 5274 altiorem

393 5339 415 5376 ¹
445 5343 462 5390 l
491 5342 655 5408 Joan„
683 5354 734 5406 V,
762 5345 811 5393 9.
838 5368 901 5380 —
922 5343 946 5379 ί
967 5341 1105 5392 Psal.
1136 5340 1256 5401 hoc,
1286 5340 1393 5392 143.
1419 5366 1483 5378 —
1509 5339 1533 5375 ⁸
1559 5339 1697 5390 Ptol.
1722 5353 1873 5404 nrm,

335 5414 414 5466 15.
438 5438 498 5452 —
527 5414 546 5443 ⁴
573 5413 712 5465 Psal.
740 5413 867 5479 hoc,
899 5415 1089 5465 ΠΜ-
1124 5413 1330 5470 ‘Pu-ov„
1352 5425 1443 5475 xx,
1461 5413 1621 5462 22—
1649 5412 1669 5443 ⁸
1694 5413 1878 5478 Levit„

3423 459 3544 520 445

1989 592 2447 653 conscendimus
2485 595 2750 650 montem
2771 632 2792 663 ,
2822 590 3094 649 latiorem
3131 590 3540 651 constituimus

1985 685 2377 744 horizontem.
2419 688 2588 743 Hanc·
2606 688 2807 744 autem
2843 684 3248 743 dilatationem
3272 687 3542 760 patenter

1987 779 2180 838 innuit
2208 779 2533 850 psalmista,
2564 796 2700 837 cum
2736 779 2976 854 psallit:
3011 780 3192 853 Super
3211 795 3379 850 senes,
3401 782 3538 849 etc„

1985 876 2102 933 hoc
2129 879 2234 945 est,
2263 891 2440 949 super
2469 874 2837 933 consiliarios
2865 874 3126 932 seniores
3156 874 3416 932 intellexi
3442 889 3536 932 ra-

1989 968 2124 1027 dios
2152 969 2413 1040 altioreS,
2442 969 2584 1044 quia
2613 968 2995 1027 diffinitiones
3022 968 3355 1043 superiores
3383 984 3540 1042 quae-

1986 1062 2097 1120 sivi
2144 1067 2388 1138 propter
2437 1063 2798 1122 directiones
2845 1063 3170 1121 interiores.
3221 1067 3286 1121 ln
3321 1062 3540 1137 quibus

1989 1156 2348 1230 distinguere
2392 1173 2710 1232 possumus
2748 1157 3117 1215 consiliarios
3158 1156 3457 1227 seniores,
3485 1159 3542 1213 et

1986 1251 2354 1309 consiliarios
2386 1253 2649 1310 saniores
2681 1271 2695 1309 :
2738 1251 2872 1310 illos
2899 1250 3219 1322 naturaleS,
3247 1251 3388 1309 istos
3416 1249 3541 1324 spi-

1985 1346 2228 1404 rituales
2244 1366 2262 1420 3
2295 1345 2679 1405 diffinitiones
2723 1346 3076 1421 superiores,
3107 1350 3165 1403 et
3188 1345 3542 1404 directiones

1985 1440 2292 1500 inferiores
2326 1441 2498 1501 :illas
2526 1442 2807 1513 coelesteS,
2835 1440 2976 1500 istas
3006 1444 3319 1501 terrestres.

2492 1567 2776 1659 Articulus
2798 1603 3029 1674 primus.

2058 1726 2318 1784 Primum
2345 1726 2763 1801 praetenditur,
2794 1742 2931 1783 cum
2957 1724 3172 1783 dicitur
3200 1743 3216 1782 :
3247 1725 3418 1798 Super
3456 1741 3536 1782 se-

1983 1835 2097 1890 nes,
2127 1818 2193 1876 id
2220 1821 2326 1892 est,
2358 1819 2724 1878 consiliarios
2769 1819 3050 1890 seniores,
3078 1818 3281 1891 legum
3320 1823 3532 1877 terres-

1982 1913 2183 1986 trium,
2209 1929 2333 1972 non
2364 1914 2709 1985 coelestium,
2734 1913 3114 1987 inspectores·
3135 1913 3313 1970 Senes
3328 1913 3531 1985 hujus·

1982 2008 2152 2068 modi
2201 2012 2338 2067 sunt
2385 2008 2675 2083 sapientes
2714 2008 2892 2082 hujus
2938 2007 3167 2079 saeculi,
3218 2013 3527 2082 sequentes

1981 2102 2253 2176 spiritum
2278 2102 2454 2175 huius
2476 2100 2708 2159 mundi.
2732 2104 2798 2159 Et
2819 2104 2962 2159 nota
2981 2101 3056 2158 de
3075 2101 3337 2171 senibuS,
3358 2102 3526 2176 quod
3589 2121 3727 2168 seue·

1981 2195 2353 2254 venerabiles
2383 2195 2770 2254 ostenduntur
2806 2211 2843 2252 a
2883 2195 3072 2252 tribus
3107 2214 3122 2253 :
3154 2211 3192 2253 a
3216 2198 3447 2268 natura,
3486 2212 3524 2252 a
3551 2196 3748 2290 bffiffst·

1980 2291 2299 2365 Scriptura,
2336 2306 2374 2348 a
2398 2290 2621 2365 peritiae
2664 2289 3041 2347 multitudine
3070 2289 3166 2348 vel
3197 2306 3476 2349 mensura
3507 2310 3520 2349 z

1982 2385 2270 2460 quoniam
2306 2384 2441 2442 illos
2465 2386 2591 2443 haec
2621 2384 2944 2458 dignificat,
2989 2386 3113 2443 haec
3151 2385 3522 2458 honorificat,

1978 2480 2106 2538 baec
2131 2483 2398 2538 coronat.
2431 2481 2509 2537 De
2537 2479 2732 2553 primo
2755 2480 2777 2514 ⁸
2803 2498 2818 2536 ε
2854 2500 2881 2534 α
2912 2479 3170 2553 Dignitas
3196 2495 3407 2538 senum
3433 2496 3525 2538 ca-

1979 2575 2152 2632 nities
2185 2595 2202 2632 =
2234 2594 2263 2629 »
2313 2590 2449 2632 ecce
2476 2576 2687 2632 natura
2725 2591 2893 2633 senes
2929 2575 3300 2647 dignificanS.
3330 2577 3410 2633 De
3436 2591 3525 2633 se-

1980 2670 2180 2729 cundo
2207 2672 2229 2706 ⁸
2271 2689 2285 2728 :
2337 2689 2365 2723 «
2412 2674 2622 2729 Coram
2670 2685 2822 2729 cano
2864 2669 3052 2744 capite
3097 2686 3423 2743 consurge,
3472 2675 3530 2728 et

1977 2766 2212 2824 honora
2237 2780 2556 2840 personam
2580 2765 2735 2822 senis
2762 2785 2776 2823 ε
2810 2789 2836 2819 ι»
2871 2781 3004 2824 ecce
3033 2765 3332 2841 Scriptura
3360 2781 3531 2824 senes

1977 2860 2396 2919 honorificans,
2447 2862 2525 2919 De
2561 2860 2729 2918 tertio
2768 2859 2790 2894 ⁷
2831 2880 2845 2917 ε
2886 2879 2914 2914 α
2950 2863 3184 2920 Corona
3219 2876 3428 2918 senum
3467 2860 3529 2917 in

1978 2958 2169 3016 multa
2210 2957 2421 3033 peritia
2462 2976 2476 3015 ε
2515 2978 2544 3013 ιο
2598 2973 2734 3016 ecce
2781 2957 3000 3031 peritias
3048 2972 3325 3016 mensura
3363 2971 3530 3016 senes

1981 3066 2296 3112 coronans·

2444 3204 2720 3260 Articulus
2754 3201 3032 3260 secundus.

2050 3335 2391 3393 Secundum
2415 3337 2752 3409 attenditur,
2783 3354 2922 3394 cum
2947 3336 3190 3396 additur
3213 3356 3227 3394 ε
3250 3337 3525 3395 Intellexi.

1979 3433 2190 3502 Quare,
2223 3446 2445 3505 quaeso,
2477 3447 2655 3505 super
2681 3430 2990 3502 intellexit,
3019 3431 3132 3488 nisi
3160 3431 3304 3505 quia
3328 3431 3530 3490 radios

1979 3525 2313 3600 superiores
2339 3525 2632 3599 inspexit?
2655 3526 2821 3583 Tales
2849 3525 3001 3583 radii
3030 3529 3168 3583 sunt
3186 3528 3414 3584 aeternae
3439 3524 3527 3582 le-

1979 3635 2106 3692 geS,
2134 3618 2517 3678 diffinitiones
2543 3618 2826 3692 coelestes,
2865 3619 2929 3676 in
2967 3619 3187 3693 quibus
3214 3633 3529 3692 possumus

1978 3712 2308 3785 intelligere
2336 3712 2496 3786 leges
2524 3712 2779 3785 iustitiae,
2817 3713 3133 3787 patientiae,
3161 3714 3337 3786 atque
3366 3726 3527 3768 com-

1977 3806 2274 3881 patientiae
2290 3826 2309 3875 3
2331 3823 2441 3881 per
2468 3822 2617 3880 quas
2646 3806 2706 3863 in
2734 3805 3076 3881 oper'andiS,
3103 3804 3446 3876 tolerandiS‚
3475 3810 3530 3863 et

1979 3899 2352 3969 miserandiS,
2378 3899 2554 3972 dirigi
2582 3898 2872 3957 debemus
2900 3902 2959 3956 et
2987 3898 3262 3971 dirigere.
3295 3901 3373 3956 De
3410 3897 3529 3972 pri-

1980 4012 2081 4053 mo
2107 3996 2130 4032 ⁸
2158 4013 2173 4052 ε
2209 4015 2237 4049 «
2264 3993 2559 4052 custodite
2587 3993 2774 4051 verba
2799 3993 2957 4066 pacti
2982 3992 3082 4064 huj
3094 4008 3182 4061 uS,
3210 3998 3267 4049 et
3285 3990 3526 4066 implete

1981 4105 2074 4160 ea,
2103 4092 2171 4146 ut
2194 4086 2530 4160 intelligatis
2558 4086 2834 4144 universa
2861 4102 2993 4160 quae
3019 4085 3271 4157 facietis3
3295 4106 3321 4141 a
3358 4085 3528 4160 quasi

1982 4182 2213 4241 dicatur
2236 4180 2531 4256 apertius:
2562 4180 2805 4238 iustitiae
2841 4180 3078 4253 regulas
3104 4179 3386 4237 divinitus
3408 4180 3529 4238 dis-

1980 4276 2202 4350 positas
2240 4274 2726 4349 contemplamini
2751 4274 3076 4345 intellectu,
3103 4274 3527 4349 amplexamini

1980 4369 2195 4428 affectu
2203 4411 2226 4441 ,
2254 4373 2544 4444 quatenus
2574 4385 2681 4444 per
2707 4385 2806 4428 eas
2839 4367 3179 4441 dirigamini
3207 4368 3269 4425 in
3296 4367 3523 4427 ellectu.

1983 4466 2060 4521 De
2089 4463 2353 4521 secundo
2372 4465 2428 4521 ⁰:
2462 4481 2492 4517 α
2519 4462 2751 4521 Utinam
2778 4465 2927 4521 Deus
2943 4462 3287 4537 loqueretur
3309 4465 3528 4536 tecum,

1983 4561 2040 4616 et
2066 4559 2322 4633 aperiret
2345 4557 2509 4617 labia
2534 4575 2644 4617 sua
2684 4556 2814 4628 tibi,
2845 4560 2911 4615 ut
2937 4555 3274 4615 ostenderet
3310 4555 3417 4614 tibi
3443 4570 3532 4612 se·

1982 4657 2141 4710 creta
2179 4652 2498 4727 sapientiae,
2529 4655 2587 4709 et
2625 4650 2793 4725 quod
2819 4650 3129 4725 multiplex
3157 4650 3230 4708 sit
3255 4649 3354 4707 lex
3383 4650 3533 4722 ejus,

1984 4749 2042 4804 et
2068 4746 2461 4819 intelligereS‚
2496 4745 2664 4819 quod
2701 4744 2890 4803 multo
2920 4744 3155 4802 minora
3177 4742 3429 4816 exigaris
3455 4742 3533 4800 ab

1982 4856 2077 4914 eo,
2108 4855 2294 4915 quam
2325 4844 2583 4897 meretur
2610 4839 2889 4914 iniquitas
2917 4843 3017 4896 tua
3052 4858 3066 4895 ε
3097 4862 3125 4891 ι»
3170 4837 3233 4894 in
3261 4836 3532 4911 praesenti

1983 4934 2275 5008 scriptura
2300 4932 2614 5007 corripitur
2638 4932 2751 4991 Job
2782 4933 2844 4990 in
2871 4930 3205 5006 poenitentis
3241 4931 3530 5006 poeniten-

1986 5027 2077 5085 tioe
2101 5026 2459 5102 impatientis
2485 5026 2679 5100 figura
2697 5044 2717 5097 3
2748 5041 2819 5084 ac
2858 5026 2906 5082 si
2949 5024 3238 5082 diceretur
3265 5024 3321 5081 ei
3368 5041 3382 5081 ε
3415 5022 3532 5081 Uti-

1983 5137 2128 5179 nam
2174 5120 2457 5179 Dominus
2499 5120 2609 5177 tibi
2658 5118 2833 5178 vellet
2879 5117 3335 5192 imaginabiliter
3375 5116 3532 5176 indi-

1986 5231 2143 5286 care,
2171 5217 2273 5274 aut
2296 5212 2749 5284 intelligibiliter
2776 5212 3090 5288 explicare,
3119 5212 3340 5288 quibus
3366 5226 3534 5271 seve-

1982 5355 2103 5405 xrx,
2128 5344 2207 5394 32.
2238 5367 2301 5379 —
2336 5338 2358 5376 ⁷
2397 5338 2582 5396 Exti..
2621 5353 2745 5407 xxv,
2772 5343 2820 5393 8.
2854 5367 2916 5380 -
2952 5340 2976 5376 ⁸
3006 5341 3175 5408 Dent„
3212 5352 3366 5405 xxix,
3397 5341 3448 5392 9.
3470 5363 3534 5379 -

1983 5415 2006 5449 ⁹
2034 5413 2147 5479 Job,
2180 5426 2259 5479 xx,
2287 5416 2338 5479 δ,
2365 5415 2416 5465 6.
2765 5429 2776 5447 ·
3156 5441 3170 5455 -
