4196 6294
640 457 761 521 208

641 593 742 654 cat
755 590 1149 674 baptismum
1167 588 1489 669 sanguine
1503 586 1738 654 Christi
1756 587 2154 652 rubricatum
2166 635 2181 651 .

722 698 823 762 12.
850 696 1302 765 Misericordia
1319 701 1379 763 et
1398 696 1638 763 veritas
1657 702 1773 761 tua
1788 711 2034 778 semper
2056 710 2193 761 sus-

641 814 942 889 ceperunt
967 823 1084 873 me.
1108 806 1262 871 Duae
1283 809 1433 868 sunt
1455 804 1905 869 misericordiae
1924 804 2186 887 species,

642 914 877 979 scilicet
902 914 1076 995 dare,
1111 917 1175 977 et
1199 912 1549 990 dimittere;
1593 916 1658 976 et
1685 911 1788 976 hae
1821 912 2186 995 proportio-

641 1022 871 1087 naliter
900 1041 970 1087 se
997 1022 1255 1099 habeut,
1280 1020 1452 1086 unde
1481 1019 1606 1084 hoc
1631 1022 1649 1055 ¹
1678 1042 1693 1083 :
1733 1043 1766 1080 «
1797 1019 2052 1083 Dimitte
2077 1037 2192 1083 no·

641 1129 740 1194 bis
766 1129 975 1194 debita
1001 1133 1246 1207 nostra,
1276 1149 1307 1187 υ
1345 1131 1464 1192 etc.
1507 1126 1586 1191 Et
1617 1127 1740 1192 hoc
1765 1128 1791 1162 ¹¹
1830 1150 1846 1190 :
1889 1149 1920 1187 α
1947 1125 2186 1190 Eadem

642 1255 966 1316 mensura,
995 1254 1125 1319 qua
1151 1236 1355 1300 mensi
1380 1236 1648 1315 fueritis,
1677 1236 2049 1300 remetietur
2071 1254 2189 1301 vo-

641 1342 762 1422 bis3
794 1365 824 1403 u
861 1348 924 1409 et
949 1343 1072 1408 hoc
1094 1344 1114 1380 ⁸
1154 1366 1169 1408 :
1207 1367 1237 1404 α
1268 1342 1592 1424 Dimittite,
1623 1345 1689 1408 et
1713 1342 2180 1407 dimittemini.»

643 1449 986 1534 Utriusque
1025 1455 1176 1515 sunt
1212 1455 1344 1516 tres
1386 1451 1645 1534 species.
1686 1450 1903 1516 Primo
1943 1450 2021 1515 de
2047 1450 2187 1533 pri-

643 1577 771 1638 ma,
800 1559 1038 1624 scilicet
1062 1560 1234 1640 dare,
1267 1563 1419 1624 sunt
1445 1560 1725 1641 gradus:
1752 1578 1906 1624 nam
1936 1564 2033 1625 est
2059 1560 2185 1624 mi-

640 1666 984 1730 sericordia
1028 1684 1292 1748 magna,
1329 1667 1561 1748 major,
1607 1666 1920 1746 maxima3
1954 1666 2189 1730 scilicet

639 1772 978 1854 inchoans,
1026 1773 1244 1837 adulta
1261 1822 1281 1853 ,
1326 1774 1610 1838 robusta.
1666 1773 1920 1840 Primus
1969 1774 2184 1857 itaque

645 1881 889 1962 gradus
916 1881 1025 1944 dat
1048 1880 1126 1945 de
1154 1881 1290 1945 suis
1315 1881 1338 1916 ⁴
1381 1904 1396 1946 :
1434 1904 1465 1944 α
1491 1880 1644 1946 Date
1685 1883 2179 1965 eleemosynam,

640 1993 705 2052 et
729 1988 947 2054 omnia
972 1989 1216 2053 munda
1240 1993 1389 2054 sunt
1415 1989 1620 2055 vobis.
1650 2011 1681 2048 ι)
1718 1987 2050 2054 Secundus
2075 1989 2184 2054 dat

641 2113 782 2176 sua,
812 2097 984 2161 unde
1008 2097 1130 2161 hoc
1155 2099 1177 2132 ⁸
1210 2119 1226 2162 ι
1261 2120 1292 2157 c
1320 2096 1478 2163 Ecce
1505 2115 1624 2162 nos
1651 2097 2028 2179 reliquimus
2056 2115 2189 2161 om-

639 2202 769 2283 nia,
800 2225 830 2263 n
870 2207 1015 2283 etc.;
1053 2227 1088 2263 α
1112 2204 1264 2286 quid
1293 2223 1454 2286 ergo
1478 2204 1599 2269 erit
1624 2205 1846 2269 nobis?
1866 2227 1897 2263 ι)
1934 2202 2188 2268 Tertius

637 2309 745 2375 dat
771 2313 1019 2376 totum:
1047 2311 1157 2391 Da,
1190 2313 1448 2393 scilicet,
1474 2317 1538 2378 te
1566 2316 1798 2392 totum,
1825 2312 1997 2376 unde
2020 2311 2189 2394 Apo-

638 2417 838 2482 stolus
866 2417 889 2453 ⁶
919 2440 935 2482 ε
987 2442 1019 2480 α
1048 2417 1191 2484 Non
1225 2421 1434 2486 solum
1477 2420 1863 2504 impendam,
1916 2418 2026 2483 sed
2055 2419 2187 2482 im-

637 2524 878 2606 pendar
897 2543 1013 2606 pro
1034 2526 1374 2591 animabus
1392 2527 1641 2591 vestris
1656 2549 1688 2586 ι)
1721 2526 2026 2592 Similiter
2045 2529 2186 2611 qui-

636 2630 785 2695 dam
824 2631 1092 2697 remittit
1136 2639 1382 2716 partem
1410 2634 1634 2713 dehiti;
1679 2635 1940 2719 quidam
1968 2636 2187 2700 omnia

636 2738 875 2818 debita3
911 2740 1174 2822 quidam
1201 2741 1393 2806 etiam
1422 2742 1636 2824 ipsum
1662 2760 1923 2807 servum
1954 2761 2187 2808 manu-

638 2846 854 2911 mittit.

593 2997 609 3011 .
677 2976 687 2987 ·
719 2957 819 3019 18.
852 2954 985 3037 qu
1026 2961 1239 3023 autem
1264 2956 1622 3037 mendicus,
1652 2962 1710 3024 et
1730 2914 2000 3041 pauper.
2034 2959 2187 3024 Haec

562 3113 612 3144 „‚
638 3060 761 3124 tria
786 3060 972 3138 debet
1013 3062 1210 3128 homo
1252 3063 1673 3145 considerare,
1722 3066 1959 3130 scilieet
1998 3085 2184 3132 suam

636 3168 1176 3250 insufficientiam,
1218 3190 1403 3255 suam
1430 3172 1734 3255 inopiam,
1771 3178 1838 3238 et
1871 3175 2026 3257 quia
2062 3175 2180 3239 bo-

637 3293 795 3340 num
824 3278 998 3358 quod
1027 3278 1238 3358 habet,
1271 3296 1403 3343 non
1430 3279 1623 3344 hahet
1647 3281 2177 3363 permanentiam.

638 3383 708 3447 In
736 3384 948 3467 primo
976 3403 1045 3449 se
1071 3384 1356 3451 inveniet
1375 3386 1847 3469 imperfectum3
1873 3387 1944 3452 in
1962 3407 2182 3454 secun·

636 3491 740 3571 do,
769 3510 900 3559 non
928 3493 1119 3558 habet
1144 3494 1506 3578 proprium:
1550 3495 1618 3559 in
1646 3499 1854 3576 tertie,
1887 3498 2072 3561 debet
2096 3499 2177 3562 ti-

638 3616 811 3662 mere
838 3600 1107 3681 malum,
1134 3601 1392 3665 ruinam
1423 3605 1487 3665 et
1510 3601 1791 3685 lapsum;
1825 3603 1976 3686 quia
2001 3622 2177 3668 sem-

636 3723 749 3787 per
773 3706 1017 3790 aliquid
1041 3708 1215 3772 deest
1229 3708 1477 3773 homini
1505 3709 1586 3774 ad
1608 3710 1901 3790 salutem,
1932 3715 1996 3775 et
2018 3710 2182 3775 nihil

635 3813 826 3877 habet
852 3832 933 3878 ex
961 3832 1028 3879 se
1049 3815 1225 3880 unde
1251 3815 1448 3898 possit
1473 3816 1732 3895 salvari,
1754 3823 1817 3882 et
1843 3818 2013 3883 bona
2038 3821 2180 3900 ejus

634 3939 764 3984 non
793 3926 1189 4004 permanent.

951 4166 1351 4239 PSALMUS
1398 4168 1670 4238 DAVID
1715 4169 1859 4239 XL.

718 4366 747 4423 1
761 4407 777 4424 .
812 4358 1107 4427 Psalmus
1133 4362 1269 4444 ipsi
1293 4360 1508 4427 David
1540 4361 1647 4445 (a).
1669 4359 1998 4425 Tredccim
2026 4366 2183 4426 sunt

633 4467 883 4551 psalmi,
909 4467 979 4533 in
1003 4486 1283 4550 quorum
1306 4470 1492 4534 titulo
1520 4470 1642 4533 hoc
1661 4468 1920 4551 ponitur
1948 4486 2178 4551 prono-

636 4594 806 4657 men,
845 4577 1000 4657 ipsi,
1033 4575 1136 4639 vel
1172 4576 1347 4643 huic.
1391 4576 1645 4641 Primus
1676 4580 1773 4641 est
1810 4595 1828 4641 ε
1864 4576 2181 4645 conserva

631 4700 762 4764 me,
826 4684 1117 4752 Domine.
1161 4684 1540 4750 Secundus:
1594 4684 1697 4749 Ad
1740 4689 1829 4764 te,
1886 4685 2171 4767 Domine,

630 4789 937 4856 clamabo.
969 4813 1000 4852 n
1031 4790 1283 4857 Tertius
1312 4796 1406 4857 est
1452 4790 1580 4855 hic.
1626 4789 1944 4867 Quartus:
1980 4792 2172 4875 Deus,

628 4899 935 4981 repulisti
969 4914 1109 4966 nos.
1189 4898 1462 4976 Quintus
1502 4917 1519 4961 ε
1574 4897 1836 4965 Salvum
1888 4916 1983 4966 me
2029 4901 2133 4980 fac
2153 4949 2175 4980 ,

629 5006 835 5085 Deus,
868 5008 1178 5089 quoniam
1223 5007 1633 5073 intraverunt
1659 5024 1864 5091 aquoe.
1905 5006 2171 5072 Sextus:

630 5113 940 5182 Exultate
985 5116 1138 5182 Deo.
1192 5112 1516 5197 Septimus
1559 5138 1574 5180 :
1628 5114 1882 5195 Venite,
1925 5115 2174 5183 exulte-

698 5318 711 5346 ¹
738 5314 944 5379 Manli„
970 5324 1043 5379 vr,
1078 5317 1155 5366 12.
1178 5340 1243 5353 -
1282 5312 1460 5376 ηας..
1488 5325 1560 5379 vr,
1590 5315 1670 5366 38.
1690 5340 1751 5354 -
1783 5316 1803 5347 ⁸
1831 5316 1982 5380 ibid„
2005 5317 2084 5368 37.
2113 5341 2174 5353 -

630 5388 654 5424 ⁸
680 5386 818 5449 Luc„
842 5398 918 5452 11,
950 5389 1031 5437 41.
1066 5412 1129 5427 --
1166 5387 1185 5418 ⁵
1210 5386 1415 5450 Matio„
1443 5396 1556 5450 xix,
1584 5389 1664 5439 27.
1689 5412 1754 5427 —
1787 5388 1811 5423 θ
1836 5388 1879 5439 ll
1909 5389 2046 5451 Cor..
2074 5398 2172 5449 xn,

633 5462 790 5510 15.-
811 5459 827 5490 ⁷
852 5459 894 5509 11
925 5457 1066 5521 Con,
1093 5469 1166 5520 iv,
1193 5460 1271 5508 16.

1684 449 2100 519 EXPOSITIO
2147 449 2227 518 IN
2269 449 2790 518 PSALTERmM.

2309 603 2473 654 mus.
2534 586 2805 653 Octavus
2840 609 2855 654 :
2892 586 3206 654 Dominus
3250 591 3570 672 reputavit,
3610 588 3851 656 exultet

2309 700 2504 761 terra.
2548 693 2767 760 Nonus
2798 716 2815 759 :
2857 693 3374 762 Misericordiam
3405 700 3466 762 et
3488 695 3846 777 Judicium.

2310 801 2641 868 Decimus:
2674 801 2972 881 Remotio,
3005 805 3229 869 anima
3254 819 3416 883 mea,
3451 804 3741 882 Domino,
3791 807 3853 869 et

2308 911 2530 975 omnia
2554 925 2695 992 quoe
2721 911 2904 976 intra
2924 925 3044 974 me.
3075 908 3458 975 Undecimus
3490 932 3507 973 :
3540 909 3851 978 Paratum

2307 1033 2415 1084 cor
2437 1033 2670 1084 meum.
2696 1016 3151 1082 Duodecimus:
3179 1018 3540 1099 Confitebor
3567 1018 3709 1097 tibi,
3731 1019 3853 1085 Do-

2302 1128 2514 1207 mine,
2543 1129 2619 1193 in
2649 1132 2778 1194 toto
2811 1125 2999 1194 corde
3032 1142 3197 1207 meo,
3237 1130 3544 1210 quoniam
3574 1125 3847 1193 audisti.

2307 1234 2561 1300 Tertius
2586 1236 2869 1300 decimus
2902 1237 3276 1303 :Exattaba

2385 1348 2448 1423 2,
2477 1348 2537 1407 9.
2570 1345 2837 1424 Beatus,
2870 1347 2987 1427 qui
3021 1343 3333 1427 inteltiqit
3359 1361 3552 1428 super
3591 1361 3853 1429 eqenum

2306 1456 2370 1518 et
2379 1467 2749 1534 pauperem.
2767 1452 3121 1536 Numquid,
3135 1457 3251 1536 qui
3263 1453 3523 1533 dormit,
3538 1469 3670 1520 non
3687 1453 3854 1537 adji-

2302 1559 2454 1638 ciet,
2484 1565 2562 1626 ut
2588 1562 2929 1643 resumat?
2959 1559 3076 1624 Hic
3117 1560 3349 1624 dicitur
3371 1560 3543 1643 quod
3571 1560 3853 1626 Christus

2302 1666 2588 1731 animam
2618 1684 2803 1730 suam
2832 1666 3146 1749 deposuit,
3172 1668 3283 1733 sed
3313 1686 3443 1733 non
3469 1687 3510 1732 a
3535 1687 3625 1749 se,
3655 1670 3787 1733 imo
3813 1687 3853 1733 a

2303 1791 2532 1838 carne:
2563 1792 2716 1838 nam
2744 1792 2977 1858 corpus
3003 1779 3064 1839 et
3093 1775 3311 1839 anima
3337 1794 3677 1859 nunquam
3701 1780 3851 1841 sunt

2301 1885 2590 1963 separata
2616 1900 2654 1945 a
2683 1882 3037 1947 divinitate.
3060 1881 3256 1948 Nota:
3275 1883 3381 1947 hic
3398 1883 3651 1963 dicitur,
3680 1882 3853 1968 quod

2300 1985 2584 2053 Christus
2609 1993 2703 2054 est
2730 2008 2902 2056 unus
2933 1989 3006 2054 in
3028 1991 3337 2073 personiS,
3370 1990 3439 2054 in
3464 1990 3715 2055 naturis
3745 2007 3853 2070 ge-

2303 2095 2538 2175 minus,
2569 2095 2638 2160 in
2680 2096 3049 2161 substantiis
3090 2096 3324 2161 trinus,
3370 2096 3534 2161 Nam
3580 2098 3671 2161 ibi
3703 2101 3851 2162 sunt

2301 2205 2431 2266 tres
2450 2204 2843 2284 substantiae,
2877 2204 3112 2269 scilicet
3142 2223 3395 2286 corpus,
3428 2206 3646 2269 anima
3670 2209 3733 2270 et
3761 2204 3851 2269 di-

2302 2309 2561 2374 vinitas,
2596 2311 2714 2375 Hic
2739 2311 2990 2392 dicitur,
3020 2312 3192 2395 quod
3238 2312 3522 2377 Christus
3558 2317 3852 2378 mortuus

2301 2421 2417 2493 est,
2450 2437 2581 2483 non
2626 2419 3018 2484 necessitate.
3064 2419 3368 2498 Dicimus,
3419 2419 3570 2502 quia
3613 2423 3711 2484 est
3737 2438 3850 2484 ne-

2300 2525 2558 2590 cessitas
2583 2526 2945 2608 coactionis,
2973 2527 3415 2610 opportunitas
3441 2526 3843 2591 conditionis.

2300 2631 2424 2696 Sed
2445 2634 2780 2698 necessitas
2801 2633 3175 2698 conditionis
3200 2633 3509 2698 dividitur
3526 2634 3593 2697 in
3622 2650 3846 2697 neces-

2298 2740 2555 2803 sitatem
2579 2740 2923 2805 coactionis
2940 2759 3024 2805 ex
3041 2740 3243 2805 libera
3259 2740 3608 2818 voluntate,
3633 2740 3737 2804 vel
3763 2758 3849 2804 ex

2298 2865 2489 2912 causa
2532 2848 2957 2930 praecedente3
3003 2866 3085 2912 ex
3128 2847 3332 2912 libera
3379 2847 3728 2926 voluntate,
3771 2849 3847 2912 ut

2297 2957 2414 3037 qui
2440 2954 2508 3019 in
2532 2955 2880 3020 claustrum
2898 2973 2969 3019 se
2984 2954 3186 3038 ponit,
3208 2955 3393 3020 debet
3419 2954 3513 3019 ire
3531 2973 3614 3019 ex
3639 2972 3845 3019 neces-

2296 3062 2480 3127 sitate
2523 3061 2603 3127 ad
2635 3063 2981 3141 matutinas
3009 3082 3091 3128 ex
3119 3062 3229 3126 tali
3256 3062 3652 3144 necessitate,
3687 3063 3842 3146 quia

2294 3170 2375 3234 de
2409 3170 2736 3236 voluntate
2774 3172 2843 3235 in
2879 3171 3319 3236 necessitatem
3366 3188 3435 3235 se
3482 3171 3714 3253 posuit.
3747 3169 3846 3234 Ex

2298 3297 2491 3344 causa
2525 3278 2939 3362 praecedente,
2990 3282 3065 3343 ut
3087 3279 3344 3360 quando
3370 3277 3517 3362 quis
3547 3295 3662 3360 pro
3690 3295 3845 3361 pec-

2292 3390 2433 3451 cato
2462 3386 2841 3469 praecedenti
2868 3386 3205 3467 affligitur.
3238 3385 3523 3452 Christus
3553 3389 3845 3450 mortuus

2292 3497 2388 3558 est
2415 3512 2497 3557 ex
2539 3492 2909 3558 necessitate
2950 3492 3325 3557 conditionis
3361 3495 3424 3556 et
3465 3493 3842 3576 opportuni·-

2292 3602 2436 3666 tatis
2459 3650 2475 3681 ‚
2531 3618 2663 3665 non
2717 3600 3078 3666 coactionis.
3135 3599 3643 3683 Polysyntheton
3696 3604 3793 3665 est
3822 3649 3841 3681 ,

2293 3707 2549 3790 quando
2591 3708 2795 3773 oratio
2834 3707 3052 3773 multis
3088 3709 3489 3773 connectitur
3532 3712 3841 3792 conjunc-

2294 3814 2597 3893 tionibu3‚
2631 3818 2706 3879 ut
2746 3814 2853 3878 hic
2903 3817 2990 3893 (v.
3022 3814 3123 3897 3):
3171 3814 3482 3882 Dominus
3522 3822 3843 3884 conservet

2292 3939 2452 4014 eum,
2486 3928 2547 3991 et
2573 3923 2866 4004 vivificet
2893 3939 3054 4000 eum,
3085 3929 3149 3990 et
3176 3923 3424 3992 beatum
3449 3925 3654 4004 faciat
3678 3941 3840 4005 eum,

2296 4036 2357 4098 et
2384 4046 2517 4098 non
2544 4030 2787 4109 tradat,
2815 4034 2934 4096 etc.

2374 4145 2475 4205 1ο.
2522 4140 2777 4207 Etenim
2819 4139 2999 4207 homo
3025 4142 3212 4223 pacis
3236 4154 3415 4219 mete,
3445 4141 3521 4207 in
3546 4154 3670 4222 quo
3697 4154 3841 4223 spe-

2295 4249 2465 4314 ravi.
2498 4247 2608 4311 Est
2632 4248 2830 4312 homo
2874 4247 3171 4327 interior,
3204 4252 3268 4312 et
3307 4249 3404 4310 est
3429 4247 3625 4311 homo
3663 4251 3841 4312 exte·
3943 4275 4092 4317 nom

2292 4353 2457 4433 rior;
2490 4354 2661 4419 unde
2698 4353 3041 4438 Apostolus
3066 4354 3089 4389 '¹
3123 4377 3138 4418 :
3179 4377 3210 4416 α
3237 4352 3370 4419 Etsi
3407 4353 3603 4419 homo
3630 4356 3846 4418 noster
3871 4335 4087 4441 ,ῗῗξῑζῖ

2292 4462 2569 4528 exterior
2615 4463 3074 4546 corrumpitur,
3108 4462 3375 4528 interior
3409 4467 3624 4527 tamen
3652 4481 3843 4528 reno·
3870 4461 3980 4506 ²³⁰¹·-

2291 4573 2483 4635 vatur
2508 4569 2587 4634 de
2614 4569 2715 4634 die
2744 4569 2831 4652 {in
2856 4568 3050 4634 diem.
3079 4593 3110 4629 υ
3158 4567 3331 4650 Ergo
3358 4568 3554 4634 homo
3579 4569 3844 4636 interior

2291 4676 2369 4741 de
2400 4676 2700 4741 exteriori
2746 4676 3183 4759 conqueritur.
3236 4676 3435 4745 Homo
3469 4678 3687 4760 pacis,
3719 4681 3839 4743 etc.

2296 4782 2595 4860 Quandiu
2626 4801 2860 4867 corpus
2900 4783 3154 4865 spiritui
3188 4802 3320 4849 non
3353 4784 3588 4867 obedit,
3618 4804 3844 4869 pugna

2292 4896 2388 4957 est
2419 4914 2434 4955 ε
2464 4892 2722 4975 quando
2751 4910 2986 4975 corpus
3014 4911 3145 4958 non
3168 4893 3331 4959 bene
3356 4893 3680 4975 obediens,
3700 4896 3843 4962 obe·

2293 4999 2407 5078 dit,
2438 4999 2671 5067 dicitur
2698 5018 2829 5083 pax
2845 4999 3133 5082 spiritus;
3167 5001 3424 5085 quando
3451 5022 3489 5067 e
3506 5020 3837 5085 converse,

2290 5126 2420 5191 pax
2466 5107 2696 5172 carnis,
2743 5105 3018 5190 Spiritus
3053 5109 3122 5172 in
3162 5127 3352 5174 carne
3389 5128 3610 5192 pacem
3654 5128 3843 5178 suam
3898 5131 4091 5190 ruspi-

2294 5217 2564 5295 invenit‚
2585 5234 2736 5283 cum
2763 5215 2913 5282 dicit
2942 5238 2958 5282 :
2984 5216 3186 5285 Homo
3204 5219 3391 5301 pacis
3409 5234 3582 5298 meae,
3609 5222 3671 5285 et
3697 5218 3844 5285 suh-
3871 5195 4010 5240 ‘nm’

2355 5380 2423 5445 (a)
2456 5380 2583 5431 caet.
2618 5379 2744 5432 edit.
2778 5394 2885 5432 non
2921 5381 3145 5433 habent:
3176 5381 3429 5435 Psalmue.
3458 5383 3559 5449 ipsi
3583 5384 3764 5446 David,
3792 5388 3844 5437 et
3959 5460 3967 5467 ι

2288 5453 2514 5518 glossam
2544 5453 2773 5506 referunt
2798 5454 2867 5505 ad
2896 5453 3030 5504 Psal.
3073 5465 3155 5504 ιν,
