4196 6294
1462 466 1937 535 ADDlTIONES
1977 468 2084 532 AD
2125 465 2595 534 LUMINARIA.

432 616 766 683 collatione
793 633 813 678 z
842 613 1108 696 ipsaque
1134 609 1379 687 anima,
1403 606 1597 689 prout
1622 605 1828 668 status
1850 602 1980 669 viae

432 723 674 807 patitur
700 769 723 801 ,
771 720 841 784 in
885 720 1012 784 Deo
1056 716 1370 802 quiescit,
1416 729 1672 778 cessans
1713 729 1753 775 a
1788 710 1980 796 novis

436 830 584 894 vitae
611 830 915 893 humanae
945 824 1263 890 exercitiis
1286 823 1356 886 in
1379 824 1551 885 statu
1568 819 1734 893 viae.
1751 816 1980 900 Super-

434 941 531 1003 est
568 936 762 1001 etiam
804 935 1030 999 ultima
1055 932 1257 1008 visio,
1291 928 1525 993 scilicet
1551 926 1717 991 visio
1745 925 1977 989 intelli-

437 1044 676 1125 gentiae
731 1061 846 1126 per
894 1045 1131 1106 statum
1190 1037 1418 1121 gloriae
1475 1035 1936 1098 consummatae
1956 1080 1977 1112 ‚

436 1151 693 1235 quando
725 1152 798 1214 fit
833 1150 1115 1216 reversio
1141 1146 1376 1212 animae
1416 1144 1495 1209 ad
1536 1159 1804 1223 corpuS‚
1830 1158 1980 1224 quae

434 1264 499 1324 et
545 1259 817 1344 qualiter
856 1260 924 1322 in
963 1258 1072 1322 illo
1114 1258 1284 1321 statu
1329 1252 1557 1337 gloriae
1600 1249 1867 1315 videbit.
1902 1247 1981 1313 Et

434 1366 574 1432 haec
601 1367 768 1433 visio
795 1370 891 1431 est
930 1368 1073 1449 post
1119 1364 1287 1428 hanc
1326 1362 1549 1428 vitam.
1582 1359 1727 1423 lstae
1760 1359 1978 1421 autem

433 1479 564 1539 tres
588 1474 835 1539 ultimae
853 1472 1133 1537 visiones
1156 1469 1366 1534 adhuc
1394 1467 1537 1551 plus
1556 1463 1976 1542 continerent,

433 1601 629 1667 quam
659 1584 935 1666 quatuor
970 1578 1314 1657 praedictae.

515 1691 672 1770 Sed,
704 1690 872 1755 heul
903 1688 1072 1753 heul
1104 1686 1264 1749 heu!
1297 1680 1786 1765 superveniente
1807 1681 1980 1744 statu

431 1798 791 1877 excelsiori,
839 1800 902 1861 et
939 1796 1091 1861 vitae
1137 1808 1406 1858 excessu
1448 1788 1690 1855 domini
1734 1792 1797 1852 et
1835 1805 1974 1850 ma-

433 1907 621 1990 gistri
660 1906 863 1988 hujus
917 1901 1129 1986 operis
1145 1949 1164 1981 ,
1203 1897 1711 1983 prosecutionem
1757 1910 1975 1979 prose-

430 1998 803 2079 cuturi'non
829 2012 1231 2094 acceperunt.
1261 2005 1413 2071 Haec
1443 2008 1696 2080 autem,
1726 2020 1873 2085 quae
1901 2000 1979 2065 de

431 2126 706 2205 quatuor
731 2118 1088 2183 visionibus
1130 2114 1381 2190 notavi,
1414 2111 1565 2176 talia
1592 2114 1776 2189 sunt,
1815 2126 1973 2190 qua-

430 2228 517 2293 lia
543 2227 622 2293 de
650 2244 760 2291 ore
782 2224 1101 2309 loquentis
1138 2238 1362 2304 rapere
1402 2221 1689 2301 poteram
1715 2216 1786 2280 in
1814 2234 1977 2299 qua-

429 2341 709 2401 ternum.
741 2333 868 2397 Alii
901 2332 1163 2415 quidem
1203 2329 1331 2393 duo
1358 2326 1511 2392 socii
1558 2342 1816 2389 mecum
1862 2342 1974 2388 no-

430 2443 683 2520 tabant;
718 2439 829 2504 sed
860 2455 1086 2503 eorum
1105 2434 1345 2500 notulae
1367 2451 1500 2516 prae
1523 2432 1726 2496 nimia
1751 2431 1973 2495 consu-

432 2552 610 2615 sione
624 2598 641 2627 ,
667 2552 731 2613 et
755 2545 1174 2629 illegibilitate
1190 2593 1208 2623 ‚
1245 2542 1407 2606 nulli
1446 2542 1708 2606 fuerunt
1746 2539 1934 2604 utiles
1950 2591 1971 2620 ,

431 2658 556 2722 nisi
579 2659 755 2722 forte·
775 2656 899 2720 sibi
927 2656 1209 2719 correcto
1224 2700 1243 2732 ‚
1273 2654 1387 2715 aut
1414 2666 1558 2714 meo
1587 2646 1937 2731 exemplari
1951 2694 1973 2726 ,

432 2765 605 2848 quod
639 2763 778 2845 legi
816 2765 1063 2847 poterat
1103 2761 1184 2825 ab
1216 2758 1584 2824 auditorum
1629 2754 1972 2837 aliquibus.

436 2871 576 2953 Ipse
605 2870 820 2956 doctor
845 2869 1092 2953 operis,
1123 2867 1201 2932 de
1238 2866 1379 2949 ipso
1408 2881 1553 2928 meo
1578 2861 1930 2946 exemplari
1951 2911 1973 2942 ,

435 2981 502 3043 et
536 2976 950 3060 quamplures
995 2974 1106 3040 alii
1159 2971 1666 3055 rescripserunt,
1706 2968 1821 3053 qui
1858 2988 1976 3052 pro

435 3103 512 3153 eo
556 3085 718 3152 mihi
755 3085 989 3153 debent
1035 3086 1278 3168 grates.
1309 3078 1557 3163 Elapsis
1586 3080 1806 3144 autem
1844 3077 1977 3143 die-

3514 478 3630 539 153

2086 605 2211 670 hus
2252 604 2509 685 multis,
2549 605 2928 670 concedente
2965 605 3129 670 mihi
3175 608 3423 688 copiam
3464 592 3627 673 tem-

2089 713 2265 796 poris
2291 717 2356 777 et
2377 713 2525 777 libri
2552 712 2903 778 reverendo
2930 717 3109 795 patre
3133 714 3329 779 fratre
3349 712 3594 781 Thoma
3607 764 3626 796 ,

2090 821 2388 885 ministro
2413 820 2763 885 Alemaniae
2790 821 3138 904 superioris
3155 868 3178 900 ‚
3202 840 3465 887 rursum
3491 843 3626 889 res-

2088 928 2236 1010 pexi
2265 946 2414 1010 quae
2444 928 2822 1009 scripseram
2859 928 3059 994 veloci
3101 948 3334 1011 manu,
3364 936 3429 997 et
3454 933 3630 998 visus

2089 1053 2237 1099 sum
2277 1034 2648 1117 recolligere
2689 1034 2976 1099 ordinate
2994 1083 3017 1115 ,
3049 1045 3427 1119 cooperante
3470 1038 3631 1102 mihi

2090 1145 2434 1221 memoria,
2465 1162 2594 1227 quo
2634 1144 2951 1226 loquentis
2993 1161 3217 1209 vocem
3255 1146 3585 1210 audieram
3604 1196 3626 1227 ‚

2087 1252 2316 1316 auditu
2349 1300 2367 1330 ‚
2409 1257 2473 1316 et
2514 1251 2662 1315 visu
2714 1269 2843 1333 quo
2900 1252 3278 1316 recordabar
3325 1257 3630 1334 gestuum

2059 1360 2437 1446 '’loquentim
2467 1379 2615 1443 quae
2646 1360 2853 1425 solent
2893 1358 3224 1424 memoriae
3263 1362 3590 1443 cooperari
3604 1409 3627 1441 ,

2090 1469 2444 1534 secundum
2473 1467 2931 1550 Philosophum
2959 1470 2976 1504 ¹
3002 1515 3020 1545 ‚
3061 1468 3129 1531 in
3169 1467 3334 1533 libro
3378 1468 3458 1535 de
3505 1468 3636 1536 Me-

2088 1576 2299 1642 moria
2324 1580 2383 1641 et
2405 1574 2931 1641 Reminiscentia.
2963 1571 3094 1639 Nec
3121 1576 3336 1639 tamen
3362 1576 3632 1658 apposui

2088 1682 2469 1765 quidquam,
2502 1682 2674 1764 quod
2700 1682 2834 1765 ipse
2872 1699 3004 1747 non
3028 1681 3314 1762 dixerat,
3353 1682 3479 1747 nisi
3517 1683 3629 1747 ubi

2089 1790 2556 1855 distinctionem
2598 1789 2912 1854 librorum
2952 1790 3308 1874 Aristotelis
3347 1790 3630 1855 localiter

2088 1899 2365 1981 amplius
2377 1947 2395 1979 ‚
2431 1917 2630 1982 quam
2671 1899 2808 1981 ipse
2844 1898 3124 1976 dixerat,
3164 1898 3448 1962 distinxi.
3488 1898 3630 1964 Alia

2087 2011 2305 2071 autem
2351 2025 2483 2099 non
2529 2006 2797 2089 apposui
2811 2053 2833 2085 ,
2876 2005 3004 2069 nisi
3041 2006 3213 2089 quod
3255 2007 3450 2071 etiam
3491 2005 3632 2071 loca

2089 2116 2537 2182 auctoritatum
2567 2115 2929 2197 aliquarum
2965 2113 3319 2195 assignavi.
3350 2113 3630 2195 Legeba-

2086 2227 2226 2303 tur,
2259 2225 2323 2288 et
2357 2222 2856 2305 componebatur
2882 2222 3005 2286 hoc
3029 2221 3413 2304 opusculum
3451 2221 3628 2287 Pari-

2088 2331 2231 2411 siis,
2282 2349 2453 2395 anno
2496 2329 2746 2394 Domini
2797 2327 3192 2394 Mcctxxlv
3216 2331 3277 2408 ²,
3320 2348 3359 2393 a
3391 2329 3636 2394 Pascha

2087 2457 2292 2522 usque
2333 2439 2412 2502 ad
2454 2437 2867 2503 Pentecosten
2883 2483 2904 2515 ,
2934 2436 3357 2519 praesentibus
3401 2435 3638 2520 aliqui-

2089 2548 2214 2612 bus
2240 2545 2565 2627 Magistris
2590 2548 2655 2610 et
2681 2543 3119 2609 Baccalaureis
3136 2541 3508 2625 Theologiae
3528 2590 3546 2623 ‚
3572 2548 3636 2609 et

2087 2655 2231 2720 aliis
2252 2653 2558 2719 tratribus
2584 2654 2841 2716 centum
2869 2651 3231 2732 sexaginta.

2154 2952 2168 2983 ¹
2197 2951 2370 3011 Arist..
2398 2950 2461 3001 de
2486 2952 2635 3001 Mem.
2663 2951 2714 3000 et
2742 2949 2930 3000 Remea.
2955 2974 3017 2987 -
3044 2949 3063 2981 ²
3086 2950 3196 3000 imo
3224 2961 3311 2999 an.
3337 2951 3477 3001 ¹272.
3503 2947 3632 3000 Vide

2088 3023 2247 3162 {1133th
2252 3037 2308 3074 m
2340 3021 2693 3075 Praenotandis
2741 3035 2806 3072 ex
2835 3021 3147 3085 prodromo,
3173 3019 3319 3072 initio
3355 3019 3632 3071 voluminis
