<?xml version="1.0" encoding="UTF-8"?>
<!DOCTYPE html PUBLIC "-//W3C//DTD XHTML 1.0 Transitional//EN"
    "http://www.w3.org/TR/xhtml1/DTD/xhtml1-transitional.dtd">
<html xmlns="http://www.w3.org/1999/xhtml" xml:lang="en" lang="en">
 <head>
  <title>
</title>
<meta http-equiv="Content-Type" content="text/html;charset=utf-8" />
  <meta name='ocr-system' content='tesseract 3.04.00' />
  <meta name='ocr-capabilities' content='ocr_page ocr_carea ocr_par ocr_line ocrx_word'/>
</head>
<body>
  <div class='ocr_page' id='page_1' title='image "./srecardinalissb00cargoog_0033.png"; bbox 0 0 4196 6294; ppageno 0'>
   <div class='ocr_carea' id='block_1_1' title="bbox 1180 464 3535 536">
    <p class='ocr_par' dir='ltr' id='par_1_1' title="bbox 1180 464 3535 536">
     <span class='ocr_line' id='line_1_1' title="bbox 1180 464 3535 536; baseline 0 -1"><span class='ocrx_word' id='word_1_1' title='bbox 1180 467 1277 534; x_wconf 84' lang='lat' dir='ltr'>DE</span> <span class='ocrx_word' id='word_1_2' title='bbox 1293 465 1599 535; x_wconf 78' lang='lat' dir='ltr'>.SACRAE</span> <span class='ocrx_word' id='word_1_3' title='bbox 1637 464 2102 536; x_wconf 78' lang='lat' dir='ltr'>SCRIPTURAE</span> <span class='ocrx_word' id='word_1_4' title='bbox 2142 465 2692 536; x_wconf 76' lang='lat' dir='ltr'>PRAESTANTIA.</span> <span class='ocrx_word' id='word_1_5' title='bbox 3462 474 3535 536; x_wconf 75' lang='lat' dir='ltr'>ss</span> 
     </span>
    </p>
   </div>
   <div class='ocr_carea' id='block_1_2' title="bbox 309 599 1907 5241">
    <p class='ocr_par' dir='ltr' id='par_1_2' title="bbox 309 599 1905 4801">
     <span class='ocr_line' id='line_1_2' title="bbox 309 599 1884 683; baseline 0.002 -18"><span class='ocrx_word' id='word_1_6' title='bbox 309 599 381 665; x_wconf 81' lang='lat' dir='ltr'>de</span> <span class='ocrx_word' id='word_1_7' title='bbox 403 599 741 681; x_wconf 78' lang='lat' dir='ltr'>moribus,</span> <span class='ocrx_word' id='word_1_8' title='bbox 776 604 862 668; x_wconf 81' lang='lat' dir='ltr'>ut</span> <span class='ocrx_word' id='word_1_9' title='bbox 887 603 962 668; x_wconf 89' lang='lat' dir='ltr'>in</span> <span class='ocrx_word' id='word_1_10' title='bbox 989 604 1365 683; x_wconf 80' lang='lat' dir='ltr'>Proverbiis,</span> <span class='ocrx_word' id='word_1_11' title='bbox 1394 608 1458 670; x_wconf 89' lang='lat' dir='ltr'>et</span> <span class='ocrx_word' id='word_1_12' title='bbox 1483 603 1555 668; x_wconf 91' lang='lat' dir='ltr'>in</span> <span class='ocrx_word' id='word_1_13' title='bbox 1579 602 1884 669; x_wconf 87' lang='lat' dir='ltr'>omnibus</span> 
     </span>
     <span class='ocr_line' id='line_1_3' title="bbox 316 707 1887 795; baseline -0.001 -21"><span class='ocrx_word' id='word_1_14' title='bbox 316 707 817 791; x_wconf 82' lang='lat' dir='ltr'>sapientialibus</span> <span class='ocrx_word' id='word_1_15' title='bbox 843 710 1063 792; x_wconf 85' lang='lat' dir='ltr'>libris;</span> <span class='ocrx_word' id='word_1_16' title='bbox 1089 715 1202 778; x_wconf 88' lang='lat' dir='ltr'>aut</span> <span class='ocrx_word' id='word_1_17' title='bbox 1225 714 1303 779; x_wconf 90' lang='lat' dir='ltr'>de</span> <span class='ocrx_word' id='word_1_18' title='bbox 1326 712 1585 795; x_wconf 86' lang='lat' dir='ltr'>Logica,</span> <span class='ocrx_word' id='word_1_19' title='bbox 1608 727 1727 794; x_wconf 91' lang='lat' dir='ltr'>pro</span> <span class='ocrx_word' id='word_1_20' title='bbox 1755 728 1887 793; x_wconf 86' lang='lat' dir='ltr'>qua</span> 
     </span>
     <span class='ocr_line' id='line_1_4' title="bbox 321 817 1887 900; baseline 0.001 -19"><span class='ocrx_word' id='word_1_21' title='bbox 321 818 513 882; x_wconf 85' lang='lat' dir='ltr'>nostri</span> <span class='ocrx_word' id='word_1_22' title='bbox 537 817 963 900; x_wconf 74' lang='lat' dir='ltr'>theologiam</span> <span class='ocrx_word' id='word_1_23' title='bbox 988 819 1105 884; x_wconf 90' lang='lat' dir='ltr'>sibi</span> <span class='ocrx_word' id='word_1_24' title='bbox 1120 820 1482 900; x_wconf 75' lang='lat' dir='ltr'>vendicant,</span> <span class='ocrx_word' id='word_1_25' title='bbox 1499 819 1655 884; x_wconf 90' lang='lat' dir='ltr'>utin</span> <span class='ocrx_word' id='word_1_26' title='bbox 1670 817 1887 884; x_wconf 79' lang='lat' dir='ltr'>Canti-</span> 
     </span>
     <span class='ocr_line' id='line_1_5' title="bbox 332 926 1887 1011; baseline 0 -19"><span class='ocrx_word' id='word_1_27' title='bbox 332 927 438 1005; x_wconf 69' lang='grc' dir='ltr'>ωἐ,</span> <span class='ocrx_word' id='word_1_28' title='bbox 465 931 529 991; x_wconf 87' lang='lat' dir='ltr'>et</span> <span class='ocrx_word' id='word_1_29' title='bbox 555 927 976 1010; x_wconf 75' lang='lat' dir='ltr'>Evanqeliis.</span> <span class='ocrx_word' id='word_1_30' title='bbox 994 951 1025 989; x_wconf 77' lang='grc' dir='ltr'><strong>ι</strong></span> <span class='ocrx_word' id='word_1_31' title='bbox 1045 928 1469 1010; x_wconf 87' lang='lat' dir='ltr'>Cassiodorus,</span> <span class='ocrx_word' id='word_1_32' title='bbox 1490 945 1682 1011; x_wconf 81' lang='lat' dir='ltr'>super</span> <span class='ocrx_word' id='word_1_33' title='bbox 1708 926 1887 994; x_wconf 84' lang='lat' dir='ltr'>Psal-</span> 
     </span>
     <span class='ocr_line' id='line_1_6' title="bbox 334 1035 1882 1121; baseline -0.001 -21"><span class='ocrx_word' id='word_1_34' title='bbox 334 1049 458 1100; x_wconf 82' lang='lat' dir='ltr'>mos</span> <span class='ocrx_word' id='word_1_35' title='bbox 487 1041 533 1113; x_wconf 85' lang='lat'>¹,</span> <span class='ocrx_word' id='word_1_36' title='bbox 554 1035 600 1100; x_wconf 87' lang='lat' dir='ltr'>d</span> <span class='ocrx_word' id='word_1_37' title='bbox 676 1036 992 1102; x_wconf 79' lang='lat' dir='ltr'>veritates</span> <span class='ocrx_word' id='word_1_38' title='bbox 1014 1038 1084 1102; x_wconf 88' lang='lat' dir='ltr'>in</span> <span class='ocrx_word' id='word_1_39' title='bbox 1112 1037 1369 1121; x_wconf 88' lang='lat' dir='ltr'>speciali</span> <span class='ocrx_word' id='word_1_40' title='bbox 1395 1036 1745 1116; x_wconf 87' lang='lat' dir='ltr'>descendit,</span> <span class='ocrx_word' id='word_1_41' title='bbox 1776 1052 1882 1100; x_wconf 90' lang='lat' dir='ltr'>os-</span> 
     </span>
     <span class='ocr_line' id='line_1_7' title="bbox 334 1142 1887 1229; baseline 0.001 -23"><span class='ocrx_word' id='word_1_42' title='bbox 334 1142 588 1206; x_wconf 87' lang='lat' dir='ltr'>tendens</span> <span class='ocrx_word' id='word_1_43' title='bbox 617 1162 705 1208; x_wconf 79' lang='lat' dir='ltr'>ex</span> <span class='ocrx_word' id='word_1_44' title='bbox 731 1144 972 1228; x_wconf 86' lang='lat' dir='ltr'>quibus</span> <span class='ocrx_word' id='word_1_45' title='bbox 995 1144 1152 1209; x_wconf 90' lang='lat' dir='ltr'>locis</span> <span class='ocrx_word' id='word_1_46' title='bbox 1175 1142 1653 1229; x_wconf 87' lang='lat' dir='ltr'>Scripturarum</span> <span class='ocrx_word' id='word_1_47' title='bbox 1681 1160 1887 1209; x_wconf 85' lang='lat' dir='ltr'>sacra-</span> 
     </span>
     <span class='ocr_line' id='line_1_8' title="bbox 334 1251 1886 1335; baseline -0.001 -19"><span class='ocrx_word' id='word_1_48' title='bbox 334 1269 478 1316; x_wconf 89' lang='lat' dir='ltr'>rum</span> <span class='ocrx_word' id='word_1_49' title='bbox 504 1251 881 1335; x_wconf 80' lang='lat' dir='ltr'>philosophi</span> <span class='ocrx_word' id='word_1_50' title='bbox 911 1253 1208 1317; x_wconf 86' lang='lat' dir='ltr'>veritates</span> <span class='ocrx_word' id='word_1_51' title='bbox 1240 1252 1420 1317; x_wconf 91' lang='lat' dir='ltr'>libris</span> <span class='ocrx_word' id='word_1_52' title='bbox 1452 1253 1587 1317; x_wconf 90' lang='lat' dir='ltr'>suis</span> <span class='ocrx_word' id='word_1_53' title='bbox 1613 1251 1886 1317; x_wconf 88' lang='lat' dir='ltr'>insertas</span> 
     </span>
     <span class='ocr_line' id='line_1_9' title="bbox 333 1361 1883 1444; baseline 0.001 -20"><span class='ocrx_word' id='word_1_54' title='bbox 333 1365 748 1443; x_wconf 87' lang='lat' dir='ltr'>acceperunt,</span> <span class='ocrx_word' id='word_1_55' title='bbox 808 1378 981 1425; x_wconf 90' lang='lat' dir='ltr'>nunc</span> <span class='ocrx_word' id='word_1_56' title='bbox 1031 1361 1109 1426; x_wconf 88' lang='lat' dir='ltr'>de</span> <span class='ocrx_word' id='word_1_57' title='bbox 1171 1361 1426 1444; x_wconf 80' lang='lat' dir='ltr'>Topicis</span> <span class='ocrx_word' id='word_1_58' title='bbox 1483 1361 1843 1426; x_wconf 84' lang='lat' dir='ltr'>Aristotelis</span> <span class='ocrx_word' id='word_1_59' title='bbox 1860 1409 1883 1441; x_wconf 92' lang='lat'>,</span> 
     </span>
     <span class='ocr_line' id='line_1_10' title="bbox 333 1468 1887 1550; baseline 0.001 -17"><span class='ocrx_word' id='word_1_60' title='bbox 333 1487 504 1533; x_wconf 87' lang='lat' dir='ltr'>nunc</span> <span class='ocrx_word' id='word_1_61' title='bbox 546 1468 629 1533; x_wconf 91' lang='lat' dir='ltr'>de</span> <span class='ocrx_word' id='word_1_62' title='bbox 677 1469 1029 1536; x_wconf 80' lang='lat' dir='ltr'>Geometria</span> <span class='ocrx_word' id='word_1_63' title='bbox 1064 1468 1365 1550; x_wconf 88' lang='lat' dir='ltr'>Euclidis,</span> <span class='ocrx_word' id='word_1_64' title='bbox 1402 1489 1578 1535; x_wconf 91' lang='lat' dir='ltr'>nunc</span> <span class='ocrx_word' id='word_1_65' title='bbox 1617 1471 1696 1535; x_wconf 91' lang='lat' dir='ltr'>de</span> <span class='ocrx_word' id='word_1_66' title='bbox 1741 1469 1887 1534; x_wconf 88' lang='lat' dir='ltr'>aliis</span> 
     </span>
     <span class='ocr_line' id='line_1_11' title="bbox 336 1575 1886 1660; baseline 0 -19"><span class='ocrx_word' id='word_1_67' title='bbox 336 1575 739 1660; x_wconf 89' lang='lat' dir='ltr'>philosophis</span> <span class='ocrx_word' id='word_1_68' title='bbox 775 1577 1014 1643; x_wconf 83' lang='lat' dir='ltr'>faciens</span> <span class='ocrx_word' id='word_1_69' title='bbox 1052 1579 1466 1643; x_wconf 90' lang='lat' dir='ltr'>mentionem.</span> <span class='ocrx_word' id='word_1_70' title='bbox 1505 1575 1685 1643; x_wconf 88' lang='lat' dir='ltr'>Unde</span> <span class='ocrx_word' id='word_1_71' title='bbox 1720 1576 1886 1641; x_wconf 90' lang='lat' dir='ltr'>libro</span> 
     </span>
     <span class='ocr_line' id='line_1_12' title="bbox 333 1684 1881 1768; baseline 0.001 -18"><span class='ocrx_word' id='word_1_72' title='bbox 333 1684 407 1750; x_wconf 86' lang='lat' dir='ltr'>de</span> <span class='ocrx_word' id='word_1_73' title='bbox 445 1684 666 1751; x_wconf 78' lang='lat' dir='ltr'>Sacrae</span> <span class='ocrx_word' id='word_1_74' title='bbox 708 1686 1057 1768; x_wconf 71' lang='lat' dir='ltr'>scripturae</span> <span class='ocrx_word' id='word_1_75' title='bbox 1085 1687 1519 1767; x_wconf 78' lang='lat' dir='ltr'>institutione,</span> <span class='ocrx_word' id='word_1_76' title='bbox 1549 1686 1641 1750; x_wconf 89' lang='lat' dir='ltr'>sic</span> <span class='ocrx_word' id='word_1_77' title='bbox 1678 1685 1829 1751; x_wconf 88' lang='lat' dir='ltr'>dicit</span> <span class='ocrx_word' id='word_1_78' title='bbox 1862 1705 1881 1752; x_wconf 77' lang='lat' dir='ltr'>z</span> 
     </span>
     <span class='ocr_line' id='line_1_13' title="bbox 343 1793 1888 1878; baseline 0.001 -22"><span class='ocrx_word' id='word_1_79' title='bbox 343 1817 374 1856; x_wconf 85' lang='grc' dir='ltr'>ι</span> <span class='ocrx_word' id='word_1_80' title='bbox 396 1793 661 1859; x_wconf 78' lang='lat' dir='ltr'>Constat</span> <span class='ocrx_word' id='word_1_81' title='bbox 678 1794 940 1878; x_wconf 83' lang='lat' dir='ltr'>quidem</span> <span class='ocrx_word' id='word_1_82' title='bbox 957 1794 1030 1858; x_wconf 91' lang='lat' dir='ltr'>in</span> <span class='ocrx_word' id='word_1_83' title='bbox 1048 1794 1298 1876; x_wconf 86' lang='lat' dir='ltr'>origine</span> <span class='ocrx_word' id='word_1_84' title='bbox 1316 1794 1623 1877; x_wconf 83' lang='lat' dir='ltr'>spiritalis</span> <span class='ocrx_word' id='word_1_85' title='bbox 1644 1794 1888 1878; x_wconf 88' lang='lat' dir='ltr'>sapien-</span> 
     </span>
     <span class='ocr_line' id='line_1_14' title="bbox 335 1899 1887 1985; baseline -0.002 -18"><span class='ocrx_word' id='word_1_86' title='bbox 335 1902 468 1983; x_wconf 85' lang='lat' dir='ltr'>tiae,</span> <span class='ocrx_word' id='word_1_87' title='bbox 503 1901 745 1967; x_wconf 84' lang='lat' dir='ltr'>scilicet</span> <span class='ocrx_word' id='word_1_88' title='bbox 771 1899 1118 1985; x_wconf 78' lang='lat' dir='ltr'>Scripturae</span> <span class='ocrx_word' id='word_1_89' title='bbox 1143 1920 1361 1982; x_wconf 82' lang='lat' dir='ltr'>sacrae,</span> <span class='ocrx_word' id='word_1_90' title='bbox 1384 1905 1498 1967; x_wconf 90' lang='lat' dir='ltr'>aut</span> <span class='ocrx_word' id='word_1_91' title='bbox 1522 1899 1887 1985; x_wconf 74' lang='lat' dir='ltr'>disciplina·</span> 
     </span>
     <span class='ocr_line' id='line_1_15' title="bbox 336 2010 1889 2093; baseline -0.001 -17"><span class='ocrx_word' id='word_1_92' title='bbox 336 2029 506 2092; x_wconf 89' lang='lat' dir='ltr'>rum,</span> <span class='ocrx_word' id='word_1_93' title='bbox 531 2015 648 2077; x_wconf 90' lang='lat' dir='ltr'>aut</span> <span class='ocrx_word' id='word_1_94' title='bbox 673 2011 913 2076; x_wconf 87' lang='lat' dir='ltr'>artium</span> <span class='ocrx_word' id='word_1_95' title='bbox 941 2010 1306 2076; x_wconf 90' lang='lat' dir='ltr'>liberalium</span> <span class='ocrx_word' id='word_1_96' title='bbox 1333 2011 1540 2093; x_wconf 88' lang='lat' dir='ltr'>initia,</span> <span class='ocrx_word' id='word_1_97' title='bbox 1570 2030 1689 2077; x_wconf 91' lang='lat' dir='ltr'>seu</span> <span class='ocrx_word' id='word_1_98' title='bbox 1717 2011 1889 2075; x_wconf 89' lang='lat' dir='ltr'>indi-</span> 
     </span>
     <span class='ocr_line' id='line_1_16' title="bbox 338 2120 1891 2203; baseline -0.001 -18"><span class='ocrx_word' id='word_1_99' title='bbox 338 2120 468 2200; x_wconf 82' lang='lat' dir='ltr'>cia,</span> <span class='ocrx_word' id='word_1_100' title='bbox 505 2120 704 2185; x_wconf 82' lang='lat' dir='ltr'>fuisse</span> <span class='ocrx_word' id='word_1_101' title='bbox 749 2120 1096 2199; x_wconf 88' lang='lat' dir='ltr'>seminata,</span> <span class='ocrx_word' id='word_1_102' title='bbox 1144 2137 1289 2202; x_wconf 83' lang='lat' dir='ltr'>quae</span> <span class='ocrx_word' id='word_1_103' title='bbox 1339 2122 1559 2203; x_wconf 85' lang='lat' dir='ltr'>postea</span> <span class='ocrx_word' id='word_1_104' title='bbox 1605 2120 1891 2185; x_wconf 87' lang='lat' dir='ltr'>doctores</span> 
     </span>
     <span class='ocr_line' id='line_1_17' title="bbox 336 2226 1887 2311; baseline -0.001 -17"><span class='ocrx_word' id='word_1_105' title='bbox 336 2228 747 2294; x_wconf 60' lang='lat' dir='ltr'>saecularium</span> <span class='ocrx_word' id='word_1_106' title='bbox 771 2227 1132 2292; x_wconf 87' lang='lat' dir='ltr'>litterarum</span> <span class='ocrx_word' id='word_1_107' title='bbox 1161 2227 1241 2292; x_wconf 90' lang='lat' dir='ltr'>ad</span> <span class='ocrx_word' id='word_1_108' title='bbox 1281 2244 1431 2291; x_wconf 90' lang='lat' dir='ltr'>suas</span> <span class='ocrx_word' id='word_1_109' title='bbox 1459 2226 1701 2292; x_wconf 79' lang='lat' dir='ltr'>litteras</span> <span class='ocrx_word' id='word_1_110' title='bbox 1728 2246 1887 2311; x_wconf 89' lang='lat' dir='ltr'>pru-</span> 
     </span>
     <span class='ocr_line' id='line_1_18' title="bbox 336 2334 1891 2417; baseline -0.001 -15"><span class='ocrx_word' id='word_1_111' title='bbox 336 2336 707 2403; x_wconf 87' lang='lat' dir='ltr'>dentissime</span> <span class='ocrx_word' id='word_1_112' title='bbox 733 2335 1229 2401; x_wconf 85' lang='lat' dir='ltr'>transtulerunt.</span> <span class='ocrx_word' id='word_1_113' title='bbox 1261 2334 1442 2413; x_wconf 89' lang='lat' dir='ltr'>Quod</span> <span class='ocrx_word' id='word_1_114' title='bbox 1467 2339 1616 2417; x_wconf 90' lang='lat' dir='ltr'>apto</span> <span class='ocrx_word' id='word_1_115' title='bbox 1652 2335 1793 2400; x_wconf 92' lang='lat' dir='ltr'>loco</span> <span class='ocrx_word' id='word_1_116' title='bbox 1821 2336 1891 2401; x_wconf 91' lang='lat' dir='ltr'>in</span> 
     </span>
     <span class='ocr_line' id='line_1_19' title="bbox 338 2443 1883 2529; baseline -0.004 -18"><span class='ocrx_word' id='word_1_117' title='bbox 338 2444 736 2529; x_wconf 78' lang='lat' dir='ltr'>expositione</span> <span class='ocrx_word' id='word_1_118' title='bbox 757 2443 1048 2509; x_wconf 87' lang='lat' dir='ltr'>Psalterii</span> <span class='ocrx_word' id='word_1_119' title='bbox 1092 2445 1355 2508; x_wconf 83' lang='lat' dir='ltr'>fortasse</span> <span class='ocrx_word' id='word_1_120' title='bbox 1385 2444 1823 2526; x_wconf 87' lang='lat' dir='ltr'>probabimus.</span> <span class='ocrx_word' id='word_1_121' title='bbox 1852 2466 1883 2505; x_wconf 70' lang='grc' dir='ltr'><strong>υ</strong></span> 
     </span>
     <span class='ocr_line' id='line_1_20' title="bbox 340 2553 1892 2636; baseline -0.001 -17"><span class='ocrx_word' id='word_1_122' title='bbox 340 2553 525 2619; x_wconf 84' lang='lat' dir='ltr'>Recte</span> <span class='ocrx_word' id='word_1_123' title='bbox 562 2571 725 2636; x_wconf 88' lang='lat' dir='ltr'>ergo</span> <span class='ocrx_word' id='word_1_124' title='bbox 766 2553 998 2618; x_wconf 90' lang='lat' dir='ltr'>dicitur</span> <span class='ocrx_word' id='word_1_125' title='bbox 1039 2553 1106 2616; x_wconf 90' lang='lat' dir='ltr'>in</span> <span class='ocrx_word' id='word_1_126' title='bbox 1147 2553 1603 2621; x_wconf 78' lang='lat' dir='ltr'>Ecclesiastico</span> <span class='ocrx_word' id='word_1_127' title='bbox 1630 2555 1653 2590; x_wconf 83' lang='lat'><strong>¹</strong></span> <span class='ocrx_word' id='word_1_128' title='bbox 1692 2575 1709 2618; x_wconf 72' lang='grc' dir='ltr'>ε</span> <span class='ocrx_word' id='word_1_129' title='bbox 1762 2576 1793 2614; x_wconf 75' lang='grc' dir='ltr'>(ι</span> <span class='ocrx_word' id='word_1_130' title='bbox 1819 2553 1892 2618; x_wconf 92' lang='lat' dir='ltr'>In</span> 
     </span>
     <span class='ocr_line' id='line_1_21' title="bbox 340 2660 1893 2745; baseline -0.001 -18"><span class='ocrx_word' id='word_1_131' title='bbox 340 2662 523 2727; x_wconf 91' lang='lat' dir='ltr'>omni</span> <span class='ocrx_word' id='word_1_132' title='bbox 549 2662 867 2745; x_wconf 78' lang='lat' dir='ltr'>sapientia</span> <span class='ocrx_word' id='word_1_133' title='bbox 892 2660 1217 2744; x_wconf 84' lang='lat' dir='ltr'>dispositio</span> <span class='ocrx_word' id='word_1_134' title='bbox 1243 2661 1430 2743; x_wconf 88' lang='lat' dir='ltr'>legis.</span> <span class='ocrx_word' id='word_1_135' title='bbox 1453 2683 1484 2722; x_wconf 72' lang='lat' dir='ltr'><strong>n</strong></span> <span class='ocrx_word' id='word_1_136' title='bbox 1511 2661 1590 2727; x_wconf 90' lang='lat' dir='ltr'>Et</span> <span class='ocrx_word' id='word_1_137' title='bbox 1615 2679 1749 2727; x_wconf 91' lang='lat' dir='ltr'>non</span> <span class='ocrx_word' id='word_1_138' title='bbox 1774 2662 1893 2725; x_wconf 89' lang='lat' dir='ltr'>im-</span> 
     </span>
     <span class='ocr_line' id='line_1_22' title="bbox 346 2768 1886 2855; baseline -0.002 -21"><span class='ocrx_word' id='word_1_139' title='bbox 346 2771 595 2851; x_wconf 89' lang='lat' dir='ltr'>merito,</span> <span class='ocrx_word' id='word_1_140' title='bbox 628 2771 783 2855; x_wconf 87' lang='lat' dir='ltr'>quia</span> <span class='ocrx_word' id='word_1_141' title='bbox 807 2770 830 2807; x_wconf 83' lang='lat'>⁸</span> <span class='ocrx_word' id='word_1_142' title='bbox 859 2793 893 2832; x_wconf 75' lang='lat' dir='ltr'>a</span> <span class='ocrx_word' id='word_1_143' title='bbox 915 2769 984 2833; x_wconf 91' lang='lat' dir='ltr'>in</span> <span class='ocrx_word' id='word_1_144' title='bbox 1010 2768 1427 2853; x_wconf 81' lang='lat' dir='ltr'>dispositione</span> <span class='ocrx_word' id='word_1_145' title='bbox 1443 2771 1835 2852; x_wconf 89' lang='lat' dir='ltr'>angelorum</span> <span class='ocrx_word' id='word_1_146' title='bbox 1853 2792 1886 2831; x_wconf 72' lang='lat' dir='ltr'>n</span> 
     </span>
     <span class='ocr_line' id='line_1_23' title="bbox 345 2875 1893 2963; baseline -0.001 -20"><span class='ocrx_word' id='word_1_147' title='bbox 345 2878 487 2944; x_wconf 90' lang='lat' dir='ltr'>data</span> <span class='ocrx_word' id='word_1_148' title='bbox 512 2882 633 2943; x_wconf 87' lang='lat' dir='ltr'>est.</span> <span class='ocrx_word' id='word_1_149' title='bbox 662 2877 752 2942; x_wconf 89' lang='lat' dir='ltr'>De</span> <span class='ocrx_word' id='word_1_150' title='bbox 777 2877 942 2943; x_wconf 91' lang='lat' dir='ltr'>libro</span> <span class='ocrx_word' id='word_1_151' title='bbox 967 2875 1078 2944; x_wconf 82' lang='lat' dir='ltr'>Job</span> <span class='ocrx_word' id='word_1_152' title='bbox 1107 2877 1197 2941; x_wconf 91' lang='lat' dir='ltr'>sic</span> <span class='ocrx_word' id='word_1_153' title='bbox 1220 2877 1376 2942; x_wconf 88' lang='lat' dir='ltr'>dicit</span> <span class='ocrx_word' id='word_1_154' title='bbox 1400 2877 1829 2963; x_wconf 86' lang='lat' dir='ltr'>Hieronymus</span> <span class='ocrx_word' id='word_1_155' title='bbox 1847 2880 1893 2961; x_wconf 75' lang='lat'>⁸,</span> 
     </span>
     <span class='ocr_line' id='line_1_24' title="bbox 350 2985 1892 3072; baseline 0.001 -21"><span class='ocrx_word' id='word_1_156' title='bbox 350 2986 514 3070; x_wconf 88' lang='lat' dir='ltr'>quod</span> <span class='ocrx_word' id='word_1_157' title='bbox 539 2986 647 3051; x_wconf 87' lang='lat' dir='ltr'>hic</span> <span class='ocrx_word' id='word_1_158' title='bbox 670 2985 836 3050; x_wconf 89' lang='lat' dir='ltr'>liber</span> <span class='ocrx_word' id='word_1_159' title='bbox 862 3004 1088 3051; x_wconf 82' lang='lat' dir='ltr'>omnes</span> <span class='ocrx_word' id='word_1_160' title='bbox 1113 2987 1297 3068; x_wconf 89' lang='lat' dir='ltr'>leges</span> <span class='ocrx_word' id='word_1_161' title='bbox 1336 2986 1702 3068; x_wconf 60' lang='lat' dir='ltr'>dialecticae,</span> <span class='ocrx_word' id='word_1_162' title='bbox 1743 3007 1892 3072; x_wconf 91' lang='lat' dir='ltr'>pro-</span> 
     </span>
     <span class='ocr_line' id='line_1_25' title="bbox 354 3094 1898 3179; baseline 0.004 -20"><span class='ocrx_word' id='word_1_163' title='bbox 354 3095 680 3179; x_wconf 83' lang='lat' dir='ltr'>positione,</span> <span class='ocrx_word' id='word_1_164' title='bbox 710 3094 1175 3179; x_wconf 77' lang='lat' dir='ltr'>assumptione,</span> <span class='ocrx_word' id='word_1_165' title='bbox 1206 3097 1716 3179; x_wconf 84' lang='lat' dir='ltr'>confirmatione,</span> <span class='ocrx_word' id='word_1_166' title='bbox 1742 3117 1898 3165; x_wconf 86' lang='lat' dir='ltr'>con-</span> 
     </span>
     <span class='ocr_line' id='line_1_26' title="bbox 363 3204 1898 3288; baseline 0.003 -18"><span class='ocrx_word' id='word_1_167' title='bbox 363 3204 632 3270; x_wconf 76' lang='lat' dir='ltr'>elusione</span> <span class='ocrx_word' id='word_1_168' title='bbox 657 3205 1065 3270; x_wconf 79' lang='lat' dir='ltr'>determinat.</span> <span class='ocrx_word' id='word_1_169' title='bbox 1096 3205 1295 3288; x_wconf 77' lang='lat' dir='ltr'>CuJus</span> <span class='ocrx_word' id='word_1_170' title='bbox 1339 3206 1523 3272; x_wconf 87' lang='lat' dir='ltr'>verbi</span> <span class='ocrx_word' id='word_1_171' title='bbox 1565 3207 1898 3275; x_wconf 87' lang='lat' dir='ltr'>Cassiodo-</span> 
     </span>
     <span class='ocr_line' id='line_1_27' title="bbox 366 3312 1893 3396; baseline 0.004 -18"><span class='ocrx_word' id='word_1_172' title='bbox 366 3329 491 3393; x_wconf 85' lang='lat' dir='ltr'>rus,</span> <span class='ocrx_word' id='word_1_173' title='bbox 517 3314 630 3377; x_wconf 89' lang='lat' dir='ltr'>ubi</span> <span class='ocrx_word' id='word_1_174' title='bbox 655 3313 858 3396; x_wconf 91' lang='lat' dir='ltr'>prius,</span> <span class='ocrx_word' id='word_1_175' title='bbox 888 3312 1126 3378; x_wconf 80' lang='lat' dir='ltr'>faciens</span> <span class='ocrx_word' id='word_1_176' title='bbox 1151 3315 1567 3396; x_wconf 81' lang='lat' dir='ltr'>mentionem,</span> <span class='ocrx_word' id='word_1_177' title='bbox 1598 3317 1692 3381; x_wconf 87' lang='lat' dir='ltr'>sic</span> <span class='ocrx_word' id='word_1_178' title='bbox 1724 3317 1893 3385; x_wconf 72' lang='lat' dir='ltr'>ait⁶z</span> 
     </span>
     <span class='ocr_line' id='line_1_28' title="bbox 380 3419 1895 3509; baseline 0.005 -26"><span class='ocrx_word' id='word_1_179' title='bbox 380 3443 409 3483; x_wconf 76' lang='grc' dir='ltr'>ι</span> <span class='ocrx_word' id='word_1_180' title='bbox 431 3419 492 3485; x_wconf 92' lang='lat' dir='ltr'>Si</span> <span class='ocrx_word' id='word_1_181' title='bbox 515 3421 602 3485; x_wconf 87' lang='lat' dir='ltr'>ita</span> <span class='ocrx_word' id='word_1_182' title='bbox 629 3426 746 3501; x_wconf 84' lang='lat' dir='ltr'>est,</span> <span class='ocrx_word' id='word_1_183' title='bbox 776 3421 933 3501; x_wconf 90' lang='lat' dir='ltr'>imo,</span> <span class='ocrx_word' id='word_1_184' title='bbox 965 3421 1120 3506; x_wconf 87' lang='lat' dir='ltr'>quia</span> <span class='ocrx_word' id='word_1_185' title='bbox 1143 3422 1327 3488; x_wconf 89' lang='lat' dir='ltr'>aliter</span> <span class='ocrx_word' id='word_1_186' title='bbox 1348 3441 1486 3489; x_wconf 87' lang='lat' dir='ltr'>esse</span> <span class='ocrx_word' id='word_1_187' title='bbox 1507 3442 1641 3490; x_wconf 91' lang='lat' dir='ltr'>non</span> <span class='ocrx_word' id='word_1_188' title='bbox 1668 3429 1895 3509; x_wconf 89' lang='lat' dir='ltr'>potest,</span> 
     </span>
     <span class='ocr_line' id='line_1_29' title="bbox 377 3529 1895 3615; baseline 0.004 -22"><span class='ocrx_word' id='word_1_189' title='bbox 377 3529 531 3612; x_wconf 80' lang='lat' dir='ltr'>quod</span> <span class='ocrx_word' id='word_1_190' title='bbox 551 3529 711 3594; x_wconf 87' lang='lat' dir='ltr'>tanti</span> <span class='ocrx_word' id='word_1_191' title='bbox 735 3529 863 3594; x_wconf 81' lang='lat' dir='ltr'>viri</span> <span class='ocrx_word' id='word_1_192' title='bbox 889 3530 1118 3612; x_wconf 88' lang='lat' dir='ltr'>probat</span> <span class='ocrx_word' id='word_1_193' title='bbox 1154 3532 1498 3597; x_wconf 87' lang='lat' dir='ltr'>auctoritas</span> <span class='ocrx_word' id='word_1_194' title='bbox 1513 3581 1536 3612; x_wconf 91' lang='lat'>‚</span> <span class='ocrx_word' id='word_1_195' title='bbox 1563 3534 1677 3597; x_wconf 92' lang='lat' dir='ltr'>ubi</span> <span class='ocrx_word' id='word_1_196' title='bbox 1706 3538 1895 3615; x_wconf 89' lang='lat' dir='ltr'>sunt,</span> 
     </span>
     <span class='ocr_line' id='line_1_30' title="bbox 381 3637 1900 3727; baseline 0.004 -25"><span class='ocrx_word' id='word_1_197' title='bbox 381 3637 479 3720; x_wconf 86' lang='lat' dir='ltr'>qui</span> <span class='ocrx_word' id='word_1_198' title='bbox 516 3638 730 3704; x_wconf 88' lang='lat' dir='ltr'>dicunt</span> <span class='ocrx_word' id='word_1_199' title='bbox 774 3641 981 3704; x_wconf 87' lang='lat' dir='ltr'>artem</span> <span class='ocrx_word' id='word_1_200' title='bbox 1026 3639 1417 3705; x_wconf 84' lang='lat' dir='ltr'>dialecticam</span> <span class='ocrx_word' id='word_1_201' title='bbox 1466 3661 1507 3706; x_wconf 94' lang='lat' dir='ltr'>a</span> <span class='ocrx_word' id='word_1_202' title='bbox 1554 3640 1900 3727; x_wconf 88' lang='lat' dir='ltr'>Scripturis</span> 
     </span>
     <span class='ocr_line' id='line_1_31' title="bbox 382 3746 1898 3832; baseline 0.004 -22"><span class='ocrx_word' id='word_1_203' title='bbox 382 3746 764 3812; x_wconf 77' lang='lat' dir='ltr'>sanctissimis</span> <span class='ocrx_word' id='word_1_204' title='bbox 791 3765 924 3812; x_wconf 91' lang='lat' dir='ltr'>non</span> <span class='ocrx_word' id='word_1_205' title='bbox 947 3748 1254 3832; x_wconf 83' lang='lat' dir='ltr'>coepisse?</span> <span class='ocrx_word' id='word_1_206' title='bbox 1294 3771 1326 3809; x_wconf 70' lang='lat' dir='ltr'>n</span> <span class='ocrx_word' id='word_1_207' title='bbox 1365 3749 1597 3815; x_wconf 89' lang='lat' dir='ltr'>Contra</span> <span class='ocrx_word' id='word_1_208' title='bbox 1624 3750 1777 3815; x_wconf 88' lang='lat' dir='ltr'>istos</span> <span class='ocrx_word' id='word_1_209' title='bbox 1803 3750 1898 3817; x_wconf 92' lang='lat' dir='ltr'>lo-</span> 
     </span>
     <span class='ocr_line' id='line_1_32' title="bbox 384 3855 1900 3940; baseline 0.005 -22"><span class='ocrx_word' id='word_1_210' title='bbox 384 3855 580 3936; x_wconf 86' lang='lat' dir='ltr'>quitur</span> <span class='ocrx_word' id='word_1_211' title='bbox 598 3855 867 3921; x_wconf 89' lang='lat' dir='ltr'>Basilius</span> <span class='ocrx_word' id='word_1_212' title='bbox 885 3856 908 3892; x_wconf 81' lang='lat'><em>⁰</em></span> <span class='ocrx_word' id='word_1_213' title='bbox 932 3878 948 3921; x_wconf 70' lang='grc' dir='ltr'>ε</span> <span class='ocrx_word' id='word_1_214' title='bbox 981 3881 1012 3919; x_wconf 74' lang='grc' dir='ltr'>α</span> <span class='ocrx_word' id='word_1_215' title='bbox 1030 3855 1254 3922; x_wconf 90' lang='lat' dir='ltr'>Nullus</span> <span class='ocrx_word' id='word_1_216' title='bbox 1273 3859 1900 3940; x_wconf 83' lang='lat' dir='ltr'>argumentationem</span> 
     </span>
     <span class='ocr_line' id='line_1_33' title="bbox 387 3959 1903 4049; baseline 0.005 -25"><span class='ocrx_word' id='word_1_217' title='bbox 387 3959 638 4044; x_wconf 87' lang='lat' dir='ltr'>illorum,</span> <span class='ocrx_word' id='word_1_218' title='bbox 666 3963 782 4046; x_wconf 87' lang='lat' dir='ltr'>qui</span> <span class='ocrx_word' id='word_1_219' title='bbox 810 3963 889 4027; x_wconf 91' lang='lat' dir='ltr'>de</span> <span class='ocrx_word' id='word_1_220' title='bbox 918 3963 1079 4028; x_wconf 88' lang='lat' dir='ltr'>coelo</span> <span class='ocrx_word' id='word_1_221' title='bbox 1105 3964 1457 4048; x_wconf 80' lang='lat' dir='ltr'>disputant,</span> <span class='ocrx_word' id='word_1_222' title='bbox 1488 3965 1903 4049; x_wconf 83' lang='lat' dir='ltr'>disputationi</span> 
     </span>
     <span class='ocr_line' id='line_1_34' title="bbox 391 4070 1903 4153; baseline 0.003 -19"><span class='ocrx_word' id='word_1_223' title='bbox 391 4070 791 4152; x_wconf 79' lang='lat' dir='ltr'>spiritualium</span> <span class='ocrx_word' id='word_1_224' title='bbox 808 4071 965 4136; x_wconf 80' lang='lat' dir='ltr'>velit</span> <span class='ocrx_word' id='word_1_225' title='bbox 978 4072 1265 4137; x_wconf 80' lang='lat' dir='ltr'>conferre</span> <span class='ocrx_word' id='word_1_226' title='bbox 1280 4091 1650 4139; x_wconf 86' lang='lat' dir='ltr'>sermonum</span> <span class='ocrx_word' id='word_1_227' title='bbox 1660 4120 1674 4137; x_wconf 94' lang='lat'>.</span> <span class='ocrx_word' id='word_1_228' title='bbox 1694 4074 1903 4153; x_wconf 89' lang='lat' dir='ltr'>Quan-</span> 
     </span>
     <span class='ocr_line' id='line_1_35' title="bbox 389 4178 1905 4267; baseline 0.005 -26"><span class='ocrx_word' id='word_1_229' title='bbox 389 4178 510 4241; x_wconf 79' lang='lat' dir='ltr'>tum</span> <span class='ocrx_word' id='word_1_230' title='bbox 539 4179 705 4243; x_wconf 83' lang='lat' dir='ltr'>enim</span> <span class='ocrx_word' id='word_1_231' title='bbox 744 4180 915 4243; x_wconf 87' lang='lat' dir='ltr'>caste</span> <span class='ocrx_word' id='word_1_232' title='bbox 951 4179 1313 4245; x_wconf 88' lang='lat' dir='ltr'>viventium</span> <span class='ocrx_word' id='word_1_233' title='bbox 1361 4181 1711 4247; x_wconf 89' lang='lat' dir='ltr'>mulierum</span> <span class='ocrx_word' id='word_1_234' title='bbox 1748 4183 1905 4267; x_wconf 91' lang='lat' dir='ltr'>pul-</span> 
     </span>
     <span class='ocr_line' id='line_1_36' title="bbox 390 4284 1898 4375; baseline 0.005 -26"><span class='ocrx_word' id='word_1_235' title='bbox 390 4284 654 4353; x_wconf 80' lang='lat' dir='ltr'>chritudo</span> <span class='ocrx_word' id='word_1_236' title='bbox 678 4287 1058 4354; x_wconf 68' lang='lat' dir='ltr'>meretriciae</span> <span class='ocrx_word' id='word_1_237' title='bbox 1077 4287 1454 4354; x_wconf 80' lang='lat' dir='ltr'>formositati</span> <span class='ocrx_word' id='word_1_238' title='bbox 1475 4292 1898 4375; x_wconf 63' lang='lat' dir='ltr'>praeponitur,</span> 
     </span>
     <span class='ocr_line' id='line_1_37' title="bbox 390 4396 1903 4484; baseline 0.005 -26"><span class='ocrx_word' id='word_1_239' title='bbox 390 4396 613 4461; x_wconf 81' lang='lat' dir='ltr'>tautum</span> <span class='ocrx_word' id='word_1_240' title='bbox 648 4400 866 4462; x_wconf 85' lang='lat' dir='ltr'>noster</span> <span class='ocrx_word' id='word_1_241' title='bbox 908 4414 1121 4462; x_wconf 85' lang='lat' dir='ltr'>sermo</span> <span class='ocrx_word' id='word_1_242' title='bbox 1161 4398 1563 4480; x_wconf 83' lang='lat' dir='ltr'>dignoscitur</span> <span class='ocrx_word' id='word_1_243' title='bbox 1601 4401 1903 4484; x_wconf 84' lang='lat' dir='ltr'>praelatus</span> 
     </span>
     <span class='ocr_line' id='line_1_38' title="bbox 391 4505 1897 4577; baseline 0.006 -9"><span class='ocrx_word' id='word_1_244' title='bbox 391 4505 774 4571; x_wconf 68' lang='lat' dir='ltr'>esseillorum</span> <span class='ocrx_word' id='word_1_245' title='bbox 802 4505 1127 4571; x_wconf 82' lang='lat' dir='ltr'>doctrinae.</span> <span class='ocrx_word' id='word_1_246' title='bbox 1157 4528 1189 4566; x_wconf 72' lang='lat' dir='ltr'><strong>n</strong></span> <span class='ocrx_word' id='word_1_247' title='bbox 1236 4507 1413 4573; x_wconf 88' lang='lat' dir='ltr'>Unde</span> <span class='ocrx_word' id='word_1_248' title='bbox 1453 4508 1523 4572; x_wconf 91' lang='lat' dir='ltr'>in</span> <span class='ocrx_word' id='word_1_249' title='bbox 1561 4508 1725 4573; x_wconf 88' lang='lat' dir='ltr'>libro</span> <span class='ocrx_word' id='word_1_250' title='bbox 1774 4509 1897 4577; x_wconf 87' lang='lat' dir='ltr'>Sa-</span> 
     </span>
     <span class='ocr_line' id='line_1_39' title="bbox 388 4614 1892 4694; baseline 0.001 -13"><span class='ocrx_word' id='word_1_251' title='bbox 388 4614 622 4694; x_wconf 63' lang='lat' dir='ltr'>pientiae</span> <span class='ocrx_word' id='word_1_252' title='bbox 653 4614 883 4679; x_wconf 87' lang='lat' dir='ltr'>dicitur</span> <span class='ocrx_word' id='word_1_253' title='bbox 907 4620 931 4656; x_wconf 83' lang='lat'>&#39;¹</span> <span class='ocrx_word' id='word_1_254' title='bbox 968 4637 985 4677; x_wconf 74' lang='grc' dir='ltr'><strong><em>ε</em></strong></span> <span class='ocrx_word' id='word_1_255' title='bbox 1028 4637 1058 4677; x_wconf 75' lang='grc' dir='ltr'><em>α</em></span> <span class='ocrx_word' id='word_1_256' title='bbox 1086 4614 1334 4681; x_wconf 85' lang='lat' dir='ltr'>Candor</span> <span class='ocrx_word' id='word_1_257' title='bbox 1374 4619 1470 4682; x_wconf 86' lang='lat' dir='ltr'>est</span> <span class='ocrx_word' id='word_1_258' title='bbox 1505 4617 1667 4683; x_wconf 90' lang='lat' dir='ltr'>lucis</span> <span class='ocrx_word' id='word_1_259' title='bbox 1702 4620 1892 4683; x_wconf 82' lang='lat' dir='ltr'>aeter-</span> 
     </span>
     <span class='ocr_line' id='line_1_40' title="bbox 394 4725 699 4801; baseline 0.003 -14"><span class='ocrx_word' id='word_1_260' title='bbox 394 4737 498 4801; x_wconf 71' lang='lat' dir='ltr'>nae,</span> <span class='ocrx_word' id='word_1_261' title='bbox 523 4745 554 4783; x_wconf 75' lang='grc' dir='ltr'><strong><em>ι</em></strong></span> <span class='ocrx_word' id='word_1_262' title='bbox 583 4725 699 4788; x_wconf 73' lang='lat' dir='ltr'>ete.</span> 
     </span>
    </p>

    <p class='ocr_par' dir='ltr' id='par_1_3' title="bbox 391 4829 1907 5241">
     <span class='ocr_line' id='line_1_41' title="bbox 457 4829 1903 4916; baseline 0.003 -20"><span class='ocrx_word' id='word_1_263' title='bbox 457 4829 667 4896; x_wconf 82' lang='lat' dir='ltr'>Contra</span> <span class='ocrx_word' id='word_1_264' title='bbox 689 4831 1005 4897; x_wconf 90' lang='lat' dir='ltr'>secundos</span> <span class='ocrx_word' id='word_1_265' title='bbox 1043 4830 1519 4916; x_wconf 89' lang='lat' dir='ltr'>Scripturarum</span> <span class='ocrx_word' id='word_1_266' title='bbox 1548 4838 1903 4916; x_wconf 86' lang='lat' dir='ltr'>arguentes</span> 
     </span>
     <span class='ocr_line' id='line_1_42' title="bbox 395 4936 1903 5026; baseline 0.003 -23"><span class='ocrx_word' id='word_1_267' title='bbox 395 4936 459 5003; x_wconf 88' lang='lat' dir='ltr'>de</span> <span class='ocrx_word' id='word_1_268' title='bbox 480 4941 866 5026; x_wconf 87' lang='lat' dir='ltr'>simplicitate</span> <span class='ocrx_word' id='word_1_269' title='bbox 893 4940 1167 5023; x_wconf 87' lang='lat' dir='ltr'>dicendi,</span> <span class='ocrx_word' id='word_1_270' title='bbox 1199 4947 1262 5006; x_wconf 90' lang='lat' dir='ltr'>et</span> <span class='ocrx_word' id='word_1_271' title='bbox 1302 4942 1552 5008; x_wconf 85' lang='lat' dir='ltr'>defectu</span> <span class='ocrx_word' id='word_1_272' title='bbox 1597 4942 1903 5026; x_wconf 88' lang='lat' dir='ltr'>eloquen-</span> 
     </span>
     <span class='ocr_line' id='line_1_43' title="bbox 393 5047 1903 5135; baseline 0.002 -22"><span class='ocrx_word' id='word_1_273' title='bbox 393 5047 507 5130; x_wconf 77' lang='lat' dir='ltr'>tiae,</span> <span class='ocrx_word' id='word_1_274' title='bbox 544 5049 827 5135; x_wconf 86' lang='lat' dir='ltr'>loquitur</span> <span class='ocrx_word' id='word_1_275' title='bbox 860 5049 1261 5130; x_wconf 82' lang='lat' dir='ltr'>Augustinus</span> <span class='ocrx_word' id='word_1_276' title='bbox 1295 5052 1318 5089; x_wconf 86' lang='lat'>⁸</span> <span class='ocrx_word' id='word_1_277' title='bbox 1362 5068 1380 5113; x_wconf 71' lang='grc' dir='ltr'><strong>ε</strong></span> <span class='ocrx_word' id='word_1_278' title='bbox 1433 5071 1465 5111; x_wconf 74' lang='grc' dir='ltr'><strong>α</strong></span> <span class='ocrx_word' id='word_1_279' title='bbox 1506 5048 1630 5115; x_wconf 88' lang='lat' dir='ltr'>Ubi</span> <span class='ocrx_word' id='word_1_280' title='bbox 1662 5050 1903 5116; x_wconf 88' lang='lat' dir='ltr'>littera-</span> 
     </span>
     <span class='ocr_line' id='line_1_44' title="bbox 391 5156 1907 5241; baseline 0.002 -18"><span class='ocrx_word' id='word_1_281' title='bbox 391 5173 519 5223; x_wconf 84' lang='lat' dir='ltr'>rum</span> <span class='ocrx_word' id='word_1_282' title='bbox 536 5174 864 5225; x_wconf 84' lang='lat' dir='ltr'>sacrarum</span> <span class='ocrx_word' id='word_1_283' title='bbox 890 5160 1181 5222; x_wconf 86' lang='lat' dir='ltr'>auctores</span> <span class='ocrx_word' id='word_1_284' title='bbox 1206 5156 1520 5241; x_wconf 80' lang='lat' dir='ltr'>intelligo,</span> <span class='ocrx_word' id='word_1_285' title='bbox 1540 5177 1674 5224; x_wconf 91' lang='lat' dir='ltr'>non</span> <span class='ocrx_word' id='word_1_286' title='bbox 1695 5160 1907 5226; x_wconf 86' lang='lat' dir='ltr'>solum</span> 
     </span>
    </p>
   </div>
   <div class='ocr_carea' id='block_1_3' title="bbox 383 5280 1907 5569">
    <p class='ocr_par' dir='ltr' id='par_1_4' title="bbox 383 5280 1907 5569">
     <span class='ocr_line' id='line_1_45' title="bbox 442 5280 1904 5352; baseline 0.001 -16"><span class='ocrx_word' id='word_1_287' title='bbox 442 5286 458 5319; x_wconf 90' lang='lat'>¹</span> <span class='ocrx_word' id='word_1_288' title='bbox 483 5285 724 5347; x_wconf 72' lang='lat' dir='ltr'>Cassiod„</span> <span class='ocrx_word' id='word_1_289' title='bbox 755 5285 811 5334; x_wconf 81' lang='lat' dir='ltr'>in</span> <span class='ocrx_word' id='word_1_290' title='bbox 847 5280 990 5334; x_wconf 80' lang='lat' dir='ltr'>Psal.</span> <span class='ocrx_word' id='word_1_291' title='bbox 1019 5293 1119 5334; x_wconf 82' lang='lat' dir='ltr'>xcv</span> <span class='ocrx_word' id='word_1_292' title='bbox 1146 5284 1199 5334; x_wconf 87' lang='lat' dir='ltr'>et</span> <span class='ocrx_word' id='word_1_293' title='bbox 1229 5296 1404 5337; x_wconf 66' lang='grc' dir='ltr'><strong>ωιτν.</strong></span> <span class='ocrx_word' id='word_1_294' title='bbox 1434 5309 1497 5323; x_wconf 89' lang='grc'><strong>-</strong></span> <span class='ocrx_word' id='word_1_295' title='bbox 1529 5286 1553 5320; x_wconf 82' lang='lat'><strong>¹</strong></span> <span class='ocrx_word' id='word_1_296' title='bbox 1578 5285 1763 5349; x_wconf 71' lang='lat' dir='ltr'>Eccli„</span> <span class='ocrx_word' id='word_1_297' title='bbox 1795 5299 1904 5352; x_wconf 85' lang='lat' dir='ltr'>x1x,</span> 
     </span>
     <span class='ocr_line' id='line_1_46' title="bbox 388 5356 1904 5423; baseline 0.003 -17"><span class='ocrx_word' id='word_1_298' title='bbox 388 5359 453 5407; x_wconf 75' lang='lat' dir='ltr'>ts.</span> <span class='ocrx_word' id='word_1_299' title='bbox 484 5384 541 5397; x_wconf 90' lang='lat'>—</span> <span class='ocrx_word' id='word_1_300' title='bbox 582 5358 606 5394; x_wconf 81' lang='lat'>⁸</span> <span class='ocrx_word' id='word_1_301' title='bbox 651 5357 788 5420; x_wconf 65' lang='lat' dir='ltr'>Act„</span> <span class='ocrx_word' id='word_1_302' title='bbox 839 5365 947 5417; x_wconf 81' lang='lat' dir='ltr'>vn,</span> <span class='ocrx_word' id='word_1_303' title='bbox 985 5356 1067 5404; x_wconf 80' lang='lat'>53.</span> <span class='ocrx_word' id='word_1_304' title='bbox 1114 5381 1175 5393; x_wconf 89' lang='lat'>—</span> <span class='ocrx_word' id='word_1_305' title='bbox 1218 5356 1240 5391; x_wconf 67' lang='grc' dir='ltr'>δ</span> <span class='ocrx_word' id='word_1_306' title='bbox 1282 5356 1515 5419; x_wconf 67' lang='lat' dir='ltr'>Hieron„</span> <span class='ocrx_word' id='word_1_307' title='bbox 1563 5359 1633 5409; x_wconf 83' lang='lat' dir='ltr'>ad</span> <span class='ocrx_word' id='word_1_308' title='bbox 1677 5359 1904 5423; x_wconf 69' lang='lat' dir='ltr'>Pontia„</span> 
     </span>
     <span class='ocr_line' id='line_1_47' title="bbox 383 5424 1907 5496; baseline 0.001 -16"><span class='ocrx_word' id='word_1_309' title='bbox 383 5429 511 5494; x_wconf 73' lang='lat' dir='ltr'>epist.</span> <span class='ocrx_word' id='word_1_310' title='bbox 532 5441 721 5482; x_wconf 80' lang='lat' dir='ltr'>m1.—</span> <span class='ocrx_word' id='word_1_311' title='bbox 738 5430 761 5462; x_wconf 78' lang='lat'>⁵</span> <span class='ocrx_word' id='word_1_312' title='bbox 778 5424 1039 5489; x_wconf 72' lang='lat' dir='ltr'>Cassiod,</span> <span class='ocrx_word' id='word_1_313' title='bbox 1062 5424 1121 5475; x_wconf 83' lang='lat' dir='ltr'>de</span> <span class='ocrx_word' id='word_1_314' title='bbox 1142 5427 1257 5478; x_wconf 77' lang='lat' dir='ltr'>Div.</span> <span class='ocrx_word' id='word_1_315' title='bbox 1276 5430 1428 5491; x_wconf 66' lang='lat' dir='ltr'>lect„</span> <span class='ocrx_word' id='word_1_316' title='bbox 1448 5444 1495 5482; x_wconf 89' lang='lat' dir='ltr'>c.</span> <span class='ocrx_word' id='word_1_317' title='bbox 1519 5442 1594 5481; x_wconf 74' lang='lat' dir='ltr'>vi.</span> <span class='ocrx_word' id='word_1_318' title='bbox 1611 5456 1674 5468; x_wconf 92' lang='lat'><strong>—</strong></span> <span class='ocrx_word' id='word_1_319' title='bbox 1691 5432 1714 5466; x_wconf 79' lang='lat'>⁸</span> <span class='ocrx_word' id='word_1_320' title='bbox 1733 5433 1907 5496; x_wconf 62' lang='lat' dir='ltr'>Desit,</span> 
     </span>
     <span class='ocr_line' id='line_1_48' title="bbox 383 5499 1906 5569; baseline 0.003 -18"><span class='ocrx_word' id='word_1_321' title='bbox 383 5501 427 5551; x_wconf 73' lang='lat' dir='ltr'>ia</span> <span class='ocrx_word' id='word_1_322' title='bbox 454 5503 689 5567; x_wconf 57' lang='lat' dir='ltr'>fimum,</span> <span class='ocrx_word' id='word_1_323' title='bbox 716 5499 871 5555; x_wconf 81' lang='lat' dir='ltr'>hom.</span> <span class='ocrx_word' id='word_1_324' title='bbox 904 5508 989 5561; x_wconf 85' lang='lat'>111,</span> <span class='ocrx_word' id='word_1_325' title='bbox 1016 5501 1137 5562; x_wconf 76' lang='lat' dir='ltr'>post</span> <span class='ocrx_word' id='word_1_326' title='bbox 1157 5500 1296 5556; x_wconf 76' lang='lat' dir='ltr'>med.</span> <span class='ocrx_word' id='word_1_327' title='bbox 1321 5526 1383 5544; x_wconf 89' lang='lat'>-</span> <span class='ocrx_word' id='word_1_328' title='bbox 1410 5501 1432 5539; x_wconf 80' lang='lat'>⁷</span> <span class='ocrx_word' id='word_1_329' title='bbox 1452 5502 1597 5569; x_wconf 66' lang='lat' dir='ltr'>Sap„</span> <span class='ocrx_word' id='word_1_330' title='bbox 1622 5514 1717 5569; x_wconf 81' lang='lat' dir='ltr'>vn,</span> <span class='ocrx_word' id='word_1_331' title='bbox 1748 5506 1827 5557; x_wconf 75' lang='lat'>¹6.</span> <span class='ocrx_word' id='word_1_332' title='bbox 1848 5530 1906 5544; x_wconf 88' lang='lat'>--</span> 
     </span>
    </p>
   </div>
   <div class='ocr_carea' id='block_1_4' title="bbox 1994 602 3562 5241">
    <p class='ocr_par' dir='ltr' id='par_1_5' title="bbox 1994 602 3547 2403">
     <span class='ocr_line' id='line_1_49' title="bbox 1994 602 3538 688; baseline 0.003 -22"><span class='ocrx_word' id='word_1_333' title='bbox 1994 602 2159 667; x_wconf 89' lang='lat' dir='ltr'>nihil</span> <span class='ocrx_word' id='word_1_334' title='bbox 2190 603 2283 668; x_wconf 87' lang='lat' dir='ltr'>eis</span> <span class='ocrx_word' id='word_1_335' title='bbox 2309 604 2688 688; x_wconf 78' lang='lat' dir='ltr'>sapientiuS,</span> <span class='ocrx_word' id='word_1_336' title='bbox 2716 622 2947 672; x_wconf 86' lang='lat' dir='ltr'>verum</span> <span class='ocrx_word' id='word_1_337' title='bbox 2977 605 3171 671; x_wconf 90' lang='lat' dir='ltr'>etiam</span> <span class='ocrx_word' id='word_1_338' title='bbox 3211 603 3380 670; x_wconf 88' lang='lat' dir='ltr'>nihil</span> <span class='ocrx_word' id='word_1_339' title='bbox 3405 604 3538 670; x_wconf 91' lang='lat' dir='ltr'>elo-</span> 
     </span>
     <span class='ocr_line' id='line_1_50' title="bbox 1997 712 3539 798; baseline 0.002 -22"><span class='ocrx_word' id='word_1_340' title='bbox 1997 712 2303 795; x_wconf 83' lang='lat' dir='ltr'>quentius</span> <span class='ocrx_word' id='word_1_341' title='bbox 2341 713 2503 777; x_wconf 89' lang='lat' dir='ltr'>mihi</span> <span class='ocrx_word' id='word_1_342' title='bbox 2542 714 2746 779; x_wconf 86' lang='lat' dir='ltr'>videri</span> <span class='ocrx_word' id='word_1_343' title='bbox 2790 717 3018 798; x_wconf 88' lang='lat' dir='ltr'>potest.</span> <span class='ocrx_word' id='word_1_344' title='bbox 3068 714 3148 779; x_wconf 88' lang='lat' dir='ltr'>Et</span> <span class='ocrx_word' id='word_1_345' title='bbox 3193 715 3399 779; x_wconf 84' lang='lat' dir='ltr'>audeo</span> <span class='ocrx_word' id='word_1_346' title='bbox 3440 713 3539 778; x_wconf 87' lang='lat' dir='ltr'>di-</span> 
     </span>
     <span class='ocr_line' id='line_1_51' title="bbox 1998 820 3542 907; baseline 0 -23"><span class='ocrx_word' id='word_1_347' title='bbox 1998 837 2161 901; x_wconf 88' lang='lat' dir='ltr'>cere,</span> <span class='ocrx_word' id='word_1_348' title='bbox 2197 838 2421 886; x_wconf 89' lang='lat' dir='ltr'>omnes</span> <span class='ocrx_word' id='word_1_349' title='bbox 2448 822 2561 905; x_wconf 83' lang='lat' dir='ltr'>qui</span> <span class='ocrx_word' id='word_1_350' title='bbox 2599 826 2770 887; x_wconf 82' lang='lat' dir='ltr'>recte</span> <span class='ocrx_word' id='word_1_351' title='bbox 2811 823 3183 907; x_wconf 88' lang='lat' dir='ltr'>intelligunt</span> <span class='ocrx_word' id='word_1_352' title='bbox 3232 822 3403 906; x_wconf 87' lang='lat' dir='ltr'>quod</span> <span class='ocrx_word' id='word_1_353' title='bbox 3449 820 3542 885; x_wconf 91' lang='lat' dir='ltr'>illi</span> 
     </span>
     <span class='ocr_line' id='line_1_52' title="bbox 1996 925 3544 1013; baseline 0.003 -23"><span class='ocrx_word' id='word_1_354' title='bbox 1996 925 2386 1009; x_wconf 85' lang='lat' dir='ltr'>loquuntur,</span> <span class='ocrx_word' id='word_1_355' title='bbox 2419 929 2611 993; x_wconf 91' lang='lat' dir='ltr'>simul</span> <span class='ocrx_word' id='word_1_356' title='bbox 2642 929 3002 1013; x_wconf 86' lang='lat' dir='ltr'>intelligere</span> <span class='ocrx_word' id='word_1_357' title='bbox 3041 949 3173 995; x_wconf 90' lang='lat' dir='ltr'>non</span> <span class='ocrx_word' id='word_1_358' title='bbox 3213 930 3395 994; x_wconf 85' lang='lat' dir='ltr'>aliter</span> <span class='ocrx_word' id='word_1_359' title='bbox 3433 947 3544 994; x_wconf 90' lang='lat' dir='ltr'>eos</span> 
     </span>
     <span class='ocr_line' id='line_1_53' title="bbox 1995 1033 3540 1122; baseline 0.003 -25"><span class='ocrx_word' id='word_1_360' title='bbox 1995 1033 2178 1117; x_wconf 88' lang='lat' dir='ltr'>loqui</span> <span class='ocrx_word' id='word_1_361' title='bbox 2202 1034 2515 1099; x_wconf 87' lang='lat' dir='ltr'>debuisse.</span> <span class='ocrx_word' id='word_1_362' title='bbox 2545 1034 2723 1101; x_wconf 90' lang='lat' dir='ltr'>Sicut</span> <span class='ocrx_word' id='word_1_363' title='bbox 2747 1039 2920 1101; x_wconf 89' lang='lat' dir='ltr'>enim</span> <span class='ocrx_word' id='word_1_364' title='bbox 2957 1042 3053 1103; x_wconf 91' lang='lat' dir='ltr'>est</span> <span class='ocrx_word' id='word_1_365' title='bbox 3084 1038 3382 1122; x_wconf 69' lang='lat' dir='ltr'>quaedam</span> <span class='ocrx_word' id='word_1_366' title='bbox 3408 1037 3540 1102; x_wconf 85' lang='lat' dir='ltr'>elo·</span> 
     </span>
     <span class='ocr_line' id='line_1_54' title="bbox 1998 1142 3538 1230; baseline 0.002 -24"><span class='ocrx_word' id='word_1_367' title='bbox 1998 1142 2280 1225; x_wconf 88' lang='lat' dir='ltr'>quentia,</span> <span class='ocrx_word' id='word_1_368' title='bbox 2305 1161 2454 1226; x_wconf 82' lang='lat' dir='ltr'>quae</span> <span class='ocrx_word' id='word_1_369' title='bbox 2470 1143 2680 1226; x_wconf 89' lang='lat' dir='ltr'>magis</span> <span class='ocrx_word' id='word_1_370' title='bbox 2694 1148 2947 1211; x_wconf 68' lang='lat' dir='ltr'>aetatem</span> <span class='ocrx_word' id='word_1_371' title='bbox 2959 1146 3318 1230; x_wconf 87' lang='lat' dir='ltr'>juvenilem</span> <span class='ocrx_word' id='word_1_372' title='bbox 3340 1145 3538 1226; x_wconf 90' lang='lat' dir='ltr'>decet,</span> 
     </span>
     <span class='ocr_line' id='line_1_55' title="bbox 1998 1251 3545 1337; baseline 0.003 -22"><span class='ocrx_word' id='word_1_373' title='bbox 1998 1255 2093 1316; x_wconf 89' lang='lat' dir='ltr'>est</span> <span class='ocrx_word' id='word_1_374' title='bbox 2107 1269 2255 1334; x_wconf 82' lang='lat' dir='ltr'>quae</span> <span class='ocrx_word' id='word_1_375' title='bbox 2270 1251 2560 1331; x_wconf 89' lang='lat' dir='ltr'>senilem,</span> <span class='ocrx_word' id='word_1_376' title='bbox 2577 1254 2726 1336; x_wconf 77' lang='lat' dir='ltr'>necj</span> <span class='ocrx_word' id='word_1_377' title='bbox 2735 1272 2839 1318; x_wconf 90' lang='lat' dir='ltr'>am</span> <span class='ocrx_word' id='word_1_378' title='bbox 2854 1254 3116 1319; x_wconf 88' lang='lat' dir='ltr'>dicenda</span> <span class='ocrx_word' id='word_1_379' title='bbox 3134 1257 3229 1319; x_wconf 88' lang='lat' dir='ltr'>est</span> <span class='ocrx_word' id='word_1_380' title='bbox 3246 1255 3545 1337; x_wconf 85' lang='lat' dir='ltr'>eloquen-</span> 
     </span>
     <span class='ocr_line' id='line_1_56' title="bbox 1996 1359 3547 1446; baseline 0.002 -22"><span class='ocrx_word' id='word_1_381' title='bbox 1996 1359 2109 1440; x_wconf 78' lang='lat' dir='ltr'>tIa,</span> <span class='ocrx_word' id='word_1_382' title='bbox 2140 1360 2195 1423; x_wconf 90' lang='lat' dir='ltr'>si</span> <span class='ocrx_word' id='word_1_383' title='bbox 2218 1377 2506 1443; x_wconf 71' lang='lat' dir='ltr'>personae</span> <span class='ocrx_word' id='word_1_384' title='bbox 2533 1378 2666 1424; x_wconf 91' lang='lat' dir='ltr'>non</span> <span class='ocrx_word' id='word_1_385' title='bbox 2695 1366 3012 1444; x_wconf 87' lang='lat' dir='ltr'>congruat</span> <span class='ocrx_word' id='word_1_386' title='bbox 3038 1361 3420 1446; x_wconf 86' lang='lat' dir='ltr'>eloquentis;</span> <span class='ocrx_word' id='word_1_387' title='bbox 3454 1362 3547 1427; x_wconf 88' lang='lat' dir='ltr'>ita</span> 
     </span>
     <span class='ocr_line' id='line_1_57' title="bbox 1997 1467 3545 1551; baseline 0.003 -20"><span class='ocrx_word' id='word_1_388' title='bbox 1997 1471 2094 1532; x_wconf 87' lang='lat' dir='ltr'>est</span> <span class='ocrx_word' id='word_1_389' title='bbox 2118 1467 2434 1550; x_wconf 69' lang='lat' dir='ltr'>quaedam,</span> <span class='ocrx_word' id='word_1_390' title='bbox 2467 1487 2615 1551; x_wconf 83' lang='lat' dir='ltr'>quae</span> <span class='ocrx_word' id='word_1_391' title='bbox 2659 1468 2833 1534; x_wconf 88' lang='lat' dir='ltr'>viros</span> <span class='ocrx_word' id='word_1_392' title='bbox 2879 1488 3137 1535; x_wconf 88' lang='lat' dir='ltr'>summa</span> <span class='ocrx_word' id='word_1_393' title='bbox 3170 1470 3545 1536; x_wconf 88' lang='lat' dir='ltr'>auctoritate</span> 
     </span>
     <span class='ocr_line' id='line_1_58' title="bbox 1998 1574 3545 1660; baseline 0.003 -21"><span class='ocrx_word' id='word_1_394' title='bbox 1998 1574 2436 1657; x_wconf 81' lang='lat' dir='ltr'>dignissimOS,</span> <span class='ocrx_word' id='word_1_395' title='bbox 2458 1576 2773 1660; x_wconf 84' lang='lat' dir='ltr'>planeque</span> <span class='ocrx_word' id='word_1_396' title='bbox 2796 1577 3045 1642; x_wconf 87' lang='lat' dir='ltr'>divinos</span> <span class='ocrx_word' id='word_1_397' title='bbox 3068 1578 3267 1644; x_wconf 84' lang='lat' dir='ltr'>decet.</span> <span class='ocrx_word' id='word_1_398' title='bbox 3298 1577 3431 1644; x_wconf 87' lang='lat' dir='ltr'>Hac</span> <span class='ocrx_word' id='word_1_399' title='bbox 3451 1577 3545 1644; x_wconf 90' lang='lat' dir='ltr'>illi</span> 
     </span>
     <span class='ocr_line' id='line_1_59' title="bbox 1997 1681 3545 1769; baseline 0.004 -24"><span class='ocrx_word' id='word_1_400' title='bbox 1997 1681 2191 1747; x_wconf 91' lang='lat' dir='ltr'>locuti</span> <span class='ocrx_word' id='word_1_401' title='bbox 2217 1686 2400 1763; x_wconf 89' lang='lat' dir='ltr'>sunt,</span> <span class='ocrx_word' id='word_1_402' title='bbox 2440 1702 2559 1749; x_wconf 91' lang='lat' dir='ltr'>nec</span> <span class='ocrx_word' id='word_1_403' title='bbox 2596 1686 2768 1769; x_wconf 87' lang='lat' dir='ltr'>ipsos</span> <span class='ocrx_word' id='word_1_404' title='bbox 2817 1686 2995 1750; x_wconf 90' lang='lat' dir='ltr'>decet</span> <span class='ocrx_word' id='word_1_405' title='bbox 3031 1684 3187 1766; x_wconf 88' lang='lat' dir='ltr'>alia,</span> <span class='ocrx_word' id='word_1_406' title='bbox 3226 1705 3345 1751; x_wconf 88' lang='lat' dir='ltr'>nec</span> <span class='ocrx_word' id='word_1_407' title='bbox 3384 1686 3545 1752; x_wconf 87' lang='lat' dir='ltr'>alios</span> 
     </span>
     <span class='ocr_line' id='line_1_60' title="bbox 1996 1791 3545 1878; baseline 0.003 -23"><span class='ocrx_word' id='word_1_408' title='bbox 1996 1792 2157 1875; x_wconf 90' lang='lat' dir='ltr'>ipsa.</span> <span class='ocrx_word' id='word_1_409' title='bbox 2189 1814 2220 1851; x_wconf 74' lang='lat' dir='ltr'>n</span> <span class='ocrx_word' id='word_1_410' title='bbox 2257 1791 2337 1857; x_wconf 89' lang='lat' dir='ltr'>Et</span> <span class='ocrx_word' id='word_1_411' title='bbox 2361 1792 2554 1876; x_wconf 90' lang='lat' dir='ltr'>paulo</span> <span class='ocrx_word' id='word_1_412' title='bbox 2582 1793 2748 1858; x_wconf 84' lang='lat' dir='ltr'>infra</span> <span class='ocrx_word' id='word_1_413' title='bbox 2777 1815 2793 1859; x_wconf 73' lang='grc' dir='ltr'><strong><em>ε</em></strong></span> <span class='ocrx_word' id='word_1_414' title='bbox 2838 1818 2868 1857; x_wconf 73' lang='grc' dir='ltr'>α</span> <span class='ocrx_word' id='word_1_415' title='bbox 2893 1794 3154 1861; x_wconf 87' lang='lat' dir='ltr'>Possem</span> <span class='ocrx_word' id='word_1_416' title='bbox 3182 1795 3468 1878; x_wconf 84' lang='lat' dir='ltr'>quidem,</span> <span class='ocrx_word' id='word_1_417' title='bbox 3489 1794 3545 1860; x_wconf 88' lang='lat' dir='ltr'>si</span> 
     </span>
     <span class='ocr_line' id='line_1_61' title="bbox 1998 1902 3544 1980; baseline 0.001 -13"><span class='ocrx_word' id='word_1_418' title='bbox 1998 1904 2284 1980; x_wconf 84' lang='lat' dir='ltr'>vacaret,</span> <span class='ocrx_word' id='word_1_419' title='bbox 2314 1920 2540 1967; x_wconf 89' lang='lat' dir='ltr'>omnes</span> <span class='ocrx_word' id='word_1_420' title='bbox 2573 1902 2843 1967; x_wconf 88' lang='lat' dir='ltr'>virtutes</span> <span class='ocrx_word' id='word_1_421' title='bbox 2884 1905 2947 1967; x_wconf 89' lang='lat' dir='ltr'>et</span> <span class='ocrx_word' id='word_1_422' title='bbox 2993 1907 3370 1968; x_wconf 88' lang='lat' dir='ltr'>ornamenta</span> <span class='ocrx_word' id='word_1_423' title='bbox 3410 1903 3544 1969; x_wconf 90' lang='lat' dir='ltr'>elo-</span> 
     </span>
     <span class='ocr_line' id='line_1_62' title="bbox 2000 2011 3542 2095; baseline 0.001 -21"><span class='ocrx_word' id='word_1_424' title='bbox 2000 2011 2316 2095; x_wconf 67' lang='lat' dir='ltr'>quentiae,</span> <span class='ocrx_word' id='word_1_425' title='bbox 2347 2011 2427 2075; x_wconf 91' lang='lat' dir='ltr'>de</span> <span class='ocrx_word' id='word_1_426' title='bbox 2462 2011 2695 2095; x_wconf 88' lang='lat' dir='ltr'>quibus</span> <span class='ocrx_word' id='word_1_427' title='bbox 2740 2011 3046 2076; x_wconf 87' lang='lat' dir='ltr'>inflantur</span> <span class='ocrx_word' id='word_1_428' title='bbox 3089 2011 3231 2091; x_wconf 89' lang='lat' dir='ltr'>isti,</span> <span class='ocrx_word' id='word_1_429' title='bbox 3262 2012 3376 2095; x_wconf 87' lang='lat' dir='ltr'>qui</span> <span class='ocrx_word' id='word_1_430' title='bbox 3416 2012 3542 2076; x_wconf 92' lang='lat' dir='ltr'>lin-</span> 
     </span>
     <span class='ocr_line' id='line_1_63' title="bbox 2002 2120 3546 2202; baseline 0.001 -18"><span class='ocrx_word' id='word_1_431' title='bbox 2002 2138 2207 2202; x_wconf 89' lang='lat' dir='ltr'>guam</span> <span class='ocrx_word' id='word_1_432' title='bbox 2251 2139 2440 2186; x_wconf 90' lang='lat' dir='ltr'>suam</span> <span class='ocrx_word' id='word_1_433' title='bbox 2489 2124 2826 2186; x_wconf 89' lang='lat' dir='ltr'>auctorum</span> <span class='ocrx_word' id='word_1_434' title='bbox 2875 2125 3246 2186; x_wconf 86' lang='lat' dir='ltr'>nostrorum</span> <span class='ocrx_word' id='word_1_435' title='bbox 3296 2120 3546 2202; x_wconf 80' lang='lat' dir='ltr'>linguae</span> 
     </span>
     <span class='ocr_line' id='line_1_64' title="bbox 2000 2230 3544 2314; baseline 0 -21"><span class='ocrx_word' id='word_1_436' title='bbox 2000 2247 2135 2294; x_wconf 92' lang='lat' dir='ltr'>non</span> <span class='ocrx_word' id='word_1_437' title='bbox 2176 2230 2657 2312; x_wconf 87' lang='lat' dir='ltr'>magnitudine,</span> <span class='ocrx_word' id='word_1_438' title='bbox 2695 2230 2804 2295; x_wconf 89' lang='lat' dir='ltr'>sed</span> <span class='ocrx_word' id='word_1_439' title='bbox 2844 2233 3096 2296; x_wconf 89' lang='lat' dir='ltr'>tumore</span> <span class='ocrx_word' id='word_1_440' title='bbox 3136 2232 3544 2314; x_wconf 79' lang='lat' dir='ltr'>praeponunt,</span> 
     </span>
     <span class='ocr_line' id='line_1_65' title="bbox 2000 2337 3034 2403; baseline -0.002 -1"><span class='ocrx_word' id='word_1_441' title='bbox 2000 2337 2073 2402; x_wconf 90' lang='lat' dir='ltr'>in</span> <span class='ocrx_word' id='word_1_442' title='bbox 2097 2337 2322 2402; x_wconf 87' lang='lat' dir='ltr'>litteris</span> <span class='ocrx_word' id='word_1_443' title='bbox 2348 2337 2585 2402; x_wconf 89' lang='lat' dir='ltr'>divinis</span> <span class='ocrx_word' id='word_1_444' title='bbox 2612 2337 2967 2403; x_wconf 87' lang='lat' dir='ltr'>ostendere.</span> <span class='ocrx_word' id='word_1_445' title='bbox 3001 2358 3034 2400; x_wconf 70' lang='lat' dir='ltr'><strong>t</strong></span> 
     </span>
    </p>

    <p class='ocr_par' dir='ltr' id='par_1_6' title="bbox 2004 2444 3562 5241">
     <span class='ocr_line' id='line_1_66' title="bbox 2083 2444 3546 2529; baseline 0.001 -19"><span class='ocrx_word' id='word_1_446' title='bbox 2083 2444 2373 2510; x_wconf 89' lang='lat' dir='ltr'>Tertium</span> <span class='ocrx_word' id='word_1_447' title='bbox 2401 2463 2609 2527; x_wconf 90' lang='lat' dir='ltr'>genus</span> <span class='ocrx_word' id='word_1_448' title='bbox 2640 2444 2911 2510; x_wconf 81' lang='lat' dir='ltr'>maculae</span> <span class='ocrx_word' id='word_1_449' title='bbox 2928 2493 2949 2525; x_wconf 91' lang='lat'>,</span> <span class='ocrx_word' id='word_1_450' title='bbox 2981 2445 3156 2529; x_wconf 88' lang='lat' dir='ltr'>quod</span> <span class='ocrx_word' id='word_1_451' title='bbox 3192 2446 3263 2510; x_wconf 91' lang='lat' dir='ltr'>in</span> <span class='ocrx_word' id='word_1_452' title='bbox 3302 2463 3546 2512; x_wconf 86' lang='lat' dir='ltr'>sacram</span> 
     </span>
     <span class='ocr_line' id='line_1_67' title="bbox 2004 2553 3548 2638; baseline 0.001 -18"><span class='ocrx_word' id='word_1_453' title='bbox 2004 2554 2401 2637; x_wconf 88' lang='lat' dir='ltr'>Scripturam</span> <span class='ocrx_word' id='word_1_454' title='bbox 2445 2554 2854 2638; x_wconf 85' lang='lat' dir='ltr'>impingunt,</span> <span class='ocrx_word' id='word_1_455' title='bbox 2888 2556 2986 2619; x_wconf 90' lang='lat' dir='ltr'>est</span> <span class='ocrx_word' id='word_1_456' title='bbox 3016 2553 3416 2635; x_wconf 85' lang='lat' dir='ltr'>inhonestas,</span> <span class='ocrx_word' id='word_1_457' title='bbox 3447 2572 3548 2621; x_wconf 85' lang='lat' dir='ltr'>se-</span> 
     </span>
     <span class='ocr_line' id='line_1_68' title="bbox 2004 2662 3548 2746; baseline 0.001 -19"><span class='ocrx_word' id='word_1_458' title='bbox 2004 2662 2292 2729; x_wconf 86' lang='lat' dir='ltr'>cundum</span> <span class='ocrx_word' id='word_1_459' title='bbox 2317 2662 2489 2745; x_wconf 84' lang='lat' dir='ltr'>quod</span> <span class='ocrx_word' id='word_1_460' title='bbox 2516 2665 2689 2746; x_wconf 85' lang='lat' dir='ltr'>patet</span> <span class='ocrx_word' id='word_1_461' title='bbox 2726 2681 2842 2746; x_wconf 88' lang='lat' dir='ltr'>per</span> <span class='ocrx_word' id='word_1_462' title='bbox 2867 2662 3332 2744; x_wconf 85' lang='lat' dir='ltr'>Augustinum.</span> <span class='ocrx_word' id='word_1_463' title='bbox 3367 2662 3548 2728; x_wconf 89' lang='lat' dir='ltr'>Dice-</span> 
     </span>
     <span class='ocr_line' id='line_1_69' title="bbox 2004 2770 3553 2856; baseline 0 -20"><span class='ocrx_word' id='word_1_464' title='bbox 2004 2772 2114 2837; x_wconf 86' lang='lat' dir='ltr'>bat</span> <span class='ocrx_word' id='word_1_465' title='bbox 2140 2772 2315 2836; x_wconf 91' lang='lat' dir='ltr'>enim</span> <span class='ocrx_word' id='word_1_466' title='bbox 2337 2770 2615 2837; x_wconf 89' lang='lat' dir='ltr'>Faustus</span> <span class='ocrx_word' id='word_1_467' title='bbox 2639 2777 2685 2852; x_wconf 81' lang='lat'>⁹,</span> <span class='ocrx_word' id='word_1_468' title='bbox 2710 2772 2883 2855; x_wconf 85' lang='lat' dir='ltr'>quod</span> <span class='ocrx_word' id='word_1_469' title='bbox 2913 2771 3333 2835; x_wconf 66' lang='lat' dir='ltr'>Hebraeorum</span> <span class='ocrx_word' id='word_1_470' title='bbox 3359 2772 3553 2856; x_wconf 86' lang='lat' dir='ltr'>scrip·</span> 
     </span>
     <span class='ocr_line' id='line_1_70' title="bbox 2004 2878 3555 2964; baseline 0 -19"><span class='ocrx_word' id='word_1_471' title='bbox 2004 2883 2176 2946; x_wconf 90' lang='lat' dir='ltr'>tores</span> <span class='ocrx_word' id='word_1_472' title='bbox 2200 2884 2512 2964; x_wconf 86' lang='lat' dir='ltr'>tanquam</span> <span class='ocrx_word' id='word_1_473' title='bbox 2537 2879 2784 2964; x_wconf 88' lang='lat' dir='ltr'>lepram</span> <span class='ocrx_word' id='word_1_474' title='bbox 2821 2881 2934 2944; x_wconf 90' lang='lat' dir='ltr'>aut</span> <span class='ocrx_word' id='word_1_475' title='bbox 2965 2878 3263 2959; x_wconf 88' lang='lat' dir='ltr'>scabiem,</span> <span class='ocrx_word' id='word_1_476' title='bbox 3296 2879 3555 2945; x_wconf 89' lang='lat' dir='ltr'>abomi-</span> 
     </span>
     <span class='ocr_line' id='line_1_71' title="bbox 2005 2986 3556 3072; baseline 0 -19"><span class='ocrx_word' id='word_1_477' title='bbox 2005 2988 2219 3053; x_wconf 88' lang='lat' dir='ltr'>nanda</span> <span class='ocrx_word' id='word_1_478' title='bbox 2235 2991 2300 3053; x_wconf 90' lang='lat' dir='ltr'>et</span> <span class='ocrx_word' id='word_1_479' title='bbox 2316 2988 2688 3072; x_wconf 88' lang='lat' dir='ltr'>turpissima</span> <span class='ocrx_word' id='word_1_480' title='bbox 2714 2989 3033 3071; x_wconf 82' lang='lat' dir='ltr'>praecepta</span> <span class='ocrx_word' id='word_1_481' title='bbox 3055 2986 3310 3067; x_wconf 88' lang='lat' dir='ltr'>scilicet,</span> <span class='ocrx_word' id='word_1_482' title='bbox 3336 2988 3556 3054; x_wconf 83' lang='lat' dir='ltr'>verbis</span> 
     </span>
     <span class='ocr_line' id='line_1_72' title="bbox 2006 3093 3556 3177; baseline -0.001 -15"><span class='ocrx_word' id='word_1_483' title='bbox 2006 3096 2119 3163; x_wconf 87' lang='lat' dir='ltr'>Dei</span> <span class='ocrx_word' id='word_1_484' title='bbox 2165 3096 2662 3164; x_wconf 89' lang='lat' dir='ltr'>commiscebant</span> <span class='ocrx_word' id='word_1_485' title='bbox 2703 3095 2775 3159; x_wconf 92' lang='lat' dir='ltr'>in</span> <span class='ocrx_word' id='word_1_486' title='bbox 2818 3095 2986 3177; x_wconf 90' lang='lat' dir='ltr'>lege.</span> <span class='ocrx_word' id='word_1_487' title='bbox 3036 3093 3117 3162; x_wconf 89' lang='lat' dir='ltr'>Et</span> <span class='ocrx_word' id='word_1_488' title='bbox 3171 3098 3268 3161; x_wconf 89' lang='lat' dir='ltr'>est</span> <span class='ocrx_word' id='word_1_489' title='bbox 3318 3096 3556 3162; x_wconf 87' lang='lat' dir='ltr'>erroris</span> 
     </span>
     <span class='ocr_line' id='line_1_73' title="bbox 2006 3205 3556 3292; baseline -0.001 -19"><span class='ocrx_word' id='word_1_490' title='bbox 2006 3208 2205 3292; x_wconf 85' lang='lat' dir='ltr'>hujus</span> <span class='ocrx_word' id='word_1_491' title='bbox 2251 3207 2500 3273; x_wconf 89' lang='lat' dir='ltr'>occasio</span> <span class='ocrx_word' id='word_1_492' title='bbox 2522 3254 2539 3282; x_wconf 91' lang='lat'>‚</span> <span class='ocrx_word' id='word_1_493' title='bbox 2589 3206 2765 3289; x_wconf 85' lang='lat' dir='ltr'>quod</span> <span class='ocrx_word' id='word_1_494' title='bbox 2809 3207 2945 3270; x_wconf 88' lang='lat' dir='ltr'>tam</span> <span class='ocrx_word' id='word_1_495' title='bbox 2991 3205 3072 3270; x_wconf 93' lang='lat' dir='ltr'>de</span> <span class='ocrx_word' id='word_1_496' title='bbox 3117 3205 3556 3289; x_wconf 86' lang='lat' dir='ltr'>corporalibus</span> 
     </span>
     <span class='ocr_line' id='line_1_74' title="bbox 2006 3312 3559 3397; baseline -0.001 -17"><span class='ocrx_word' id='word_1_497' title='bbox 2006 3315 2458 3395; x_wconf 76' lang='lat' dir='ltr'>immunditiiS,</span> <span class='ocrx_word' id='word_1_498' title='bbox 2488 3331 2685 3397; x_wconf 89' lang='lat' dir='ltr'>quam</span> <span class='ocrx_word' id='word_1_499' title='bbox 2713 3312 3171 3396; x_wconf 86' lang='lat' dir='ltr'>spiritualibus,</span> <span class='ocrx_word' id='word_1_500' title='bbox 3215 3313 3455 3378; x_wconf 90' lang='lat' dir='ltr'>mentio</span> <span class='ocrx_word' id='word_1_501' title='bbox 3482 3314 3559 3378; x_wconf 85' lang='lat' dir='ltr'>fit</span> 
     </span>
     <span class='ocr_line' id='line_1_75' title="bbox 2007 3419 3553 3505; baseline -0.001 -17"><span class='ocrx_word' id='word_1_502' title='bbox 2007 3424 2076 3488; x_wconf 89' lang='lat' dir='ltr'>in</span> <span class='ocrx_word' id='word_1_503' title='bbox 2101 3423 2247 3505; x_wconf 88' lang='lat' dir='ltr'>lege</span> <span class='ocrx_word' id='word_1_504' title='bbox 2275 3421 2514 3488; x_wconf 88' lang='lat' dir='ltr'>divina.</span> <span class='ocrx_word' id='word_1_505' title='bbox 2544 3421 2732 3486; x_wconf 88' lang='lat' dir='ltr'>Hunc</span> <span class='ocrx_word' id='word_1_506' title='bbox 2766 3438 3051 3486; x_wconf 88' lang='lat' dir='ltr'>errorem</span> <span class='ocrx_word' id='word_1_507' title='bbox 3078 3420 3292 3501; x_wconf 87' lang='lat' dir='ltr'>tangit</span> <span class='ocrx_word' id='word_1_508' title='bbox 3318 3419 3553 3487; x_wconf 86' lang='lat' dir='ltr'>Radul-</span> 
     </span>
     <span class='ocr_line' id='line_1_76' title="bbox 2008 3529 3556 3618; baseline -0.001 -22"><span class='ocrx_word' id='word_1_509' title='bbox 2008 3532 2205 3618; x_wconf 74' lang='lat' dir='ltr'>phu3,</span> <span class='ocrx_word' id='word_1_510' title='bbox 2226 3529 2457 3595; x_wconf 87' lang='lat' dir='ltr'>nobilis</span> <span class='ocrx_word' id='word_1_511' title='bbox 2474 3529 2797 3613; x_wconf 84' lang='lat' dir='ltr'>expositor</span> <span class='ocrx_word' id='word_1_512' title='bbox 2814 3547 3009 3612; x_wconf 87' lang='lat' dir='ltr'>super</span> <span class='ocrx_word' id='word_1_513' title='bbox 3032 3530 3410 3607; x_wconf 80' lang='lat' dir='ltr'>Leviticum,</span> <span class='ocrx_word' id='word_1_514' title='bbox 3439 3530 3556 3595; x_wconf 86' lang='lat' dir='ltr'>ubi</span> 
     </span>
     <span class='ocr_line' id='line_1_77' title="bbox 2009 3636 3553 3723; baseline -0.003 -18"><span class='ocrx_word' id='word_1_515' title='bbox 2009 3640 2088 3705; x_wconf 89' lang='lat' dir='ltr'>de</span> <span class='ocrx_word' id='word_1_516' title='bbox 2130 3638 2452 3723; x_wconf 82' lang='lat' dir='ltr'>praedictis</span> <span class='ocrx_word' id='word_1_517' title='bbox 2493 3636 2921 3703; x_wconf 89' lang='lat' dir='ltr'>immunditiis</span> <span class='ocrx_word' id='word_1_518' title='bbox 2952 3636 3181 3701; x_wconf 79' lang='lat' dir='ltr'>diffuse</span> <span class='ocrx_word' id='word_1_519' title='bbox 3220 3639 3553 3715; x_wconf 78' lang='lat' dir='ltr'>tractatur,</span> 
     </span>
     <span class='ocr_line' id='line_1_78' title="bbox 2008 3742 3558 3831; baseline -0.002 -20"><span class='ocrx_word' id='word_1_520' title='bbox 2008 3749 2102 3811; x_wconf 92' lang='lat' dir='ltr'>sic</span> <span class='ocrx_word' id='word_1_521' title='bbox 2137 3747 2440 3831; x_wconf 87' lang='lat' dir='ltr'>inquiens</span> <span class='ocrx_word' id='word_1_522' title='bbox 2471 3748 2516 3784; x_wconf 82' lang='lat'>¹⁰</span> <span class='ocrx_word' id='word_1_523' title='bbox 2546 3765 2563 3811; x_wconf 70' lang='grc' dir='ltr'><strong>ε</strong></span> <span class='ocrx_word' id='word_1_524' title='bbox 2602 3771 2633 3808; x_wconf 73' lang='grc' dir='ltr'>«ι</span> <span class='ocrx_word' id='word_1_525' title='bbox 2663 3746 2886 3825; x_wconf 85' lang='lat' dir='ltr'>Multi,</span> <span class='ocrx_word' id='word_1_526' title='bbox 2930 3763 3081 3810; x_wconf 88' lang='lat' dir='ltr'>cum</span> <span class='ocrx_word' id='word_1_527' title='bbox 3114 3744 3184 3808; x_wconf 90' lang='lat' dir='ltr'>in</span> <span class='ocrx_word' id='word_1_528' title='bbox 3212 3742 3558 3827; x_wconf 88' lang='lat' dir='ltr'>Scripturis</span> 
     </span>
     <span class='ocr_line' id='line_1_79' title="bbox 2008 3853 3559 3938; baseline -0.002 -18"><span class='ocrx_word' id='word_1_529' title='bbox 2008 3855 2161 3920; x_wconf 86' lang='lat' dir='ltr'>talia</span> <span class='ocrx_word' id='word_1_530' title='bbox 2187 3854 2537 3938; x_wconf 87' lang='lat' dir='ltr'>reperiunt,</span> <span class='ocrx_word' id='word_1_531' title='bbox 2560 3855 3038 3932; x_wconf 88' lang='lat' dir='ltr'>abominantur,</span> <span class='ocrx_word' id='word_1_532' title='bbox 3058 3855 3360 3919; x_wconf 87' lang='lat' dir='ltr'>avertunt</span> <span class='ocrx_word' id='word_1_533' title='bbox 3380 3853 3559 3918; x_wconf 88' lang='lat' dir='ltr'>audi-</span> 
     </span>
     <span class='ocr_line' id='line_1_80' title="bbox 2008 3962 3553 4047; baseline -0.001 -19"><span class='ocrx_word' id='word_1_534' title='bbox 2008 3967 2186 4043; x_wconf 90' lang='lat' dir='ltr'>tum;</span> <span class='ocrx_word' id='word_1_535' title='bbox 2219 3967 2281 4029; x_wconf 91' lang='lat' dir='ltr'>et</span> <span class='ocrx_word' id='word_1_536' title='bbox 2322 3982 2485 4047; x_wconf 90' lang='lat' dir='ltr'>pene</span> <span class='ocrx_word' id='word_1_537' title='bbox 2504 4012 2522 4042; x_wconf 96' lang='lat'>,</span> <span class='ocrx_word' id='word_1_538' title='bbox 2554 3963 2609 4026; x_wconf 91' lang='lat' dir='ltr'>si</span> <span class='ocrx_word' id='word_1_539' title='bbox 2649 3963 2946 4042; x_wconf 89' lang='lat' dir='ltr'>audiant,</span> <span class='ocrx_word' id='word_1_540' title='bbox 2977 3962 3191 4044; x_wconf 90' lang='lat' dir='ltr'>legem</span> <span class='ocrx_word' id='word_1_541' title='bbox 3228 3962 3513 4028; x_wconf 87' lang='lat' dir='ltr'>divinam</span> <span class='ocrx_word' id='word_1_542' title='bbox 3533 4011 3553 4043; x_wconf 92' lang='lat'>‚</span> 
     </span>
     <span class='ocr_line' id='line_1_81' title="bbox 2010 4069 3558 4155; baseline -0.001 -19"><span class='ocrx_word' id='word_1_543' title='bbox 2010 4072 2185 4155; x_wconf 85' lang='lat' dir='ltr'>quod</span> <span class='ocrx_word' id='word_1_544' title='bbox 2212 4071 2281 4135; x_wconf 91' lang='lat' dir='ltr'>in</span> <span class='ocrx_word' id='word_1_545' title='bbox 2320 4089 2397 4136; x_wconf 89' lang='lat' dir='ltr'>ea</span> <span class='ocrx_word' id='word_1_546' title='bbox 2434 4070 2589 4135; x_wconf 88' lang='lat' dir='ltr'>talia</span> <span class='ocrx_word' id='word_1_547' title='bbox 2630 4071 2866 4154; x_wconf 87' lang='lat' dir='ltr'>scripta</span> <span class='ocrx_word' id='word_1_548' title='bbox 2901 4069 3058 4150; x_wconf 87' lang='lat' dir='ltr'>sint,</span> <span class='ocrx_word' id='word_1_549' title='bbox 3089 4070 3558 4152; x_wconf 88' lang='lat' dir='ltr'>reprehendere</span> 
     </span>
     <span class='ocr_line' id='line_1_82' title="bbox 2008 4177 3553 4261; baseline 0 -16"><span class='ocrx_word' id='word_1_550' title='bbox 2008 4180 2331 4245; x_wconf 89' lang='lat' dir='ltr'>nituntur.</span> <span class='ocrx_word' id='word_1_551' title='bbox 2358 4201 2390 4239; x_wconf 72' lang='lat' dir='ltr'><strong>n</strong></span> <span class='ocrx_word' id='word_1_552' title='bbox 2442 4179 2674 4244; x_wconf 88' lang='lat' dir='ltr'>Contra</span> <span class='ocrx_word' id='word_1_553' title='bbox 2710 4196 2872 4261; x_wconf 82' lang='lat' dir='ltr'>quos</span> <span class='ocrx_word' id='word_1_554' title='bbox 2908 4178 3081 4242; x_wconf 88' lang='lat' dir='ltr'>idem</span> <span class='ocrx_word' id='word_1_555' title='bbox 3111 4177 3262 4242; x_wconf 89' lang='lat' dir='ltr'>alibi</span> <span class='ocrx_word' id='word_1_556' title='bbox 3298 4179 3553 4244; x_wconf 89' lang='lat' dir='ltr'>invehi-</span> 
     </span>
     <span class='ocr_line' id='line_1_83' title="bbox 2010 4286 3560 4371; baseline -0.001 -17"><span class='ocrx_word' id='word_1_557' title='bbox 2010 4292 2120 4354; x_wconf 90' lang='lat' dir='ltr'>tur</span> <span class='ocrx_word' id='word_1_558' title='bbox 2143 4292 2186 4329; x_wconf 85' lang='lat'>¹¹</span> <span class='ocrx_word' id='word_1_559' title='bbox 2222 4311 2238 4354; x_wconf 74' lang='grc' dir='ltr'>ε</span> <span class='ocrx_word' id='word_1_560' title='bbox 2278 4312 2309 4350; x_wconf 79' lang='grc' dir='ltr'><strong>α</strong></span> <span class='ocrx_word' id='word_1_561' title='bbox 2329 4288 2456 4355; x_wconf 92' lang='lat' dir='ltr'>Nos</span> <span class='ocrx_word' id='word_1_562' title='bbox 2474 4289 2815 4353; x_wconf 90' lang='lat' dir='ltr'>temeraria</span> <span class='ocrx_word' id='word_1_563' title='bbox 2831 4286 3328 4371; x_wconf 73' lang='lat' dir='ltr'>praesumptione</span> <span class='ocrx_word' id='word_1_564' title='bbox 3345 4288 3560 4370; x_wconf 88' lang='lat' dir='ltr'>argui-</span> 
     </span>
     <span class='ocr_line' id='line_1_84' title="bbox 2010 4395 3554 4480; baseline 0.001 -19"><span class='ocrx_word' id='word_1_565' title='bbox 2010 4415 2159 4461; x_wconf 91' lang='lat' dir='ltr'>mus</span> <span class='ocrx_word' id='word_1_566' title='bbox 2184 4395 2391 4462; x_wconf 91' lang='lat' dir='ltr'>lucem</span> <span class='ocrx_word' id='word_1_567' title='bbox 2410 4443 2431 4475; x_wconf 90' lang='lat'>,</span> <span class='ocrx_word' id='word_1_568' title='bbox 2464 4414 2611 4479; x_wconf 82' lang='lat' dir='ltr'>quae</span> <span class='ocrx_word' id='word_1_569' title='bbox 2652 4414 2772 4461; x_wconf 92' lang='lat' dir='ltr'>nos</span> <span class='ocrx_word' id='word_1_570' title='bbox 2809 4396 2981 4480; x_wconf 90' lang='lat' dir='ltr'>ipsos</span> <span class='ocrx_word' id='word_1_571' title='bbox 3016 4396 3203 4461; x_wconf 89' lang='lat' dir='ltr'>nobis</span> <span class='ocrx_word' id='word_1_572' title='bbox 3246 4397 3554 4478; x_wconf 87' lang='lat' dir='ltr'>ostendit;</span> 
     </span>
     <span class='ocr_line' id='line_1_85' title="bbox 2011 4503 3559 4587; baseline -0.001 -17"><span class='ocrx_word' id='word_1_573' title='bbox 2011 4505 2356 4587; x_wconf 88' lang='lat' dir='ltr'>arguimus</span> <span class='ocrx_word' id='word_1_574' title='bbox 2391 4505 2665 4570; x_wconf 84' lang='lat' dir='ltr'>verbum</span> <span class='ocrx_word' id='word_1_575' title='bbox 2704 4503 2849 4585; x_wconf 78' lang='lat' dir='ltr'>Dm,</span> <span class='ocrx_word' id='word_1_576' title='bbox 2878 4505 3047 4586; x_wconf 89' lang='lat' dir='ltr'>quod</span> <span class='ocrx_word' id='word_1_577' title='bbox 3083 4505 3222 4570; x_wconf 90' lang='lat' dir='ltr'>sine</span> <span class='ocrx_word' id='word_1_578' title='bbox 3249 4523 3368 4569; x_wconf 90' lang='lat' dir='ltr'>suo</span> <span class='ocrx_word' id='word_1_579' title='bbox 3397 4505 3559 4570; x_wconf 88' lang='lat' dir='ltr'>vitio</span> 
     </span>
     <span class='ocr_line' id='line_1_86' title="bbox 2011 4613 3562 4697; baseline -0.002 -17"><span class='ocrx_word' id='word_1_580' title='bbox 2011 4615 2171 4681; x_wconf 83' lang='lat' dir='ltr'>vitia</span> <span class='ocrx_word' id='word_1_581' title='bbox 2195 4617 2414 4679; x_wconf 87' lang='lat' dir='ltr'>nostra</span> <span class='ocrx_word' id='word_1_582' title='bbox 2437 4613 2866 4697; x_wconf 87' lang='lat' dir='ltr'>reprehendit.</span> <span class='ocrx_word' id='word_1_583' title='bbox 2897 4613 3060 4692; x_wconf 87' lang='lat' dir='ltr'>Quid</span> <span class='ocrx_word' id='word_1_584' title='bbox 3082 4614 3246 4696; x_wconf 88' lang='lat' dir='ltr'>agis,</span> <span class='ocrx_word' id='word_1_585' title='bbox 3273 4613 3562 4678; x_wconf 90' lang='lat' dir='ltr'>humana</span> 
     </span>
     <span class='ocr_line' id='line_1_87' title="bbox 2012 4720 3560 4808; baseline -0.003 -19"><span class='ocrx_word' id='word_1_586' title='bbox 2012 4723 2345 4808; x_wconf 72' lang='lat' dir='ltr'>superbia?</span> <span class='ocrx_word' id='word_1_587' title='bbox 2388 4722 2612 4788; x_wconf 82' lang='lat' dir='ltr'>Tantae</span> <span class='ocrx_word' id='word_1_588' title='bbox 2661 4724 2813 4786; x_wconf 88' lang='lat' dir='ltr'>sunt</span> <span class='ocrx_word' id='word_1_589' title='bbox 2861 4720 3079 4785; x_wconf 89' lang='lat' dir='ltr'>sordes</span> <span class='ocrx_word' id='word_1_590' title='bbox 3114 4723 3246 4785; x_wconf 82' lang='lat' dir='ltr'>tuae</span> <span class='ocrx_word' id='word_1_591' title='bbox 3269 4767 3287 4797; x_wconf 90' lang='lat'>‚</span> <span class='ocrx_word' id='word_1_592' title='bbox 3330 4721 3401 4784; x_wconf 90' lang='lat' dir='ltr'>in</span> <span class='ocrx_word' id='word_1_593' title='bbox 3440 4721 3560 4785; x_wconf 88' lang='lat' dir='ltr'>has</span> 
     </span>
     <span class='ocr_line' id='line_1_88' title="bbox 2006 4826 3560 4911; baseline -0.002 -15"><span class='ocrx_word' id='word_1_594' title='bbox 2006 4834 2200 4898; x_wconf 78' lang='lat' dir='ltr'>faeces</span> <span class='ocrx_word' id='word_1_595' title='bbox 2224 4830 2525 4896; x_wconf 89' lang='lat' dir='ltr'>devoluta</span> <span class='ocrx_word' id='word_1_596' title='bbox 2551 4848 2640 4911; x_wconf 90' lang='lat' dir='ltr'>es,</span> <span class='ocrx_word' id='word_1_597' title='bbox 2671 4831 2745 4894; x_wconf 87' lang='lat' dir='ltr'>ut</span> <span class='ocrx_word' id='word_1_598' title='bbox 2769 4846 2984 4893; x_wconf 89' lang='lat' dir='ltr'>sermo</span> <span class='ocrx_word' id='word_1_599' title='bbox 3012 4826 3148 4906; x_wconf 78' lang='lat' dir='ltr'>Dm,</span> <span class='ocrx_word' id='word_1_600' title='bbox 3181 4827 3295 4910; x_wconf 88' lang='lat' dir='ltr'>qui</span> <span class='ocrx_word' id='word_1_601' title='bbox 3335 4846 3560 4893; x_wconf 90' lang='lat' dir='ltr'>curam</span> 
     </span>
     <span class='ocr_line' id='line_1_89' title="bbox 2012 4935 3557 5024; baseline -0.003 -17"><span class='ocrx_word' id='word_1_602' title='bbox 2012 4943 2110 5008; x_wconf 89' lang='lat' dir='ltr'>tui</span> <span class='ocrx_word' id='word_1_603' title='bbox 2136 4941 2432 5024; x_wconf 86' lang='lat' dir='ltr'>suscepit,</span> <span class='ocrx_word' id='word_1_604' title='bbox 2462 4957 2595 5005; x_wconf 90' lang='lat' dir='ltr'>non</span> <span class='ocrx_word' id='word_1_605' title='bbox 2614 4937 2795 5003; x_wconf 88' lang='lat' dir='ltr'>aliter</span> <span class='ocrx_word' id='word_1_606' title='bbox 2816 4936 2932 5001; x_wconf 89' lang='lat' dir='ltr'>tibi</span> <span class='ocrx_word' id='word_1_607' title='bbox 2958 4935 3305 5002; x_wconf 87' lang='lat' dir='ltr'>subvenire</span> <span class='ocrx_word' id='word_1_608' title='bbox 3322 4942 3557 5021; x_wconf 88' lang='lat' dir='ltr'>posset,</span> 
     </span>
     <span class='ocr_line' id='line_1_90' title="bbox 2013 5044 3560 5130; baseline -0.002 -15"><span class='ocrx_word' id='word_1_609' title='bbox 2013 5051 2140 5116; x_wconf 91' lang='lat' dir='ltr'>nisi</span> <span class='ocrx_word' id='word_1_610' title='bbox 2158 5050 2228 5113; x_wconf 92' lang='lat' dir='ltr'>in</span> <span class='ocrx_word' id='word_1_611' title='bbox 2245 5053 2524 5114; x_wconf 90' lang='lat' dir='ltr'>stercora</span> <span class='ocrx_word' id='word_1_612' title='bbox 2541 5050 2657 5112; x_wconf 87' lang='lat' dir='ltr'>tua</span> <span class='ocrx_word' id='word_1_613' title='bbox 2672 5044 3145 5130; x_wconf 85' lang='lat' dir='ltr'>quodammodo</span> <span class='ocrx_word' id='word_1_614' title='bbox 3163 5063 3397 5111; x_wconf 86' lang='lat' dir='ltr'>manus</span> <span class='ocrx_word' id='word_1_615' title='bbox 3415 5045 3560 5112; x_wconf 91' lang='lat' dir='ltr'>mit-</span> 
     </span>
     <span class='ocr_line' id='line_1_91' title="bbox 2014 5153 3556 5241; baseline -0.005 -16"><span class='ocrx_word' id='word_1_616' title='bbox 2014 5162 2197 5241; x_wconf 90' lang='lat' dir='ltr'>teret,</span> <span class='ocrx_word' id='word_1_617' title='bbox 2220 5162 2282 5224; x_wconf 90' lang='lat' dir='ltr'>et</span> <span class='ocrx_word' id='word_1_618' title='bbox 2302 5161 2376 5222; x_wconf 91' lang='lat' dir='ltr'>ut</span> <span class='ocrx_word' id='word_1_619' title='bbox 2391 5156 2508 5222; x_wconf 87' lang='lat' dir='ltr'>tibi</span> <span class='ocrx_word' id='word_1_620' title='bbox 2526 5155 2743 5222; x_wconf 88' lang='lat' dir='ltr'>sordes</span> <span class='ocrx_word' id='word_1_621' title='bbox 2766 5153 3078 5232; x_wconf 89' lang='lat' dir='ltr'>detrahat,</span> <span class='ocrx_word' id='word_1_622' title='bbox 3099 5153 3157 5218; x_wconf 90' lang='lat' dir='ltr'>si</span> <span class='ocrx_word' id='word_1_623' title='bbox 3174 5153 3296 5219; x_wconf 91' lang='lat' dir='ltr'>dici</span> <span class='ocrx_word' id='word_1_624' title='bbox 3316 5155 3413 5219; x_wconf 85' lang='lat' dir='ltr'>fas</span> <span class='ocrx_word' id='word_1_625' title='bbox 3438 5159 3556 5235; x_wconf 88' lang='lat' dir='ltr'>est,</span> 
     </span>
    </p>
   </div>
   <div class='ocr_carea' id='block_1_5' title="bbox 2015 5353 3564 5566">
    <p class='ocr_par' dir='ltr' id='par_1_7' title="bbox 2015 5353 3564 5566">
     <span class='ocr_line' id='line_1_92' title="bbox 2016 5353 3555 5424; baseline -0.005 -14"><span class='ocrx_word' id='word_1_626' title='bbox 2016 5361 2036 5392; x_wconf 87' lang='lat'>⁸</span> <span class='ocrx_word' id='word_1_627' title='bbox 2059 5360 2211 5424; x_wconf 62' lang='lat' dir='ltr'>Aug„</span> <span class='ocrx_word' id='word_1_628' title='bbox 2240 5357 2302 5407; x_wconf 84' lang='lat' dir='ltr'>de</span> <span class='ocrx_word' id='word_1_629' title='bbox 2335 5357 2477 5408; x_wconf 75' lang='lat' dir='ltr'>Doct.</span> <span class='ocrx_word' id='word_1_630' title='bbox 2512 5353 2728 5416; x_wconf 67' lang='lat' dir='ltr'>Christ„</span> <span class='ocrx_word' id='word_1_631' title='bbox 2753 5353 2842 5405; x_wconf 89' lang='lat' dir='ltr'>lib.</span> <span class='ocrx_word' id='word_1_632' title='bbox 2866 5353 2954 5418; x_wconf 78' lang='lat' dir='ltr'>lv,</span> <span class='ocrx_word' id='word_1_633' title='bbox 2982 5365 3029 5404; x_wconf 90' lang='lat' dir='ltr'>c.</span> <span class='ocrx_word' id='word_1_634' title='bbox 3056 5363 3129 5404; x_wconf 72' lang='grc' dir='ltr'>Ἡ.</span> <span class='ocrx_word' id='word_1_635' title='bbox 3157 5379 3223 5393; x_wconf 88' lang='grc'><strong>-</strong></span> <span class='ocrx_word' id='word_1_636' title='bbox 3255 5354 3278 5390; x_wconf 78' lang='lat'><strong>⁹</strong></span> <span class='ocrx_word' id='word_1_637' title='bbox 3307 5353 3403 5417; x_wconf 69' lang='lat' dir='ltr'>td„</span> <span class='ocrx_word' id='word_1_638' title='bbox 3428 5355 3555 5403; x_wconf 78' lang='lat' dir='ltr'>cont.</span> 
     </span>
     <span class='ocr_line' id='line_1_93' title="bbox 2016 5425 3557 5502; baseline -0.003 -21"><span class='ocrx_word' id='word_1_639' title='bbox 2016 5431 2216 5493; x_wconf 73' lang='lat' dir='ltr'>Fau-st„</span> <span class='ocrx_word' id='word_1_640' title='bbox 2249 5429 2339 5481; x_wconf 90' lang='lat' dir='ltr'>lib.</span> <span class='ocrx_word' id='word_1_641' title='bbox 2377 5428 2537 5490; x_wconf 80' lang='lat' dir='ltr'>Xth,</span> <span class='ocrx_word' id='word_1_642' title='bbox 2567 5440 2615 5478; x_wconf 93' lang='lat' dir='ltr'>c.</span> <span class='ocrx_word' id='word_1_643' title='bbox 2655 5437 2728 5477; x_wconf 76' lang='lat' dir='ltr'>vx.</span> <span class='ocrx_word' id='word_1_644' title='bbox 2761 5451 2824 5464; x_wconf 92' lang='lat'>—</span> <span class='ocrx_word' id='word_1_645' title='bbox 2859 5426 2904 5462; x_wconf 84' lang='lat'>¹⁰</span> <span class='ocrx_word' id='word_1_646' title='bbox 2928 5425 3057 5477; x_wconf 85' lang='lat' dir='ltr'>Rad.</span> <span class='ocrx_word' id='word_1_647' title='bbox 3091 5426 3254 5488; x_wconf 59' lang='lat' dir='ltr'>Flam,</span> <span class='ocrx_word' id='word_1_648' title='bbox 3290 5426 3347 5476; x_wconf 73' lang='lat' dir='ltr'>in</span> <span class='ocrx_word' id='word_1_649' title='bbox 3379 5425 3557 5502; x_wconf 58' lang='lat' dir='ltr'>Levia,</span> 
     </span>
     <span class='ocr_line' id='line_1_94' title="bbox 2015 5497 3564 5566; baseline -0.007 -9"><span class='ocrx_word' id='word_1_650' title='bbox 2015 5502 2107 5557; x_wconf 66' lang='lat' dir='ltr'>ub·</span> <span class='ocrx_word' id='word_1_651' title='bbox 2138 5503 2272 5566; x_wconf 57' lang='lat'>”1¹2</span> <span class='ocrx_word' id='word_1_652' title='bbox 2301 5514 2348 5556; x_wconf 66' lang='lat'>0.</span> <span class='ocrx_word' id='word_1_653' title='bbox 2375 5511 2449 5554; x_wconf 67' lang='lat' dir='ltr'>IV·</span> <span class='ocrx_word' id='word_1_654' title='bbox 2471 5524 2533 5540; x_wconf 73' lang='lat'>“¹-</span> <span class='ocrx_word' id='word_1_655' title='bbox 2559 5500 2595 5536; x_wconf 66' lang='lat'>¹¹</span> <span class='ocrx_word' id='word_1_656' title='bbox 2622 5497 2776 5563; x_wconf 60' lang='lat' dir='ltr'>&#39;bide’</span> <span class='ocrx_word' id='word_1_657' title='bbox 2804 5497 2895 5556; x_wconf 66' lang='lat' dir='ltr'>ub·</span> <span class='ocrx_word' id='word_1_658' title='bbox 2924 5499 3061 5564; x_wconf 68' lang='lat' dir='ltr'>xlv,</span> <span class='ocrx_word' id='word_1_659' title='bbox 3087 5513 3137 5551; x_wconf 72' lang='grc' dir='ltr'><strong>οο</strong></span> <span class='ocrx_word' id='word_1_660' title='bbox 3164 5508 3236 5560; x_wconf 56' lang='lat' dir='ltr'>Vl,</span> <span class='ocrx_word' id='word_1_661' title='bbox 3555 5535 3564 5539; x_wconf 93' lang='lat'><em>-</em></span> 
     </span>
    </p>
   </div>
  </div>
 </body>
</html>
