4196 6294
1278 474 1949 545 lLLUMINATlONES
1990 474 2383 541 ECCLESIAE
2424 474 2506 540 IN
2549 474 3114 544 HEXAEMERON.

2246 610 2682 693 signationem
2697 611 2918 677 nullus
2931 614 3129 694 venit,
3141 612 3268 679 nisi
3279 617 3560 683 transeat
3569 632 3793 686 omnes

2244 719 2690 803 praecedentes
2739 719 2855 786 flae
2889 722 3402 803 sssignificationes
3435 727 3793 795 consistunt

2246 845 2328 892 ex
2354 827 2589 911 duplici
2618 830 3053 912 perspectione
3070 880 3085 911 ,
3128 831 3361 896 scilicet
3388 832 3785 918 duodenarii,
3853 852 4028 957 333:-

2246 936 2357 1020 qui
2389 954 2702 1001 numerus
2740 938 3073 1004 abundans
3099 942 3217 1019 est,
3248 944 3312 1004 et
3339 959 3421 1006 ex
3449 942 3646 1022 mille,
3674 947 3788 1028 qui
3815 988 4028 1021 mmm,

2246 1045 2578 1127 consurgit
2614 1065 2696 1110 ex
2728 1046 2990 1111 denario
3020 1047 3090 1111 in
3134 1066 3203 1112 se
3221 1074 3230 1083 ,
3248 1050 3560 1132 triplicato
3594 1053 3786 1136 repli-
3815 1038 3996 1145 ἐξῇ·

600 484 716 545 152

594 634 665 682 se
690 617 761 681 in
782 617 924 698 illo,
954 617 1023 681 in
1050 635 1181 700 quo
1205 633 1338 681 non
1363 613 1791 679 confunditur.
1826 611 2135 693 Secund0,

594 728 842 808 oportet
872 725 1111 790 habere
1139 721 1387 805 sagacis
1413 718 1707 785 desiderii
1731 718 2142 803 perspicuum

594 832 949 898 contuitum
968 882 984 911 ‚
1030 836 1105 897 ut
1148 832 1311 894 sicut
1357 827 1654 893 columba
1696 826 1903 903 videt,
1945 844 2141 908 super

593 959 795 1025 aquas
820 941 1126 1020 residenS,
1156 957 1342 1005 avem
1364 955 1682 1020 rapacem,
1712 936 1802 999 sic
1821 937 2018 1000 homo
2044 935 2138 998 vi-

398 1074 566 1129 Joseph
594 1050 737 1116 deat
767 1051 836 1114 in
860 1049 1231 1133 Scripturis;
1262 1049 1325 1112 et
1341 1047 1465 1112 hoc
1491 1046 1761 1129 pertinet
1786 1044 1865 1109 ad
1888 1043 2135 1125 Joseph,

354 1133 471 1177 filiun
487 1146 540 1175 ιο

353 1208 555 1241 omns

594 1159 704 1243 qui
750 1159 1199 1241 interpretatur
1244 1172 1629 1221 accrescens,
1662 1155 1681 1190 ¹
1728 1177 1759 1215 α
1795 1153 1996 1217 Filius
2031 1170 2140 1217 ac-

593 1285 882 1332 crescens
920 1266 953 1331 J
956 1266 1155 1350 oseph
1173 1316 1190 1345 ,
1243 1286 1274 1324 ›>
1333 1263 1805 1347 pulcherrimus
1859 1261 2139 1326 salvator

592 1373 882 1457 AEgypti,
917 1373 1209 1455 princeps
1240 1372 1537 1450 fratrum,
1572 1370 1787 1451 signat
1812 1368 2138 1434 discretio-

590 1501 771 1563 nem,
803 1501 918 1566 per
939 1500 1138 1566 quam
1162 1481 1360 1544 homo
1387 1483 1484 1543 est
1514 1478 1788 1542 aliorum
1814 1481 2044 1557 rector,
2074 1481 2139 1543 et

591 1592 984 1657 ministrator
1016 1613 1031 1654 ε
1074 1594 1137 1655 et
1178 1590 1304 1654 hoc
1350 1586 1715 1668 sagacitatis
1764 1589 1882 1651 est.
1939 1586 2016 1650 Et
2064 1585 2137 1649 in

591 1699 933 1764 undecimo
960 1698 1123 1776 loco,
1140 1700 1213 1761 ut
1238 1696 1557 1759 frumenta
1581 1694 1856 1776 colligat,
1888 1712 2022 1757 non
2047 1694 2136 1757 fo-

588 1805 706 1886 lia,
765 1806 874 1870 sed
927 1804 1310 1869 documenta
1362 1803 1648 1868 veritatis
1680 1801 1749 1865 in
1787 1800 2133 1884 Scripturis

590 1915 809 1994 sacris,
831 1919 896 1979 et
912 1918 1127 1997 postea
1153 1912 1448 1978 refundat
1477 1912 1557 1976 ad
1587 1912 1860 1976 salutem
1887 1911 2129 1993 populi.

589 2022 706 2087 Hic
744 2025 841 2086 est
875 2023 898 2057 ²
930 2021 1203 2104 angelus
1243 2023 1467 2085 sextus
1497 2019 1975 2102 philadelphiae,
2014 2018 2134 2083 sal-

589 2149 749 2195 vans
775 2130 1252 2196 haereditatem:
1300 2130 1407 2193 hic
1452 2128 1741 2212 providet
1777 2128 2127 2204 frumenta,

590 2244 809 2304 contra
821 2241 1054 2305 famem
1075 2240 1379 2304 futuram.
1396 2237 1631 2303 Ultimo
1648 2240 1742 2301 est
1759 2236 1977 2301 suavis
1990 2253 2133 2300 con-

506 2378 561 2409 us
591 2348 1018 2431 templationis
1038 2352 1270 2430 gustus
1287 2346 1637 2411 ecstaticus:
1656 2344 1798 2409 «Ex
1819 2344 2010 2425 tribu,
2030 2343 2128 2407 in-

519 2451 539 2461 '
587 2457 746 2538 quit,
771 2456 1127 2541 Benjamin.
1146 2477 1177 2515 n
1196 2455 1220 2490 ⁸
1246 2454 1486 2520 «Filius
1505 2454 1747 2518 dextrae
1767 2451 2125 2534 Benjamin,

525 2576 560 2658 ἰ
586 2563 760 2627 filius
803 2563 1036 2629 doloris
1051 2612 1070 2644 ,
1117 2585 1148 2623 n
1182 2563 1251 2626 in
1292 2564 1480 2645 cujus
1526 2564 1716 2645 partu
1754 2564 2010 2624 mortua
2034 2563 2132 2624 est

586 2672 850 2753 Rachel,
877 2677 936 2737 et
966 2678 1182 2737 tamen
1208 2672 1230 2707 ¹·
1257 2696 1287 2734 α
1306 2671 1638 2753 Benjamin
1651 2668 2130 2735 amantissimus

587 2779 870 2861 Domini,
901 2785 1033 2846 tota
1063 2781 1164 2847 die
1199 2780 1387 2864 quasi
1419 2780 1487 2844 in
1522 2779 1804 2844 thalamo
1842 2777 2129 2841 morabi-

585 2892 715 2952 tur.
738 2911 769 2949 »
792 2888 871 2953 Et
887 2890 1101 2971 signat
1123 2889 1490 2953 ecstaticum
1504 2904 1839 2951 excessum
1856 2889 2130 2950 contem-

584 2997 901 3080 plationis,
966 2997 1143 3062 Ultra
1205 2998 1381 3061 hunc
1436 3015 1563 3060 non
1621 2994 1901 3058 nascitur
1954 2992 2129 3056 fflius

582 3104 797 3174 Jacob.
820 3105 936 3171 Hic
954 3110 1050 3172 est
1062 3122 1252 3191 sopor
1271 3104 1355 3188 (a)
1373 3122 1522 3170 cum
1535 3120 1825 3171 excessu.
1844 3099 1942 3168 Ad
1958 3101 2128 3167 hanc

2245 1155 2489 1219 catione
2513 1155 2807 1238 perfecta,
2829 1155 2985 1238 quia
3004 1156 3210 1222 decies
3229 1158 3450 1222 decem
3469 1164 3622 1224 sunt
3647 1180 3789 1227 cen-

2244 1266 2385 1327 tum
2400 1313 2417 1342 ,
2445 1267 2510 1328 et
2537 1263 2743 1328 decies
2769 1267 3026 1328 centum
3065 1269 3219 1329 sunt
3256 1265 3452 1332 mille.
3489 1267 3670 1332 Hanc
3704 1270 3788 1333 si-

2246 1371 2617 1452 gnationem
2638 1391 2828 1437 nemo
2850 1374 3095 1456 accipit,
3117 1375 3246 1439 nisi
3271 1375 3400 1455 ille,
3429 1377 3542 1460 qui
3558 1378 3788 1444 habet⁸

2245 1499 2277 1540 e
2311 1477 2625 1544 calculum
2641 1528 2661 1558 ,
2701 1480 2772 1544 in
2797 1499 2929 1564 quo
2959 1485 3056 1546 est
3094 1500 3328 1546 nomen
3345 1530 3367 1562 ,
3398 1485 3570 1566 quod
3597 1504 3788 1553 nemo

2242 1587 2379 1667 scit,
2409 1588 2535 1652 nisi
2561 1588 2674 1671 qui
2698 1589 2946 1671 accipit.
2985 1612 3015 1649 1)
3033 1588 3168 1655 Hoc
3186 1594 3282 1655 est
3310 1590 3569 1672 lignum
3595 1594 3781 1674 vitae3
3871 1624 3876 1627 Α

2239 1696 2363 1761 hoc
2387 1697 2622 1762 fruitur
2642 1699 2839 1764 homo
2861 1700 2929 1763 in
2951 1700 3074 1764 hac
3092 1701 3247 1766 vita.
3265 1700 3445 1767 Unde
3471 1703 3705 1769 dicitur
3721 1712 3776 1770 ⁸:

2249 1828 2280 1866 ιι
2306 1804 2482 1871 Beati
2510 1807 2622 1890 qui
2647 1807 2867 1872 lavant
2892 1809 3269 1875 vestimenta
3294 1829 3432 1888 sua,
3463 1816 3528 1875 et
3547 1812 3786 1878 intrant

2240 1932 2355 1996 per
2388 1918 2601 1998 portas
2628 1916 2920 1996 civitatiS,
2949 1921 3024 1981 ut
3049 1918 3130 1981 sit
3159 1922 3434 2000 potestas
3461 1938 3686 1985 eorum
3712 1922 3783 1985 in

2238 2021 2417 2104 ligno
2448 2023 2621 2088 vitae.
2671 2045 2702 2084 11
2746 2022 2825 2088 Et
2859 2024 3101 2088 dicebat
3130 2031 3193 2089 ⁷:
3234 2023 3331 2089 Ad
3369 2027 3489 2090 hoc
3522 2027 3782 2109 lignum

2239 2129 2390 2191 vitae
2428 2129 2634 2194 voluit
2673 2148 2788 2193 vos
2829 2130 3060 2195 ducere
3097 2153 3112 2194 ε
3145 2130 3168 2165 ⁸
3204 2154 3234 2192 <1
3261 2132 3600 2197 Ferculum
3642 2136 3786 2199 fecit

2241 2234 2542 2300 Salomon
2602 2236 2682 2301 de
2732 2236 2933 2318 lignis
2970 2238 3231 2318 Libani,
3273 2240 3605 2305 columnas
3640 2243 3783 2307 fecit

2237 2346 2600 2425 argenteaS,
2620 2344 3098 2410 reclinatorium
3125 2365 3415 2429 aureum,
3443 2367 3780 2413 ascensum

2236 2469 2658 2535 purpureum.
2677 2474 2708 2512 n
2741 2452 3232 2518 Reclinatorium
3260 2474 3530 2520 aureum
3557 2460 3654 2521 est
3678 2474 3779 2520 sa-

2237 2560 2478 2643 pientia
2517 2560 3025 2643 contemplativa.
3077 2559 3255 2626 Hanc
3298 2563 3516 2628 nullus
3555 2563 3778 2642 habet,

2237 2670 2362 2733 nisi
2408 2669 2522 2752 qui
2578 2670 2772 2733 habet
2822 2670 3153 2735 columnas
3208 2676 3579 2753 argenteas,
3629 2688 3778 2755 quae

2236 2779 2386 2841 sunt
2433 2778 2697 2842 virtutes
2747 2778 3134 2842 stabilientes
3178 2780 3484 2843 animam.
3533 2779 3779 2843 Ascen-

2235 2901 2347 2947 sus
2401 2902 2760 2968 purpureus
2809 2890 2906 2950 est
2947 2886 3254 2965 charitas,
3302 2905 3449 2969 quae
3485 2887 3631 2951 facit
3675 2905 3777 2952 as-

2236 2992 2502 3057 cendere
2528 2993 2608 3058 ad
2647 2994 2975 3078 superiora
2987 3042 3009 3075 ,
3040 2998 3103 3060 et
3136 2995 3517 3061 descendere
3551 2994 3632 3060 ad
3670 2994 3770 3060 in-

2234 3100 2484 3167 teriora.

1538 3559 2072 3640 ADDITIONES
2136 3559 2250 3638 AD
2314 3559 2825 3638 LUMINARIA

660 3764 890 3829 Adhuc
917 3759 1207 3843 superest
1232 3756 1397 3823 visio
1436 3754 1664 3838 quinta
1698 3753 1768 3816 in
1808 3750 2127 3835 principio

581 3871 791 3955 operis
818 3868 1169 3953 proposita,
1204 3864 1439 3929 scilicet
1474 3862 1637 3927 visio
1677 3856 2125 3940 intelligentiae

580 4000 696 4066 per
735 3979 1032 4062 spiritum
1075 3970 1424 4059 prophetiae
1465 3970 1825 4035 sublimatae
1840 4016 1859 4048 ,
1889 3965 2127 4050 quibus

582 4087 899 4155 exercitiis
943 4078 1493 4164 contemplationis
1524 4126 1543 4158 ,
1593 4077 1827 4160 quibus
1871 4073 2128 4141 virtuti-

582 4197 737 4277 bus,
768 4195 1126 4279 quibusque
1163 4189 1507 4271 Scripturae
1544 4203 1741 4251 sacrae
1775 4185 2123 4250 documen·-

580 4307 701 4386 tis,
723 4303 940 4370 anima
961 4302 1253 4367 humana
1275 4297 1344 4361 in
1370 4296 1478 4362 via
1506 4294 1879 4370 illustretur,
1908 4296 1984 4357 ut
2009 4309 2126 4374 per

581 4411 969 4497 Sapientiam
995 4409 1345 4473 increatam
1370 4421 1542 4469 novo
1580 4405 1645 4467 et
1679 4399 1993 4482 singulari
2021 4400 2124 4462 in-

577 4519 905 4588 habitandi
920 4534 1159 4600 genere
1178 4564 1197 4596 ,
1215 4531 1361 4597 quae
1388 4513 1411 4548 ⁹
1462 4534 1494 4573 α
1529 4509 1827 4574 omnibus
1863 4506 2123 4572 mobili-

550 4697 553 4702 .
578 4634 700 4698 bus
716 4627 1012 4695 mobilior
1030 4628 1161 4704 est,
1186 4646 1217 4684 n
1243 4622 1674 4688 illustraretur
1694 4615 2118 4681 illustratione

577 4739 864 4824 gratuita
880 4786 899 4818 ,
920 4736 1001 4802 ad
1029 4730 1501 4819 praedicendum
1529 4728 1746 4791 futura
1762 4774 1781 4806 ,
1803 4724 1883 4797 ad
1911 4724 2123 4790 dicen-

574 4851 732 4915 dum
766 4849 965 4928 longe
1008 4843 1307 4909 distantia
1328 4890 1351 4922 ,
1396 4839 1477 4905 ad
1519 4834 1935 4921 aperiendum
1976 4852 2117 4900 cor-

572 4956 753 5021 dium
808 4956 1047 5019 secreta
1084 4970 1104 5016 z
1159 4968 1277 5032 pro
1328 4949 1568 5033 quanto
1627 4943 1748 5008 sibi
1808 4942 2117 5008 Dominus

571 5062 686 5143 huj
695 5077 773 5124 us
818 5062 1064 5125 incerta
1108 5060 1172 5123 et
1214 5054 1459 5122 occulta
1497 5051 1737 5118 divinae
1783 5049 2116 5134 sapientiae

572 5167 943 5249 dignabitur
980 5163 1453 5231 communicare
1469 5209 1492 5241 ,
1524 5159 1689 5225 sicut
1731 5158 1951 5223 multis
1994 5158 2118 5222 sibi

571 5273 918 5341 carissimis
942 5273 1187 5357 aperire
1221 5271 1527 5352 dignatus
1564 5270 1695 5348 est,
1726 5269 1802 5331 ut
1839 5269 2011 5350 patet
2034 5266 2116 5331 de

637 5438 655 5471 ¹
683 5436 826 5497 Gen..
854 5447 999 5499 xux,
1026 5439 1106 5488 22.
1130 5459 1192 5474 —
1219 5434 1238 5466 ²
1265 5433 1438 5497 Δροο.,
1464 5443 1547 5494 ιιι,
1577 5432 1627 5481 7.
1647 5456 1709 5467 -
1736 5431 1755 5462 ³
1782 5428 1925 5494 Gen„
1950 5438 2112 5491 xxxv,

570 5511 648 5565 18.
668 5533 731 5549 -
752 5508 773 5540 ⁴
799 5508 1193 5572 Dent-,lxxma
1220 5508 1380 5569 12„-
1400 5506 1419 5537 ⁸
1438 5505 1612 5571 Apoe„
1632 5511 1692 5568 11,
1716 5503 1793 5554 17.
1817 5526 1879 5540 --
1900 5502 1921 5533 ⁸
1940 5500 2115 5567 Apoe„

2233 3748 2456 3814 multis
2483 3748 2715 3815 tamin
2744 3746 2957 3830 Novo,
2987 3767 3186 3834 quam
3219 3753 3290 3818 in
3316 3754 3528 3823 Veteri
3554 3757 3773 3827 Testa-

2232 3860 2468 3922 mento.
2500 3856 2662 3921 Nam
2706 3862 2768 3923 et
2802 3856 2944 3923 haec
2972 3859 3140 3926 visio
3166 3880 3295 3927 non
3332 3865 3601 3932 minima
3627 3886 3780 3952 pars

2232 3969 2330 4029 est
2382 3964 2534 4030 vitae
2588 3964 2954 4048 spiritualis
3017 3967 3320 4052 Superest
3364 3975 3561 4038 etiam
3614 3977 3778 4043 visio

2232 4077 2412 4137 sexta
2451 4073 2521 4136 in
2558 4074 2870 4156 principio
2912 4079 3237 4160 proposita
3262 4129 3281 4161 ,
3330 4082 3565 4151 scilicet
3611 4086 3776 4152 visio

2231 4179 2679 4262 intelligentiae
2721 4199 2835 4263 per
2878 4187 3140 4266 raptum
3185 4189 3417 4254 mentis
3460 4192 3530 4255 in
3573 4192 3776 4260 Deum

2231 4288 2546 4371 absorptae
2576 4337 2593 4368 ,
2640 4287 2984 4370 videlicet,
3040 4292 3280 4375 quibus
3339 4300 3661 4366 exercitiis
3712 4306 3777 4368 et

2231 4394 2413 4459 donis
2443 4396 2663 4460 anima
2689 4398 3175 4481 contemplantis
3201 4406 3672 4492 appropinquat
3694 4411 3776 4477 ad

2229 4501 2462 4567 mentis
2484 4521 2819 4569 excessum
2838 4507 3242 4589 ecstaticum3
3274 4531 3422 4595 quae
3448 4516 3642 4582 etiam
3669 4537 3772 4584 re-

2230 4610 2581 4676 velationes
2621 4612 2787 4677 flunt
2833 4615 3068 4681 animae
3109 4623 3345 4702 raptae,
3382 4627 3448 4688 et
3490 4624 3773 4693 dulcedi-

2230 4736 2367 4799 nes,
2396 4724 2711 4802 quantum
2756 4739 2955 4789 sacrae
3000 4725 3350 4810 Scripturae
3398 4735 3738 4802 auctoritas
3751 4783 3768 4813 ‚

2228 4832 2293 4894 et
2319 4828 2623 4910 mysteria
2643 4829 2941 4897 innuunt.
2974 4832 3054 4900 Et
3080 4835 3221 4901 baec
3246 4843 3344 4903 est
3368 4840 3595 4908 ultima
3619 4863 3767 4927 pars

2224 4938 2379 5004 vitae
2421 4937 2767 5021 spiritualis
2803 4939 2872 5003 in
2915 4941 3045 5007 via.
3091 4943 3169 5010 Et
3208 4945 3282 5009 fit
3304 4947 3428 5012 hac
3454 4955 3634 5016 sexta
3668 4955 3770 5019 vi-

2228 5047 2405 5110 sione
2428 5045 2626 5111 homo
2653 5047 2964 5113 formatus
2990 5050 3058 5115 in
3087 5053 3371 5119 animam
3399 5056 3724 5125 viventem
3750 5111 3767 5136 ,

2226 5158 2370 5236 post
2397 5172 2595 5254 quam
2625 5154 2913 5222 ultimate
2954 5158 3226 5243 quiescit
3267 5161 3435 5228 Deus
3460 5166 3527 5229 in
3552 5169 3772 5236 anima

2226 5259 2711 5344 contemplantis
2727 5311 2746 5343 ,
2778 5280 3031 5332 cessans
3051 5287 3091 5332 a
3108 5287 3430 5336 novorum
3451 5273 3771 5345 donorum

2221 5436 2368 5487 xxu,
2411 5426 2489 5476 u.
2524 5449 2584 5463 —
2620 5426 2638 5457 ’
2667 5426 2874 5479 Dicebat
2885 5445 2904 5495 ;
2946 5432 3079 5496 qui?
3114 5433 3258 5486 Saint
3292 5436 3667 5493 Bonaventure.
3707 5470 3770 5483 —

2224 5500 2243 5530 ⁸
2269 5497 2435 5561 Cant„
2451 5508 2532 5562 111,
2550 5500 2600 5562 9,
2614 5501 2752 5551 to.-
2765 5500 3045 5570 ⁹80p.,v11,
3063 5506 3207 5557 24.-
3222 5508 3290 5574 (a)
3315 5510 3438 5562 coet.
3458 5511 3582 5566 edit.
3593 5528 3766 5583 sapor.
