4196 6294
183 825 324 868 Malo-

146 899 254 932 rum
283 889 363 931 de-

165 950 351 993 clinatio

145 1013 328 1068 triplex.

1654 399 2014 466 PSALMUS
2057 398 2316 466 CXVIII.

396 534 515 594 sive
551 536 714 594 mala
750 535 924 594 malis
963 535 1348 610 imprecando
1363 557 1378 609 3
1428 536 1534 594 sed
1577 551 1611 594 e
1639 536 1935 594 contrario

393 645 505 704 pro
532 629 1056 704 transgressoribus
1098 631 1392 704 rogando,
1418 633 1628 688 utnon
1657 630 1936 704 perirent,

393 725 516 781 tam
575 723 850 797 exemplo
905 723 1243 795 dominico,
1288 741 1471 798 quam
1512 727 1824 799 praecepto.
1873 727 1938 783 Et

394 820 569 889 nota,
594 816 760 891 quod
799 820 883 874 est
916 817 1211 876 malorum
1251 818 1566 877 declinatio
1602 818 1888 893 tripartita
1917 838 1933 877 ε

393 911 610 985 prima,
641 927 677 970 a
702 910 1008 969 voluntate
1037 911 1241 970 divina
1269 914 1349 970 ad
1394 912 1701 987 propriam
1725 913 1936 970 volun-

396 1008 608 1077 tatem3
641 1004 923 1075 secunda,
952 1022 988 1063 a
1013 1005 1314 1064 voluntate
1347 1007 1589 1082 propria
1618 1005 1698 1063 ad
1725 1005 1938 1080 iniqui-

395 1101 608 1170 tatem3
643 1099 844 1170 tertia,
901 1099 981 1157 ab
1028 1100 1334 1174 iniquitate
1373 1101 1453 1158 ad
1487 1099 1886 1158 infelicitatem
1918 1119 1932 1157 ε

396 1207 651 1266 quarum
660 1192 857 1266 prima
869 1192 1119 1266 pertinet
1132 1194 1212 1251 ad
1231 1194 1602 1252 aversionem
1616 1213 1634 1267 3
1653 1193 1935 1261 secunda,

397 1286 476 1344 ad
502 1286 950 1344 conversionem
965 1306 982 1359 3
1014 1287 1203 1360 tertia,
1232 1288 1311 1346 ad
1335 1288 1931 1346 animadversionem.

397 1383 474 1438 De
500 1379 696 1455 primo
727 1382 742 1414 ¹
776 1400 791 1438 ε
836 1399 866 1435 α
906 1384 1122 1439 Omnes
1168 1398 1279 1441 nos
1319 1381 1492 1457 quasi
1532 1398 1675 1440 oves
1723 1381 1937 1439 erravi-

396 1489 560 1545 mus3
587 1474 997 1549 unusquisque
1039 1476 1103 1533 in
1135 1476 1296 1534 viam
1326 1485 1504 1534 'suam
1535 1474 1868 1534 declinavit.
1899 1496 1928 1530 ιι

395 1566 550 1637 Quid
576 1572 661 1626 est
680 1568 976 1628 declinare
1003 1569 1064 1626 in
1083 1570 1243 1627 viam
1275 1587 1466 1642 suam,
1496 1570 1606 1628 nisi
1637 1570 1935 1628 declinare

397 1661 459 1718 in
484 1660 849 1722 voluntatem
874 1663 1221 1738 propriam?
1242 1667 1349 1722 Per
1360 1665 1514 1722 hanc
1536 1665 1695 1722 viam
1726 1664 1936 1722 animae

398 1754 774 1826 gradiuntur,
806 1773 944 1815 cum
972 1774 1010 1816 a
1046 1758 1212 1816 bono
1254 1758 1726 1817 incommutabili
1768 1773 1935 1815 aver·

398 1851 628 1906 tuntur:
649 1865 782 1907 ecce
797 1849 1113 1911 declinatio
1131 1852 1475 1911 aversionis,
1499 1855 1575 1911 De
1593 1851 1930 1910 secundo.
1871 1855 1930 1888 ²·

400 1963 429 1994 «
454 1946 534 2001 Ne
563 1942 820 2001 declines
836 1944 915 2002 ad
937 1944 1303 2019 iniquitatem
1317 1965 1335 2017 3
1354 1946 1508 2004 hanc
1527 1945 1687 2003 enim
1711 1945 1935 2020 coepisti

393 2035 561 2111 sequi
596 2041 732 2110 post
764 2038 1097 2112 miseriam3
1127 2059 1156 2094 n
1192 2040 1360 2114 quasi
1377 2038 1596 2098 diceret
1615 2057 1629 2096 :
1649 2044 1727 2098 Ne
1757 2039 1935 2097 decli-

392 2146 497 2188 nes
549 2131 629 2188 ad
681 2131 1048 2206 iniquitatem
1095 2134 1496 2192 conversionis
1546 2135 1744 2206 :hanc
1775 2134 1933 2192 enim

394 2224 620 2299 coepisti
663 2226 831 2301 sequi
875 2231 1011 2299 post
1048 2228 1344 2285 miseriam
1388 2228 1716 2287 aversionis
1747 2248 1761 2285 ε
1797 2244 1933 2286 ecce

395 2317 707 2377 declinatio
735 2320 1156 2379 conversionis,
1203 2325 1281 2380 De
1317 2322 1486 2380 tertio
1523 2326 1546 2360 ⁸
1578 2342 1592 2381 ε
1626 2322 1933 2380 «Declina—

392 2412 476 2470 vit
499 2413 760 2488 populus
804 2414 1038 2486 ingredi
1085 2415 1411 2488 civitatem,
1457 2433 1579 2491 quo
1616 2417 1802 2475 modo
1832 2417 1934 2475 de-

393 2506 610 2564 clinare
663 2506 813 2565 solet
866 2507 1127 2581 populus
1190 2523 1424 2579 versu‘S,
1472 2514 1530 2567 et
1573 2510 1806 2584 fugiens
1855 2512 1931 2569 de

390 2599 614 2674 praelio.
644 2619 674 2653 π
698 2602 803 2657 Per
826 2601 981 2658 hanc
1025 2601 1315 2660 civitatem
1344 2603 1730 2677 intelligimus
1748 2604 1931 2663 felici-

391 2696 591 2764 tatem,
617 2709 800 2768 quam
839 2694 1101 2752 declinat
1142 2696 1373 2768 ingredi
1413 2698 1672 2772 populus
1721 2715 1932 2757 versus

391 2785 471 2845 ad
496 2786 894 2861 iniquitatem,
937 2787 1167 2860 fugiens
1209 2789 1282 2847 de
1310 2791 1514 2864 praelio
1542 2808 1649 2867 per
1672 2794 1932 2852 aversio-

389 2895 528 2938 nem
552 2896 590 2938 a
615 2883 752 2940 Deo.
789 2881 944 2952 Quid
988 2887 1074 2940 est
1119 2887 1313 2943 autem
1354 2885 1652 2944 declinare
1699 2887 1930 2960 ingredi

388 2972 751 3044 felicitatem,
787 2990 974 3049 quam
1017 2974 1314 3034 declinare
1357 2977 1437 3035 ad
1488 2978 1932 3038 infelicitatem?

388 3070 531 3125 Ecce
559 3066 872 3126 declinatio
899 3068 1447 3129 animadversionis

1035 3231 1293 3298 Epilogus.

420 3416 428 3424 ‚
458 3350 548 3407 Ait
587 3366 731 3423 ergo
766 3353 1082 3427 Propheta,
1125 3357 1411 3428 tanquam
1444 3355 1640 3414 bonus
1688 3356 1929 3429 athleta,

390 3458 566 3501 orans
589 3460 701 3517 pro
730 3445 1011 3516 inimicia,
1050 3450 1107 3505 et
1142 3447 1448 3522 insinuans
1481 3449 1790 3508 victoriam
1824 3468 1928 3523 ge-

386 3535 564 3594 minae
603 3537 973 3597 adversitatis
1010 3557 1119 3615 per
1151 3542 1425 3600 virtutem
1461 3544 1710 3615 geminae
1742 3544 1931 3602 chari-

388 3629 560 3687 tatis:
591 3633 765 3689 Multi
799 3638 899 3704 qui
935 3642 1330 3707 persequuntur
1364 3653 1480 3708 me,
1523 3642 1812 3711 quantum
1850 3639 1931 3697 ad

387 3723 805 3783 adversitatem
864 3727 1300 3801 maledicendi3
1365 3737 1416 3787 et
1482 3734 1745 3788 tribulant
1807 3749 1926 3800 me,

389 3822 679 3891 quantum
716 3820 796 3877 ad
831 3820 1246 3881 adversitatem
1285 3824 1694 3882 malefaciendi
1710 3846 1729 3898 3
1760 3843 1795 3883 a
1825 3834 1930 3884 tes-

391 3915 630 3969 timoniis
658 3916 790 3985 tuis‚
821 3931 953 3989 quae
986 3914 1239 3974 libenter
1264 3919 1507 3987 retinui,
1536 3922 1824 3994 quantum
1852 3920 1931 3977 ad

391 4004 733 4064 charitatem
783 4007 919 4081 Dei;
968 4026 1073 4067 non
1120 4012 1431 4083 declinavi,
1486 4028 1705 4085 rogans
1759 4013 1931 4071 malis

390 4099 551 4157 mala
577 4100 844 4174 retribui,
873 4106 1162 4177 quantum
1188 4106 1267 4162 ad
1287 4106 1627 4163 charitatem
1648 4106 1925 4180 proximi.

919 4323 1248 4368 nastcutus
1281 4327 1377 4369 XIV
1386 4355 1396 4368 .

460 4479 582 4535 158.
622 4479 754 4534 Vidi
787 4482 1240 4551 proeutm'cuntes,
1279 4484 1387 4539 etc.
1425 4482 1706 4557 Superius
1741 4484 1932 4542 oravit

388 4572 794 4646 Prophetapro
805 4573 1318 4647 persequentibus,
1327 4590 1403 4632 ne
1420 4576 1753 4634 crucientur
1765 4582 1929 4636 aeter-

388 4664 633 4737 naliter3
663 4681 866 4723 rursus
890 4670 1021 4723 orat
1047 4682 1157 4740 pro
1182 4667 1408 4726 eisdem
1435 4671 1927 4744 persecutoribus,

386 4772 463 4815 ne
505 4757 838 4817 saucientur
871 4759 1217 4818 mortaliter.
1261 4762 1708 4835 speculabatur,
1734 4768 1803 4822 ut
1829 4780 1932 4824 au-

385 4856 572 4925 tumo,
601 4853 938 4927 speculator
966 4855 1237 4928 eximius,
1260 4858 1324 4915 in
1345 4859 1464 4917 alta
1488 4861 1787 4935 sapientiae
1805 4879 1928 4936 spe-

387 4948 524 5005 cula
574 4947 946 5020 constitutus,
996 4950 1163 5023 quod
1209 4951 1555 5012 tribulantes
1599 4955 1927 5029 visibiliter,

386 5042 742 5101 tribulantur
784 5042 1155 5102 invisibiliter
1168 5064 1187 5117 3
1217 5050 1275 5103 et
1299 5046 1650 5123 plerumque
1663 5093 1681 5123 ,
1709 5050 1929 5108 loeden-

386 5136 472 5193 tes
515 5136 721 5195 leviter
738 5176 759 5208 ‚
799 5135 1092 5195 laeduntur
1137 5138 1411 5212 graviter.
1460 5143 1608 5200 Nam
1656 5142 1927 5218 plerique

462 5337 619 5396 ²15a„
661 5346 782 5397 ιιιι,
822 5339 870 5387 6.
910 5358 974 5373 —
1007 5336 1025 5366 ²
1061 5337 1169 5401 lob,
1203 5348 1397 5403 xxxv»,
1438 5343 1516 5391 21.
1546 5364 1606 5377 —
1652 5340 1671 5370 ³
1707 5342 1748 5391 ΙΙ
1791 5342 1927 5408 neq„

3469 399 3578 460 521

2044 533 3154 606 vulnerantvenialiter,etvulnerantur
3164 532 3585 607 mortaliter(a).

2043 629 2207 688 Unde
2247 628 2531 686 nimirum
2566 634 2970 703 persecutores
3002 628 3259 686 inermes
3284 643 3410 684 non
3436 627 3591 685 iner-

2043 724 2157 780 mis
2183 723 2307 797 ipse
2333 722 2714 797 perspiciens,
2735 721 3068 796 etamplius
3096 720 3379 792 alienum,
3403 736 3587 795 quam

2042 817 2355 891 proprium
2391 817 2724 890 periculum
2765 817 3218 890 pertimescens,
3245 814 3591 887 ingemisce-

2042 911 2149 969 bat
2195 911 2633 982 intervenienS,
2679 915 2736 968 et
2779 909 3204 968 interveniebat
3245 908 3522 983 inquiens
3569 925 3585 964 ε

2049 1007 2219 1075 Vidi,
2246 1008 2378 1077 etc„
2402 1005 2572 1079 quasi
2604 1005 2759 1062 dicat
2789 1022 2804 1061 ε
2834 1003 2966 1061 Vidi
2993 1003 3445 1078 praevaricantes
3485 1002 3588 1060 tri-

2043 1099 2311 1170 bulatos,
2350 1102 2407 1156 et
2443 1099 2789 1157 tribulantes
2808 1118 2825 1170 3
2868 1099 2925 1155 et
2960 1097 3116 1155 oculi
3148 1096 3266 1154 mei
3300 1096 3589 1170 liquesce-

2042 1193 2223 1263 bant,
2254 1193 2537 1267 quoniam
2574 1192 2660 1250 illi
2698 1208 2865 1250 arma
2898 1190 3225 1266 spiritualia
3249 1206 3373 1247 non
3396 1190 3586 1249 habe—
3685 1218 3698 1234 ·

2040 1287 2189 1345 bant
2236 1305 2266 1343 :·
2303 1303 2435 1344 ecce
2481 1287 2651 1345 vides
2705 1286 3005 1344 bonorum
3056 1282 3588 1342 considerationem

2042 1379 2200 1438 circa
2226 1380 2526 1438 malorum
2550 1379 3091 1454 exasperationem,
3121 1381 3178 1435 et
3203 1377 3448 1436 istorum
3477 1377 3589 1433 mi-

2042 1473 2397 1531 serationem
2436 1473 2593 1531 circa
2633 1473 2872 1531 illorum
2912 1471 3405 1529 vulnerationem.
3436 1472 3588 1527 Con-

2042 1567 2321 1625 sideratio
2348 1568 2600 1641 pertinet
2624 1567 2702 1624 ad
2726 1570 3064 1641 aspectum;
3094 1563 3485 1638 exasperatio,
3509 1563 3588 1620 ad

2043 1664 2378 1735 objectum3
2406 1661 2736 1733 miseratio,
2779 1661 2858 1718 ad
2894 1661 3202 1733 affectum3
3233 1658 3586 1796 vulneratio,

2043 1756 2123 1814 ad
2150 1756 2555 1814 imminentem
2584 1755 2876 1814 effectum.

2538 1915 2816 1971 Articulus
2849 1916 3086 1986 primus.

2112 2043 2410 2098 Bonorum
2449 2038 2840 2098 consideratio
2880 2038 3230 2109 declaratur,
3259 2054 3398 2096 cum
3435 2037 3581 2096 dici-

2039 2138 2136 2216 tur
2166 2151 2181 2190 ε
2218 2137 2376 2206 Vidi,
2403 2134 2624 2192 scilicet
2649 2133 2781 2190 visu
2808 2132 3094 2204 interiori,
3123 2147 3244 2190 non
3275 2133 3580 2203 exteriori3

2038 2226 2171 2284 visu
2215 2226 2536 2298 laudabili,
2578 2243 2702 2284 non
2756 2225 3134 2301 vituperabili
3187 2244 3201 2283 ε
3249 2225 3380 2284 talis
3422 2226 3586 2283 visus

2039 2325 2127 2379 est
2154 2319 2384 2395 pietatis
2411 2320 2670 2378 intuitus.
2701 2319 2801 2377 Hic
2829 2324 2996 2393 potes
3022 2323 3249 2391 notare,
3279 2320 3445 2394 quod
3475 2319 3584 2376 tria

2039 2415 2200 2473 mala
2223 2414 2516 2472 debemus
2536 2415 2639 2488 pia
2665 2413 3136 2473 consideratione
3159 2412 3363 2471 videre
3374 2432 3392 2484 3
3420 2412 3583 2470 vide-

2038 2509 2177 2567 licet
2202 2509 2362 2567 mala
2388 2508 2688 2578 interiora,
2717 2507 2880 2566 mala
2907 2507 3220 2577 exteriora,
3248 2507 3409 2564 mala
3436 2507 3585 2564 infe-

2037 2602 2200 2661 riora
2230 2620 2243 2660 ;
2284 2603 2400 2660 hoc
2440 2606 2559 2674 est,
2586 2602 2866 2659 interiora
2891 2600 3065 2672 vitia,
3094 2600 3173 2659 ad
3201 2605 3582 2659 contemnen-

2039 2696 2221 2767 dum3
2262 2695 2551 2754 exteriora
2590 2694 2967 2770 praejudicia,
3014 2694 3095 2752 ad
3141 2694 3581 2764 miserendum3

2037 2789 2318 2847 inferiora
2359 2788 2683 2863 supplicia,
2721 2788 2800 2846 ad
2840 2787 3317 2863 praecavendum.
3358 2790 3434 2845 De
3468 2788 3586 2862 pri-

2037 2899 2140 2942 mo
2168 2883 2190 2917 ⁴
2216 2899 2232 2939 ε
2269 2902 2298 2935 α
2325 2882 2456 2939 Vidi
2483 2898 2685 2940 servos
2718 2883 2781 2940 in
2820 2883 2987 2956 equis
2997 2923 3018 2952 ‚
3047 2883 3105 2938 et
3138 2880 3434 2955 principes
3458 2897 3585 2939 am-

2034 2975 2310 3034 bulantes
2350 2976 2519 3050 quasi
2562 2992 2763 3034 servos
2807 2992 2986 3049 super
3034 2978 3272 3033 terram.
3305 2994 3334 3028 »
3377 2977 3586 3034 Servos

2038 3070 2331 3144 equitare,
2358 3073 2415 3128 et
2440 3070 2735 3145 principes
2755 3068 3052 3144 peditare,
3081 3073 3167 3128 est
3191 3069 3432 3128 affectus
3454 3086 3586 3129 sen-

2036 3166 2239 3225 sitivos
2274 3181 2552 3240 praeesse,
2587 3168 2645 3223 et
2682 3164 3070 3225 intellectivos
3109 3163 3352 3222 subesse
3390 3183 3407 3221 :
3449 3180 3585 3224 ecce

2035 3260 2187 3317 visio
2214 3258 2512 3318 malorum
2545 3258 2891 3317 interiorum
2932 3258 3196 3316 serviens
3222 3258 3582 3319 contritioni.

2036 3357 2116 3412 De
2146 3353 2408 3412 secundo
2441 3354 2464 3389 ⁸
2496 3370 2511 3410 z
2548 3371 2576 3406 «
2602 3352 2737 3409 Vidi
2767 3351 3127 3422 calumnias,
3158 3367 3291 3426 quas
3316 3353 3430 3411 sub
3458 3353 3585 3412 sole

2036 3450 2334 3519 geruntur,
2366 3450 2424 3504 et
2447 3446 2742 3522 lacrymas
2769 3446 3190 3516 innocentum,
3220 3451 3277 3504 et
3313 3448 3585 3506 consola-

2036 3547 2228 3601 torem
2248 3543 2572 3611 neminem‚
2595 3557 2704 3598 nec
2728 3556 2903 3614 posse
2926 3540 3194 3599 resistere
3222 3556 3436 3599 eorum
3458 3540 3584 3600 vio-

2036 3636 2230 3694 lentioe
2277 3640 2624 3693 cunctorum
2671 3634 2894 3692 auxilio
2946 3633 3252 3693 destitutos
3302 3653 3318 3692 ε
3368 3656 3397 3689 s
3453 3652 3585 3693 ecce

2035 3732 2189 3789 visio
2218 3730 2514 3789 malorum
2539 3728 2896 3787 exteriorum
2916 3729 3175 3786 serviens
3197 3730 3582 3788 miserationi.

2040 3830 2118 3884 De
2154 3826 2321 3883 tertio
2350 3828 2372 3862 ⁸
2403 3842 2419 3881 ε
2457 3845 2486 3876 «
2512 3823 2643 3881 vidi
2681 3823 2898 3897 impios
2933 3823 3228 3897 sepult08‚
3261 3823 3364 3898 qui
3407 3823 3586 3883 etiam

2038 3936 2175 3977 cum
2214 3919 2408 3977 adhuc
2444 3918 2732 3988 viverent,
2773 3917 2834 3974 in
2876 3916 3010 3975 loco
3049 3921 3250 3976 sancto
3298 3921 3491 3989 erant,
3530 3922 3588 3977 et

2036 4011 2438 4070 laudabantur
2475 4011 2539 4069 in
2577 4010 2838 4082 civitate,
2885 4011 3055 4084 quasi
3098 4012 3395 4084 justorum
3441 4028 3587 4087 ope-

2035 4122 2192 4162 rum.
2219 4125 2250 4161 ι
2283 4105 2448 4163 Tales
2490 4106 2626 4161 sunt
2670 4102 3042 4161 simulatores
3085 4104 3149 4162 in
3193 4104 3408 4162 sanctis
3452 4122 3584 4164 mo-

2036 4198 2305 4258 nasteriis
2342 4197 2441 4256 vel
2473 4197 2683 4255 officiis
2728 4192 3065 4272 existenteS,
3098 4214 3302 4257 coram
3327 4199 3586 4257 homini-

2036 4292 2151 4351 bus
2187 4290 2550 4362 laudabileS,
2590 4289 2695 4348 sed
2732 4276 2963 4349 coram?
2980 4294 3098 4349 Deo
3141 4291 3585 4368 vituperabiles,

2038 4386 2144 4461 qui
2171 4384 2564 4444 simulationis
2584 4384 2799 4442 merito
2824 4385 3037 4459 sepulti
3063 4388 3285 4444 suntin
3309 4384 3581 4445 inferno.

2038 4497 2174 4540 ecce
2213 4479 2362 4538 visio
2412 4478 2728 4581 malorum·
2753 4477 3102 4538 inferiorum
3141 4480 3403 4550 serviens
3442 4496 3586 4539 cau·

2038 4574 2205 4633 fioni
2509 4645 2791 4701 ,articulus
2828 4645 3107 4703 secundus.

2108 4763 2392 4823 Malorum
2429 4762 2796 4837 exasperatio
2838 4763 3295 4836 demonstratur,
3324 4779 3462 4822 cum
3488 4779 3581 4822 se-

2038 4859 2238 4934 quitur
2268 4875 2282 4913 :
2316 4861 2759 4916 praevaricantes.
2800 4859 2959 4928 Quos
2994 4875 3174 4932 supra
3201 4872 3582 4931 nuncupave-

2037 4957 2130 5021 rat
2161 4956 2581 5027 persequentes
2622 4955 2680 5010 et
2718 4952 3100 5024 tribulantes,
3142 4952 3241 5010 hic
3278 4957 3583 5027 nuncupat

2035 5048 2515 5124 praevaricanteS,
2544 5052 2610 5107 ut
2636 5048 2908 5107 ostendat
2934 5046 3071 5107 illos
3109 5065 3236 5108 esse
3269 5049 3581 5109 tribulatos

2037 5148 2094 5202 et
2141 5143 2484 5201 tribulantes
2527 5162 2541 5201 ι
2593 5143 2706 5201 nisi
2754 5142 2999 5203 fuissent
3036 5142 3277 5202 interius
3314 5143 3579 5203 tribulati

2036 5282 2148 5335 xxx,
2177 5271 2225 5320 3.
2251 5294 2312 5307 -··
2331 5269 2356 5304 ⁸
2380 5267 2565 5328 Eccle„
2597 5280 2649 5333 x,
2678 5269 2726 5319 Ἰ.
2750 5294 2813 5305 -
2841 5269 2863 5304 ¹⁵
2884 5269 3068 5334 Eccle„
3094 5282 3163 5331 xv,
3197 5275 3238 5322 l.
3262 5297 3323 5309 —
3348 5272 3369 5302 ⁸
3397 5270 3575 5335 necte„

2037 5354 2155 5408 vm,
2183 5346 2324 5394 to.—
2359 5341 2428 5407 (α)
2464 5340 2602 5393 Edit.
2643 5340 2756 5394 ναι.
2788 5340 3065 5393 moraliter.
3124 5394 3129 5399 ,

3612 2392 3731 2436 mala
3752 2389 3828 2446 pie

3611 2454 3818 2498 videnda.
