4196 6294
1607 484 1971 551 PSALMUS
2012 482 2275 550 cxvnl.
2344 465 2351 474 ’

344 622 630 695 secundo,
661 620 941 692 devotio;
972 618 1165 691 tertie,
1194 618 1636 694 contemplatio.
1663 622 1743 677 De
1767 619 1884 694 pri·

345 734 447 777 mo
483 716 774 791 Propheta
804 711 1003 789 psallit
1029 714 1048 748 ²
1078 732 1096 769 ε
1127 733 1156 765 «
1188 712 1428 770 Gladius
1468 728 1677 771 eorum
1711 712 1887 772 intret

342 812 406 870 in
432 810 617 870 corda
636 809 921 884 ipsorum.
945 826 973 861 ι
994 809 1101 864 lste
1117 805 1348 879 gladius
1367 809 1455 863 est
1474 807 1881 881 compunctio-

342 909 435 966 nis
458 907 718 978 affectuS,
761 903 1191 962 desideriorum
1212 901 1576 973 mortalium,
1595 905 1882 977 tanquam

344 1001 722 1060 inimicorum
749 996 1103 1068 moralium,
1127 995 1540 1054 interfectivus.
1572 997 1650 1054 De
1677 1012 1883 1055 secun-

344 1093 425 1153 do
452 1092 947 1167 psalmographus
974 1089 1117 1148 dicit
1135 1088 1159 1123 ²
1188 1109 1203 1148 ε
1243 1108 1272 1143 α
1299 1093 1474 1149 Intret
1515 1090 1703 1148 oratio
1746 1107 1883 1151 mea

342 1187 405 1245 in
445 1190 760 1262 conspectu
786 1188 925 1245 tuo:
968 1204 996 1240 »ι
1025 1199 1157 1242 ecce
1198 1183 1468 1242 introitus
1505 1183 1839 1243 devotionis
1858 1229 1878 1258 ,

344 1296 464 1356 quo
493 1279 833 1350 introimuS‚
863 1294 1000 1336 cum
1022 1293 1131 1351 per
1157 1277 1411 1335 invicem
1437 1276 1878 1336 intervenimus,

342 1378 420 1432 De
446 1373 615 1433 tertio
641 1371 1137 1446 psalmographus
1174 1369 1375 1429 scribit
1402 1372 1424 1408 ⁸
1458 1389 1473 1428 ι
1509 1388 1538 1424 α
1565 1372 1632 1429 Ut
1657 1386 1879 1444 cogno·

343 1483 566 1526 scerem
590 1468 739 1538 hoc,
782 1466 959 1524 labor
985 1468 1071 1523 est
1099 1468 1233 1523 ante
1265 1480 1362 1522 me
1382 1506 1401 1536 ,
1443 1463 1634 1523 donec
1667 1465 1881 1523 intrem

343 1563 406 1621 in
432 1562 830 1622 sanctuarium
856 1561 990 1620 Dei:
1008 1581 1036 1616 ι
1061 1576 1196 1619 ecce
1222 1559 1494 1618 introitus
1523 1561 1881 1636 contempla-

344 1657 549 1730 tionis,
590 1673 713 1732 quo
754 1655 1064 1714 introimus
1084 1695 1104 1726 ,
1144 1671 1281 1713 cum
1316 1654 1762 1714 illuminatIonis
1791 1657 1882 1714 di-

342 1752 493 1810 vinoe
515 1751 716 1810 radios
740 1749 1096 1808 invenimus·
1117 1749 1207 1808 Ad
1225 1748 1528 1807 introitum
1550 1751 1880 1809 secundum

341 1849 561 1922 spectat
585 1844 838 1904 verbum
864 1839 1258 1918 propositum.

809 2003 1085 2059 Articulus
1120 2002 1398 2059 secundus.

408 2125 805 2188 proestolando
847 2125 1079 2201 pulsat,
1127 2142 1264 2184 cum
1307 2127 1576 2201 sequitur
1606 2147 1621 2186 :
1652 2132 1720 2186 In
1759 2145 1881 2187 con-

337 2229 521 2297 spectu
556 2227 669 2280 tuo.
709 2224 818 2280 iste
855 2236 1116 2295 namque
1157 2224 1504 2295 conspectus
1542 2226 1626 2280 est
1667 2222 1883 2281 divinae

337 2316 564 2394 pietatis
589 2315 852 2374 intuitus,
895 2315 988 2374 Sic
1028 2314 1365 2390 pulsamus,
1397 2332 1534 2374 cum
1579 2317 1644 2373 in
1678 2316 1883 2375 divina

335 2412 577 2486 pietate,
606 2424 732 2468 non
758 2409 822 2466 in
848 2413 1048 2467 nostra
1067 2397 1288 2467 ‘virtute
1309 2450 1328 2480 ,
1374 2408 1618 2482 figimus
1658 2411 1881 2469 ancho-

335 2521 466 2564 ram
492 2503 620 2579 spei
645 2507 875 2561 nostrae.
905 2503 997 2561 Sic
1022 2502 1219 2577 pulsat
1232 2544 1253 2575 ,
1276 2503 1380 2577 qui
1411 2503 1627 2562 divinae
1652 2504 1882 2580 pietatis

337 2598 803 2658 consolationem
829 2595 1193 2654 confidenter
1223 2601 1509 2671 expectat.
1555 2598 1670 2656 Sed
1708 2602 1877 2672 nota,

337 2686 504 2768 quod
544 2692 693 2749 sicut
726 2689 939 2763 legitur
976 2690 1039 2746 in
1087 2691 1413 2765 Scriptura,
1465 2692 1527 2749 in
1565 2696 1882 2768 conspectu

257 2775 266 2780 ⁴
336 2786 436 2845 Dei
468 2785 744 2843 dicuntur
770 2783 874 2842 alii
901 2784 1224 2858 lacrymari
1249 2826 1268 2856 ,
1296 2784 1397 2843 alii
1427 2784 1756 2860 deprecari,
1780 2786 1881 2845 alii

336 2879 581 2953 epulari.
626 2878 875 2950 QuaeriS,
919 2879 1166 2951 quinam
1221 2885 1357 2936 sunt
1398 2879 1536 2936 isti?
1581 2881 1880 2956 Numquid

335 2973 516 3045 nosti,
549 2972 716 3047 quod
753 2972 1162 3047 poenitentium
1199 2975 1287 3031 est
1314 2972 1669 3048 lacrymari,
1701 2973 1881 3048 profi-

338 3066 614 3125 cientium
639 3064 979 3141 deprecari,
1007 3065 1409 3141 'perfectorum
1439 3067 1684 3126 delicias
1712 3071 1879 3127 aeter-

336 3176 444 3219 nas
466 3162 951 3235 praegustantium
979 3161 1248 3237 epulari?
1268 3166 1345 3220 De
1372 3162 1567 3237 primo
1595 3179 1702 3238 per
1727 3164 1882 3223 psal-

334 3255 731 3330 mographum
758 3254 973 3314 dicitur
996 3255 1019 3289 '0
1049 3274 1063 3312 :
1101 3274 1130 3308 α
1147 3258 1317 3325 Deus,
1346 3257 1529 3314 vitam
1553 3272 1753 3316 meam
1781 3274 1881 3317 an-

335 3349 601 3408 nuntiavi
626 3349 774 3420 tibi,
812 3348 1062 3424 posuisti
1103 3350 1223 3407 laer
1227 3366 1398 3424 *rmas
1435 3366 1599 3409 meas
1639 3351 1701 3409 in
1740 3368 1880 3411 con-

335 3447 539 3518 spectu
564 3446 710 3502 tue.
732 3463 760 3499 »ι
792 3444 899 3502 ubi
927 3444 1193 3518 loquitur
1218 3460 1290 3501 ex
1315 3460 1570 3519 persona
1593 3447 1880 3521 poeniten-

336 3537 408 3595 tis
451 3538 514 3595 in
552 3541 870 3613 conspectu
904 3539 1002 3596 Dei
1037 3538 1439 3613 lacrymantis.
1480 3542 1556 3597 De
1584 3541 1878 3614 secundo,

336 3631 412 3690 de
441 3632 700 3706 sapiente
742 3632 1095 3690 scribitur⁸·
1080 3675 1094 3689 .
1132 3652 1162 3687 α
1189 3635 1303 3690 Cor
1348 3649 1522 3691 suum
1565 3633 1756 3692 tradet
1800 3635 1880 3693 ad

334 3725 705 3809 vigilandum
734 3726 979 3785 diliculo
1007 3727 1096 3785 ad
1134 3728 1449 3786 Dominum
1487 3728 1590 3802 qui
1627 3729 1763 3788 fecit
1804 3730 1880 3789 il-

334 3818 488 3892 lum,
518 3819 663 3877 etin
688 3825 1006 3894 conspectu
1034 3820 1307 3879 Altissimi
1336 3821 1750 3895 deprecabitur
1788 3843 1803 3882 ι
1845 3845 1874 3879 n

337 3912 468 3971 talis
494 3913 729 3988 sapiens
756 3917 842 3972 est
861 3913 1198 3989 proficienS‚
1226 3915 1290 3972 in
1318 3920 1635 3992 conspectu
1657 3916 1878 3975 Altissi-

335 4006 419 4063 mi
457 4023 662 4082 preces
717 4007 993 4066 fundens·
1045 4011 1123 4066 De
1169 4008 1338 4067 tertio
1385 4026 1492 4085 per
1528 4010 1880 4086 prophetam

335 4100 604 4173 psallitur
623 4102 681 4158 ⁶:
704 4120 733 4155 α
749 4103 892 4159 lusti
919 4101 1249 4177 epulentur,
1278 4106 1335 4162 et
1362 4104 1624 4163 exultent
1648 4106 1711 4162 in
1735 4122 1878 4164 con-

333 4197 537 4266 spectu
562 4193 682 4251 Dei.
708 4214 739 4250 ιο
787 4195 897 4266 Qui
942 4201 1076 4253 sunt
1117 4195 1181 4253 hi
1218 4196 1359 4269 Justi
1376 4239 1398 4267 ,
1434 4197 1546 4255 nisi
1592 4199 1831 4274 perfecti
1855 4242 1875 4272 ,

334 4286 641 4360 epulantes
667 4303 868 4346 coram
894 4292 1012 4347 Deo
1050 4288 1338 4349 felicitatis
1366 4290 1655 4364 primitias
1681 4293 1874 4366 praeli-

333 4379 535 4438 bando
545 4421 568 4452 ,
597 4384 654 4439 et
680 4381 1006 4441 exultantes
1033 4398 1238 4442 coram
1286 4399 1359 4442 eo
1396 4383 1693 4458 pleniores
1733 4386 1874 4445 deli-

334 4474 455 4532 cias
481 4474 881 4548 praestolando
902 4478 932 4533 ²?

3419 494 3534 555 537

1993 635 2143 678 num
2182 634 2425 678 suarum
2471 620 2715 680 funibus
2756 621 3220 697 promissionum
3265 625 3535 701 asningi-

1993 729 2165 787 mus3
2197 729 2334 772 cum
2361 714 2560 789 ipsum
2581 714 2812 791 laqueis
2840 715 2957 774 oris
3000 716 3095 774 sui
3118 716 3378 791 ligamus
3397 762 3418 791 ,
3452 724 3537 779 at-

1993 823 2112 882 que
2140 807 2219 865 ad
2246 806 2651 866 miserandum
2678 808 2906 867 miseris
2952 810 3246 869 charitatis
3284 813 3535 874 vinculis

1992 901 2365 959 inclinamus·
2411 903 2521 961 Sed
2564 902 2897 960 notandum
2942 903 3099 962 circa
3143 903 3368 965 dictum
3411 908 3536 966 elo-

1993 995 2231 1069 quium,
2256 995 2425 1070 quod
2447 1000 2533 1052 est
2552 996 3003 1070 promissorium
3020 997 3363 1072 miserandi,
3394 999 3537 1059 diri·

1991 1087 2202 1162 gendi,
2233 1104 2302 1146 ac
2328 1088 2723 1164 suscipiendi,
2753 1090 2896 1165 quia
2923 1091 3254 1151 misericors
3282 1096 3339 1152 et
3358 1095 3535 1154 mise-

1990 1185 2153 1241 rator
2194 1183 2477 1240 Dominus
2536 1183 2824 1257 promittit
2868 1184 3309 1244 miserationem
3342 1203 3536 1261 regre-

1992 1275 2295 1334 dientibus
2313 1318 2335 1347 ,
2372 1276 2760 1335 directionem
2808 1278 3360 1353 progredientibus,
3405 1298 3535 1340 sus-

1993 1369 2325 1445 ceptionem
2352 1370 2811 1443 egredientibuS.
2838 1371 2935 1428 Vis
2961 1371 3164 1431 videre
3190 1375 3533 1446 regredien-

1992 1469 2112 1523 tem
2136 1465 2331 1539 primo
2357 1466 2545 1524 modo
2591 1466 2926 1540 pulsantem
2942 1468 2972 1523 ἵ
3019 1464 3156 1523 vide
3183 1469 3535 1543 prophetam

1990 1559 2340 1635 psallentem
2383 1562 2405 1596 ⁸
2448 1579 2463 1617 :
2501 1579 2530 1614 α
2557 1561 2820 1620 Miserere
2868 1560 2988 1618 mei
3037 1561 3365 1620 secundum
3409 1564 3535 1623 elo·

1992 1653 2205 1728 quium
2228 1657 2428 1727 tuum3
2457 1675 2486 1710 »
2518 1655 2662 1729 quia
2688 1655 2858 1728 juxta
2900 1653 3355 1730 promissionem
3392 1656 3538 1730 petit

1995 1747 2455 1806 miserationem.
2514 1749 2607 1806 Vis
2652 1748 2858 1806 audire
2906 1748 3387 1823 progredientem
3438 1766 3530 1809 se-

1996 1840 2195 1901 cundo
2224 1841 2408 1901 modo
2448 1841 2825 1916 pulsantem?
2854 1841 2996 1901 audi
3021 1842 3394 1902 Psalmistam
3441 1844 3531 1902 di-

1993 1938 2307 1994 centem⁹t
2345 1938 2625 1995 «Gi-ossus
2650 1951 2818 1995 meos
2847 1935 3034 2009 dirige
3060 1936 3391 1996 secundum
3413 1937 3535 1997 elo-

1991 2030 2202 2104 quium
2234 2033 2431 2102 tuum3
2458 2049 2489 2085 ιο
2523 2029 2666 2105 quia
2692 2031 2861 2102 juxta
2895 2030 3353 2104 promissionem
3389 2031 3535 2108 petit

1990 2124 2389 2183 directionem.
2420 2124 2516 2182 Vis
2541 2124 2737 2198 legere
2772 2124 3173 2197 egredientem
3199 2126 3368 2186 tertio
3398 2144 3532 2187 mo·

1992 2218 2073 2276 do
2112 2218 2488 2293 pulsantem?
2524 2217 2656 2291 lege
2707 2218 3236 2293 psalmographum
3281 2221 3364 2279 sic
3389 2223 3533 2281 scri-

1989 2312 2232 2370 bentem
2277 2311 2318 2347 ¹⁰
2344 2330 2359 2370 ι
2397 2331 2425 2366 α
2449 2312 2691 2386 Suscipe
2717 2327 2813 2369 me
2857 2311 3189 2371 secundum
3224 2314 3532 2389 eloquium

1991 2409 2197 2478 tuum3
2223 2425 2251 2460 ιο
2284 2405 2428 2480 quia
2448 2406 2620 2479 juxta
2637 2405 3095 2480 promissionem
3118 2407 3264 2482 petit
3287 2424 3529 2484 suscep·

1992 2500 2232 2560 tionem.

2477 2573 2764 2630 Articulus
2797 2576 3040 2645 quartus.

2062 2687 2351 2762 Rogando
2377 2688 2667 2764 pulsatur,
2697 2704 2835 2747 cum
2872 2690 3291 2765 superadditur
3321 2710 3336 2750 ε
3364 2697 3533 2766 Eripe

1991 2800 2091 2841 me.
2123 2783 2244 2842 Tali
2273 2783 2457 2843 modo
2499 2785 2843 2858 pulsamus,
2886 2802 3023 2844 cum
3052 2785 3266 2845 divinae
3301 2787 3533 2862 pietatis

1990 2877 2217 2936 viscera
2254 2878 2338 2936 sic
2372 2894 2657 2952 rogamus
2678 2922 2697 2952 ‚
2745 2879 2914 2954 quod
2954 2880 3248 2939 charitatis
3282 2882 3533 2942 vulnera

1989 2967 2322 3041 irrogamus
2332 2985 2352 3040 3
2389 2983 2526 3026 cum
2553 2968 2834 3027 Dominus
2859 2970 2943 3027 sic
2976 2974 3242 3044 rogatur,
3279 2971 3532 3046 promis-

1992 3079 2125 3120 sum
2162 3062 2450 3122 auxilium
2506 3079 2631 3122 non
2683 3067 3056 3139 prorogatur,
3116 3064 3224 3122 sed
3260 3065 3531 3139 protinus

1991 3163 2284 3232 erogatur.
2327 3158 2428 3216 Hic
2456 3157 2789 3217 notandum
2810 3200 2832 3229 ‚
2895 3159 3061 3234 quod
3087 3159 3171 3217 sic
3207 3159 3378 3235 eripit
3423 3163 3532 3219 Do-

1991 3251 2189 3310 minus
2250 3252 2548 3311 interdum
2592 3253 2667 3311 de
2713 3267 2895 3311 manu
2949 3252 3287 3327 principum
3334 3253 3531 3313 inimi-

1993 3361 2228 3417 corumg
2257 3346 2556 3405 interdum
2596 3347 2672 3405 de
2717 3346 2918 3405 medio
2943 3347 3317 3419 catulorum3
3354 3348 3530 3407 inter-

1993 3440 2141 3499 dum
2167 3440 2244 3499 ab
2280 3440 2499 3514 injuria
2526 3440 2905 3511 daemonum,
2942 3441 3040 3499 vel
3079 3442 3392 3499 hominum
3427 3458 3532 3501 ne-

1989 3534 2328 3593 fandorum.
2356 3535 2611 3610 Tyranni
2628 3534 2924 3609 principes
2943 3535 3134 3594 solent
3150 3523 3213 3593 in
3235 3539 3532 3612 tempora-

1988 3630 2149 3688 libus
2193 3630 2505 3688 molestare
2512 3649 2531 3701 3
2560 3630 2817 3689 hoeretici
2856 3629 3033 3689 catuli
3058 3628 3158 3687 vel
3191 3630 3395 3688 leones
3409 3673 3429 3704 ,
3470 3631 3534 3689 in

1989 3723 2393 3799 spiritualibus
2435 3723 2750 3797 infestare3
2792 3722 3034 3795 nefandi
3090 3722 3391 3783 daemones
3437 3724 3533 3783 vel

1988 3819 2261 3877 homines
2270 3839 2289 3893 ;
2320 3819 2381 3877 in
2400 3818 2815 3893 corporalibus·
2835 3819 3140 3877 incestare.
3162 3817 3355 3877 prima
3370 3834 3533 3893 erep-

1989 3916 2070 3974 tio
2097 3914 2310 3988 legitur
2334 3919 2369 3949 ¹¹
2400 3932 2417 3972 ε
2454 3932 2482 3969 α
2510 3914 2788 3972 Animum
2824 3912 3039 3971 fortem
3073 3912 3319 3980 habete,
3365 3912 3474 3972 filii
3513 3936 3527 3970 ι

1988 4009 2351 4084 proclamate
2372 4009 2454 4066 ad
2472 4008 2807 4080 Dominum,
2825 4009 2883 4065 et
2900 4007 3109 4083 eripiet
3134 4023 3241 4066 vos
3256 4008 3331 4066 de
3349 4023 3534 4068 manu

1989 4102 2329 4178 principum
2355 4102 2762 4161 inimicorum:
2782 4123 2812 4159 x>
2837 4117 2972 4160 ecce
2992 4101 3216 4175 ereptio
3245 4100 3322 4159 de
3348 4117 3532 4162 manu

1988 4196 2327 4274 principum
2353 4197 2755 4272 temporaliter
2780 4197 3238 4256 molestantium.
3261 4197 3532 4257 Secunda

1989 4291 2214 4367 ereptio
2241 4290 2512 4350 scribitur
2543 4289 2583 4325 ¹¹
2604 4309 2619 4350 ;
2641 4308 2671 4346 α
2693 4290 2967 4350 Animam
2987 4306 3186 4349 meam
3211 4290 3426 4366 eripuit
3453 4292 3529 4351 de

1990 4386 2193 4444 medio
2247 4385 2581 4445 catulorum
2625 4386 2872 4444 leonum
2904 4405 2920 4443 :
2950 4405 2979 4442 ι
3009 4401 3146 4444 ecce
3191 4385 3413 4460 ereptio
3453 4386 3530 4446 de

1990 4478 2191 4538 medio
2224 4480 2555 4539 catulorum
2588 4478 2998 4540 haereticorum
3037 4478 3413 4554 spiritualiter
3436 4480 3530 4538 in-

1866 4592 1872 4599 ·
1987 4571 2346 4632 testantium.
2375 4574 2562 4632 Tertia
2588 4572 2809 4648 ereptio
2835 4573 3123 4649 reperitur
3144 4572 3187 4609 ¹⁸
3214 4592 3278 4633 2«
3305 4576 3529 4632 lustum

839 4634 1121 4692 Articulus
1157 4636 1370 4692 tertius.

402 4760 729 4836 Allegando
757 4758 1045 4835 pulsatur,
1080 4774 1218 4818 cum
1258 4757 1498 4818 additur
1527 4777 1543 4818 ε
1575 4761 1874 4821 Secundum

333 4860 601 4930 eloquium
629 4861 801 4912 tuum.
830 4854 989 4912 Istud
1017 4853 1328 4929 eloquium
1347 4858 1435 4912 est
1461 4858 1704 4930 pactum
1730 4873 1874 4931 pro-

332 4951 703 5019 missorium,
732 4965 854 5024 quo
882 4948 1242 5023 promittitur
1268 4948 1564 5007 auxilium
1599 4950 1665 5008 in
1692 4951 1876 5011 tribu·

334 5044 693 5103 lationibus⁷
719 5062 732 5102 ε
760 5045 950 5100 «Deus
966 5046 1187 5114 noster,
1216 5041 1513 5117 refugium
1536 5047 1594 5102 et
1618 5044 1822 5104 virtus.
1840 5069 1869 5104 ι»

335 5139 454 5197 Hoc
479 5138 665 5197 modo
690 5137 1032 5212 pulsamus,
1052 5135 1294 5211 quando
1317 5136 1648 5211 piissimum
1676 5141 1872 5199 Domi-

402 5287 578 5339 ¹.Psal
611 5298 800 5355 xxxvi,
833 5290 909 5337 15.
939 5311 1000 5323 —
1034 5286 1057 5319 ¹
1083 5284 1662 5351 Psa1.1.xxxv11,³.-
1687 5289 1710 5325 ⁸
1733 5292 1872 5344 psal.

339 5369 516 5419 um,
555 5361 632 5411 17.
650 5384 711 5398 -
745 5359 767 5395 ⁸
804 5356 1253 5422 Psa1.1.v,9.—
1281 5358 1501 5419 Bet-li„
1536 5371 1694 5424 xxxv,
1729 5364 1779 5414 8.
1812 5390 1875 5402 -

338 5430 361 5466 ⁸
382 5430 520 5481 Peal
547 5393 1870 5498 uv11,4.—²Psa1’.xi.v,2.—⁸Peal.hoc,58.

1988 4666 2135 4724 Loth
2161 4682 2509 4741 oppressum
2526 4666 2971 4726 aneiandorum
2998 4667 3238 4740 iniuria,
3255 4682 3326 4725 ac
3353 4666 3529 4726 luxu-

1987 4761 2148 4820 riosa
2175 4763 2619 4821 conversatione
2659 4762 2872 4836 eripuit
2885 4780 2911 4848 ,ε
2941 4781 2972 4818 n
3007 4778 3140 4821 ecce
3181 4762 3401 4837 ereptio
3450 4762 3527 4821 ab

1987 4853 2206 4929 injuria
2240 4854 2636 4916 nefandorum
2673 4855 3061 4930 corporaliter
3097 4855 3524 4915 incestantium.

2607 5018 2890 5085 ⁸Epilogus.
3163 5083 3173 5095 ι

2056 5141 2402 5199 Ostensurus
2451 5155 2594 5214 ergo
2654 5139 3147 5216 Psalmographus
3206 5155 3313 5215 per
3355 5154 3527 5199 suam

1994 5234 2323 5293 orationem
2349 5233 2474 5309 spei
2500 5232 2931 5309 pulsationem,
2972 5234 3055 5294 ait
3082 5252 3097 5292 ε
3127 5237 3301 5293 Intret
3342 5239 3527 5308 postu-

1985 5387 2047 5399 -
2084 5362 2105 5392 ⁹
2142 5360 2295 5424 thid„
2323 5363 2429 5412 138.
2460 5386 2521 5400 -
2546 5361 2593 5393 1·
2632 5360 2782 5421 thid..
2824 5364 2931 5413 116.
2962 5387 3016 5398 -
3056 5363 3088 5393 ¹¹
3116 5361 3317 5428 Bao-ue„
3347 5373 3418 5427 tv,
3447 5365 3523 5415 18.

1985 5436 2269 5489 -ssPsaL
2299 5447 2407 5499 Lvt,
2433 5440 2480 5487 5.
2505 5461 2567 5476 -·
2598 5435 2637 5471 ¹⁸
2664 5436 2705 5486 ΙΙ
2737 5436 2896 5499 Patr„
2924 5445 2984 5499 u,
3014 5434 3061 5487 7.
