<?xml version="1.0" encoding="UTF-8"?>
<!DOCTYPE html PUBLIC "-//W3C//DTD XHTML 1.0 Transitional//EN"
    "http://www.w3.org/TR/xhtml1/DTD/xhtml1-transitional.dtd">
<html xmlns="http://www.w3.org/1999/xhtml" xml:lang="en" lang="en">
 <head>
  <title>
</title>
<meta http-equiv="Content-Type" content="text/html;charset=utf-8" />
  <meta name='ocr-system' content='tesseract 3.04.00' />
  <meta name='ocr-capabilities' content='ocr_page ocr_carea ocr_par ocr_line ocrx_word'/>
</head>
<body>
  <div class='ocr_page' id='page_1' title='image "./srecardinalissb00cargoog_0427.png"; bbox 0 0 4196 6294; ppageno 0'>
   <div class='ocr_carea' id='block_1_1' title="bbox 1612 476 2279 547">
    <p class='ocr_par' dir='ltr' id='par_1_1' title="bbox 1612 476 2279 547">
     <span class='ocr_line' id='line_1_1' title="bbox 1612 476 2279 547; baseline 0.003 -5"><span class='ocrx_word' id='word_1_1' title='bbox 1612 476 1977 543; x_wconf 85' lang='lat' dir='ltr'><strong>PSALMUS</strong></span> <span class='ocrx_word' id='word_1_2' title='bbox 2018 477 2279 547; x_wconf 83' lang='lat' dir='ltr'><strong>CXVIII.</strong></span> 
     </span>
    </p>
   </div>
   <div class='ocr_carea' id='block_1_2' title="bbox 347 610 1896 1534">
    <p class='ocr_par' dir='ltr' id='par_1_2' title="bbox 347 610 1896 1534">
     <span class='ocr_line' id='line_1_2' title="bbox 348 610 1889 687; baseline 0 -16"><span class='ocrx_word' id='word_1_3' title='bbox 348 611 913 672; x_wconf 87' lang='lat' dir='ltr'><strong>scandalizationum</strong></span> <span class='ocrx_word' id='word_1_4' title='bbox 942 610 1379 684; x_wconf 82' lang='lat' dir='ltr'><strong>sufferentiam,</strong></span> <span class='ocrx_word' id='word_1_5' title='bbox 1407 615 1773 671; x_wconf 86' lang='lat' dir='ltr'><strong>memoratur</strong></span> <span class='ocrx_word' id='word_1_6' title='bbox 1799 612 1889 687; x_wconf 92' lang='lat' dir='ltr'><strong>ip-</strong></span> 
     </span>
     <span class='ocr_line' id='line_1_3' title="bbox 347 704 1892 781; baseline -0.002 -15"><span class='ocrx_word' id='word_1_7' title='bbox 347 708 469 767; x_wconf 91' lang='lat' dir='ltr'><strong>sius</strong></span> <span class='ocrx_word' id='word_1_8' title='bbox 496 707 825 767; x_wconf 90' lang='lat' dir='ltr'><strong>consolatio</strong></span> <span class='ocrx_word' id='word_1_9' title='bbox 870 707 951 767; x_wconf 89' lang='lat' dir='ltr'><strong>ad</strong></span> <span class='ocrx_word' id='word_1_10' title='bbox 977 707 1329 781; x_wconf 88' lang='lat' dir='ltr'><strong>injustorum</strong></span> <span class='ocrx_word' id='word_1_11' title='bbox 1366 704 1732 778; x_wconf 72' lang='lat' dir='ltr'><strong>iudiciorum</strong></span> <span class='ocrx_word' id='word_1_12' title='bbox 1763 723 1892 764; x_wconf 89' lang='lat' dir='ltr'><strong>sus·</strong></span> 
     </span>
     <span class='ocr_line' id='line_1_4' title="bbox 348 799 1890 875; baseline -0.001 -15"><span class='ocrx_word' id='word_1_13' title='bbox 348 802 674 861; x_wconf 87' lang='lat' dir='ltr'><strong>tinentiam.</strong></span> <span class='ocrx_word' id='word_1_14' title='bbox 729 802 929 860; x_wconf 85' lang='lat' dir='ltr'>Tradit</span> <span class='ocrx_word' id='word_1_15' title='bbox 965 816 1226 875; x_wconf 89' lang='lat' dir='ltr'><strong>namque</strong></span> <span class='ocrx_word' id='word_1_16' title='bbox 1264 816 1468 858; x_wconf 83' lang='lat' dir='ltr'><strong>versus</strong></span> <span class='ocrx_word' id='word_1_17' title='bbox 1510 799 1615 859; x_wconf 89' lang='lat' dir='ltr'><strong>iste</strong></span> <span class='ocrx_word' id='word_1_18' title='bbox 1663 816 1890 859; x_wconf 88' lang='lat' dir='ltr'><strong>memo-</strong></span> 
     </span>
     <span class='ocr_line' id='line_1_5' title="bbox 348 893 1893 970; baseline -0.001 -17"><span class='ocrx_word' id='word_1_19' title='bbox 348 895 495 955; x_wconf 90' lang='lat' dir='ltr'><strong>riale</strong></span> <span class='ocrx_word' id='word_1_20' title='bbox 523 895 740 954; x_wconf 81' lang='lat' dir='ltr'><strong>divinoe</strong></span> <span class='ocrx_word' id='word_1_21' title='bbox 786 895 1077 970; x_wconf 82' lang='lat' dir='ltr'><strong>patientiae</strong></span> <span class='ocrx_word' id='word_1_22' title='bbox 1128 893 1492 969; x_wconf 89' lang='lat' dir='ltr'><strong>speciosum,</strong></span> <span class='ocrx_word' id='word_1_23' title='bbox 1520 894 1845 969; x_wconf 89' lang='lat' dir='ltr'><strong>spatiosum</strong></span> <span class='ocrx_word' id='word_1_24' title='bbox 1872 936 1893 966; x_wconf 93' lang='lat'><strong>,</strong></span> 
     </span>
     <span class='ocr_line' id='line_1_6' title="bbox 348 987 1891 1063; baseline -0.001 -16"><span class='ocrx_word' id='word_1_25' title='bbox 348 989 679 1048; x_wconf 83' lang='lat' dir='ltr'><strong>virtuosum</strong></span> <span class='ocrx_word' id='word_1_26' title='bbox 706 1029 723 1059; x_wconf 90' lang='lat'><strong><em>‚</em></strong></span> <span class='ocrx_word' id='word_1_27' title='bbox 767 989 1151 1048; x_wconf 82' lang='lat' dir='ltr'><strong>victoriosum</strong></span> <span class='ocrx_word' id='word_1_28' title='bbox 1187 1031 1207 1061; x_wconf 99' lang='lat'><strong>,</strong></span> <span class='ocrx_word' id='word_1_29' title='bbox 1256 993 1541 1062; x_wconf 89' lang='lat' dir='ltr'><strong>tanquam</strong></span> <span class='ocrx_word' id='word_1_30' title='bbox 1587 987 1891 1063; x_wconf 88' lang='lat' dir='ltr'><strong>speculum</strong></span> 
     </span>
     <span class='ocr_line' id='line_1_7' title="bbox 351 1081 1893 1157; baseline -0.001 -17"><span class='ocrx_word' id='word_1_31' title='bbox 351 1083 653 1157; x_wconf 80' lang='lat' dir='ltr'><strong>spirituale</strong></span> <span class='ocrx_word' id='word_1_32' title='bbox 707 1084 983 1141; x_wconf 77' lang='lat' dir='ltr'><strong>humanae</strong></span> <span class='ocrx_word' id='word_1_33' title='bbox 1036 1081 1377 1141; x_wconf 80' lang='lat' dir='ltr'><strong>tolerantiae.</strong></span> <span class='ocrx_word' id='word_1_34' title='bbox 1426 1082 1641 1141; x_wconf 85' lang='lat' dir='ltr'>Dicitur</span> <span class='ocrx_word' id='word_1_35' title='bbox 1694 1086 1893 1140; x_wconf 89' lang='lat' dir='ltr'><strong>autem</strong></span> 
     </span>
     <span class='ocr_line' id='line_1_8' title="bbox 350 1174 1896 1251; baseline -0.001 -17"><span class='ocrx_word' id='word_1_36' title='bbox 350 1176 696 1235; x_wconf 79' lang='lat' dir='ltr'>memoriale</span> <span class='ocrx_word' id='word_1_37' title='bbox 720 1177 1068 1251; x_wconf 83' lang='lat' dir='ltr'><strong>praedictum</strong></span> <span class='ocrx_word' id='word_1_38' title='bbox 1097 1175 1469 1251; x_wconf 86' lang='lat' dir='ltr'><strong>speciosum,</strong></span> <span class='ocrx_word' id='word_1_39' title='bbox 1498 1181 1788 1250; x_wconf 88' lang='lat' dir='ltr'><strong>quantum</strong></span> <span class='ocrx_word' id='word_1_40' title='bbox 1816 1174 1896 1233; x_wconf 90' lang='lat' dir='ltr'><strong>ad</strong></span> 
     </span>
     <span class='ocr_line' id='line_1_9' title="bbox 348 1267 1896 1345; baseline -0.001 -18"><span class='ocrx_word' id='word_1_41' title='bbox 348 1270 643 1344; x_wconf 79' lang='lat' dir='ltr'><strong>patientioe</strong></span> <span class='ocrx_word' id='word_1_42' title='bbox 685 1271 992 1329; x_wconf 81' lang='lat' dir='ltr'><strong>materiam</strong></span> <span class='ocrx_word' id='word_1_43' title='bbox 1009 1290 1027 1344; x_wconf 88' lang='lat'>;</span> <span class='ocrx_word' id='word_1_44' title='bbox 1069 1269 1396 1345; x_wconf 87' lang='lat' dir='ltr'><strong>spatiosum</strong></span> <span class='ocrx_word' id='word_1_45' title='bbox 1416 1311 1435 1341; x_wconf 89' lang='lat'><strong>,</strong></span> <span class='ocrx_word' id='word_1_46' title='bbox 1480 1274 1769 1344; x_wconf 90' lang='lat' dir='ltr'><strong>quantum</strong></span> <span class='ocrx_word' id='word_1_47' title='bbox 1815 1267 1896 1326; x_wconf 89' lang='lat' dir='ltr'><strong>ad</strong></span> 
     </span>
     <span class='ocr_line' id='line_1_10' title="bbox 349 1361 1893 1438; baseline -0.001 -18"><span class='ocrx_word' id='word_1_48' title='bbox 349 1362 742 1438; x_wconf 82' lang='lat' dir='ltr'><strong>frequentiam</strong></span> <span class='ocrx_word' id='word_1_49' title='bbox 759 1383 779 1437; x_wconf 91' lang='lat'>;</span> <span class='ocrx_word' id='word_1_50' title='bbox 822 1365 1150 1423; x_wconf 84' lang='lat' dir='ltr'><strong>virtuosum</strong></span> <span class='ocrx_word' id='word_1_51' title='bbox 1176 1405 1198 1434; x_wconf 90' lang='lat'><strong>,</strong></span> <span class='ocrx_word' id='word_1_52' title='bbox 1245 1365 1537 1438; x_wconf 89' lang='lat' dir='ltr'><strong>quantum</strong></span> <span class='ocrx_word' id='word_1_53' title='bbox 1579 1363 1657 1421; x_wconf 90' lang='lat' dir='ltr'><strong>ad</strong></span> <span class='ocrx_word' id='word_1_54' title='bbox 1700 1361 1893 1420; x_wconf 85' lang='lat' dir='ltr'><strong>excel·</strong></span> 
     </span>
     <span class='ocr_line' id='line_1_11' title="bbox 352 1456 1891 1534; baseline -0.002 -19"><span class='ocrx_word' id='word_1_55' title='bbox 352 1457 630 1532; x_wconf 84' lang='lat' dir='ltr'><strong>lentiam3</strong></span> <span class='ocrx_word' id='word_1_56' title='bbox 660 1458 1073 1531; x_wconf 79' lang='lat' dir='ltr'><strong>victoriosum,</strong></span> <span class='ocrx_word' id='word_1_57' title='bbox 1107 1463 1396 1534; x_wconf 88' lang='lat' dir='ltr'><strong>quantum</strong></span> <span class='ocrx_word' id='word_1_58' title='bbox 1423 1458 1502 1515; x_wconf 91' lang='lat' dir='ltr'><strong>ad</strong></span> <span class='ocrx_word' id='word_1_59' title='bbox 1545 1456 1891 1515; x_wconf 81' lang='lat' dir='ltr'><strong>efficaciam.</strong></span> 
     </span>
    </p>
   </div>
   <div class='ocr_carea' id='block_1_3' title="bbox 788 1618 1399 1688">
    <p class='ocr_par' dir='ltr' id='par_1_3' title="bbox 788 1618 1399 1688">
     <span class='ocr_line' id='line_1_12' title="bbox 788 1618 1399 1688; baseline -0.003 -15"><span class='ocrx_word' id='word_1_60' title='bbox 788 1626 797 1633; x_wconf 84' lang='grc'><em>·</em></span> <span class='ocrx_word' id='word_1_61' title='bbox 849 1618 1131 1673; x_wconf 80' lang='lat' dir='ltr'><strong>Articulus</strong></span> <span class='ocrx_word' id='word_1_62' title='bbox 1171 1618 1399 1688; x_wconf 79' lang='lat' dir='ltr'><strong>primus.</strong></span> 
     </span>
    </p>
   </div>
   <div class='ocr_carea' id='block_1_4' title="bbox 348 1738 1905 3596">
    <p class='ocr_par' dir='ltr' id='par_1_4' title="bbox 348 1738 1905 3596">
     <span class='ocr_line' id='line_1_13' title="bbox 422 1738 1892 1815; baseline -0.005 -14"><span class='ocrx_word' id='word_1_63' title='bbox 422 1743 648 1801; x_wconf 79' lang='lat' dir='ltr'><strong>Primus</strong></span> <span class='ocrx_word' id='word_1_64' title='bbox 674 1740 954 1799; x_wconf 79' lang='lat' dir='ltr'><strong>articulus</strong></span> <span class='ocrx_word' id='word_1_65' title='bbox 975 1743 1335 1815; x_wconf 71' lang='lat' dir='ltr'><strong>praenotatur</strong></span> <span class='ocrx_word' id='word_1_66' title='bbox 1353 1782 1371 1810; x_wconf 93' lang='lat'><strong>,</strong></span> <span class='ocrx_word' id='word_1_67' title='bbox 1405 1754 1542 1795; x_wconf 91' lang='lat' dir='ltr'><strong>cum</strong></span> <span class='ocrx_word' id='word_1_68' title='bbox 1572 1738 1847 1813; x_wconf 71' lang='lat' dir='ltr'><strong>scribitur</strong></span> <span class='ocrx_word' id='word_1_69' title='bbox 1878 1757 1892 1794; x_wconf 75' lang='grc' dir='ltr'>ε</span> 
     </span>
     <span class='ocr_line' id='line_1_14' title="bbox 351 1834 1897 1909; baseline -0.003 -14"><span class='ocrx_word' id='word_1_70' title='bbox 351 1840 555 1895; x_wconf 80' lang='lat' dir='ltr'><strong>Memor</strong></span> <span class='ocrx_word' id='word_1_71' title='bbox 578 1840 666 1906; x_wconf 82' lang='lat' dir='ltr'><strong>fui</strong></span> <span class='ocrx_word' id='word_1_72' title='bbox 696 1835 1032 1909; x_wconf 71' lang='lat' dir='ltr'><strong>judiciorum</strong></span> <span class='ocrx_word' id='word_1_73' title='bbox 1063 1841 1276 1893; x_wconf 81' lang='lat' dir='ltr'><strong>tuorum</strong></span> <span class='ocrx_word' id='word_1_74' title='bbox 1322 1854 1335 1892; x_wconf 74' lang='grc' dir='ltr'>ε</span> <span class='ocrx_word' id='word_1_75' title='bbox 1380 1851 1515 1893; x_wconf 85' lang='lat' dir='ltr'><strong>ecce</strong></span> <span class='ocrx_word' id='word_1_76' title='bbox 1562 1834 1897 1909; x_wconf 91' lang='lat' dir='ltr'><strong>speciosum</strong></span> 
     </span>
     <span class='ocr_line' id='line_1_15' title="bbox 352 1929 1895 2004; baseline -0.003 -15"><span class='ocrx_word' id='word_1_77' title='bbox 352 1931 697 1989; x_wconf 83' lang='lat' dir='ltr'><strong>memoriale</strong></span> <span class='ocrx_word' id='word_1_78' title='bbox 726 1929 942 1988; x_wconf 57' lang='lat' dir='ltr'><strong>divinae</strong></span> <span class='ocrx_word' id='word_1_79' title='bbox 968 1929 1262 2004; x_wconf 76' lang='lat' dir='ltr'><strong>patientiae</strong></span> <span class='ocrx_word' id='word_1_80' title='bbox 1283 1970 1303 1999; x_wconf 90' lang='lat'><strong>,</strong></span> <span class='ocrx_word' id='word_1_81' title='bbox 1326 1933 1595 2002; x_wconf 90' lang='lat' dir='ltr'><strong>respectu</strong></span> <span class='ocrx_word' id='word_1_82' title='bbox 1616 1929 1895 1986; x_wconf 80' lang='lat' dir='ltr'><strong>humanae</strong></span> 
     </span>
     <span class='ocr_line' id='line_1_16' title="bbox 351 2022 1900 2099; baseline -0.001 -16"><span class='ocrx_word' id='word_1_83' title='bbox 351 2025 690 2099; x_wconf 61' lang='lat' dir='ltr'><strong>injustitias:</strong></span> <span class='ocrx_word' id='word_1_84' title='bbox 737 2025 957 2099; x_wconf 87' lang='lat' dir='ltr'><strong>patitur</strong></span> <span class='ocrx_word' id='word_1_85' title='bbox 1008 2038 1270 2098; x_wconf 89' lang='lat' dir='ltr'><strong>namque</strong></span> <span class='ocrx_word' id='word_1_86' title='bbox 1326 2023 1531 2081; x_wconf 83' lang='lat' dir='ltr'><strong>divina</strong></span> <span class='ocrx_word' id='word_1_87' title='bbox 1588 2022 1900 2097; x_wconf 80' lang='lat' dir='ltr'><strong>clementia</strong></span> 
     </span>
     <span class='ocr_line' id='line_1_17' title="bbox 351 2114 1901 2191; baseline -0.003 -14"><span class='ocrx_word' id='word_1_88' title='bbox 351 2118 612 2177; x_wconf 90' lang='lat' dir='ltr'><strong>mirabili</strong></span> <span class='ocrx_word' id='word_1_89' title='bbox 659 2122 836 2191; x_wconf 84' lang='lat' dir='ltr'><strong>atque</strong></span> <span class='ocrx_word' id='word_1_90' title='bbox 877 2115 1255 2175; x_wconf 83' lang='lat' dir='ltr'><strong>memorabili</strong></span> <span class='ocrx_word' id='word_1_91' title='bbox 1303 2116 1613 2191; x_wconf 88' lang='lat' dir='ltr'><strong>patientia,</strong></span> <span class='ocrx_word' id='word_1_92' title='bbox 1662 2114 1901 2174; x_wconf 87' lang='lat' dir='ltr'><strong>concul-</strong></span> 
     </span>
     <span class='ocr_line' id='line_1_18' title="bbox 352 2210 1900 2284; baseline -0.001 -14"><span class='ocrx_word' id='word_1_93' title='bbox 352 2212 472 2271; x_wconf 90' lang='lat' dir='ltr'><strong>cari</strong></span> <span class='ocrx_word' id='word_1_94' title='bbox 510 2229 618 2270; x_wconf 92' lang='lat' dir='ltr'><strong>sua</strong></span> <span class='ocrx_word' id='word_1_95' title='bbox 646 2211 876 2284; x_wconf 88' lang='lat' dir='ltr'><strong>judicia</strong></span> <span class='ocrx_word' id='word_1_96' title='bbox 915 2210 993 2268; x_wconf 92' lang='lat' dir='ltr'><strong>ab</strong></span> <span class='ocrx_word' id='word_1_97' title='bbox 1040 2210 1306 2268; x_wconf 88' lang='lat' dir='ltr'><strong>humana</strong></span> <span class='ocrx_word' id='word_1_98' title='bbox 1349 2210 1651 2282; x_wconf 87' lang='lat' dir='ltr'><strong>injustitia.</strong></span> <span class='ocrx_word' id='word_1_99' title='bbox 1683 2214 1900 2268; x_wconf 88' lang='lat' dir='ltr'><strong>Notan-</strong></span> 
     </span>
     <span class='ocr_line' id='line_1_19' title="bbox 354 2302 1900 2380; baseline -0.002 -17"><span class='ocrx_word' id='word_1_100' title='bbox 354 2306 501 2365; x_wconf 89' lang='lat' dir='ltr'><strong>dum</strong></span> <span class='ocrx_word' id='word_1_101' title='bbox 539 2306 738 2380; x_wconf 91' lang='lat' dir='ltr'><strong>itaquc</strong></span> <span class='ocrx_word' id='word_1_102' title='bbox 761 2348 781 2378; x_wconf 90' lang='lat'><strong>,</strong></span> <span class='ocrx_word' id='word_1_103' title='bbox 824 2305 990 2380; x_wconf 92' lang='lat' dir='ltr'><strong>quod</strong></span> <span class='ocrx_word' id='word_1_104' title='bbox 1024 2303 1309 2377; x_wconf 78' lang='lat' dir='ltr'><strong>contingit</strong></span> <span class='ocrx_word' id='word_1_105' title='bbox 1355 2302 1655 2378; x_wconf 87' lang='lat' dir='ltr'><strong>tripliciter</strong></span> <span class='ocrx_word' id='word_1_106' title='bbox 1695 2303 1900 2361; x_wconf 88' lang='lat' dir='ltr'><strong>divina</strong></span> 
     </span>
     <span class='ocr_line' id='line_1_20' title="bbox 348 2396 1896 2473; baseline -0.001 -16"><span class='ocrx_word' id='word_1_107' title='bbox 348 2399 575 2472; x_wconf 84' lang='lat' dir='ltr'><strong>judicia</strong></span> <span class='ocrx_word' id='word_1_108' title='bbox 622 2398 969 2457; x_wconf 88' lang='lat' dir='ltr'><strong>conculcare</strong></span> <span class='ocrx_word' id='word_1_109' title='bbox 981 2416 999 2470; x_wconf 84' lang='lat'>3</span> <span class='ocrx_word' id='word_1_110' title='bbox 1041 2401 1189 2473; x_wconf 92' lang='lat' dir='ltr'><strong>puta</strong></span> <span class='ocrx_word' id='word_1_111' title='bbox 1238 2396 1451 2469; x_wconf 89' lang='lat' dir='ltr'><strong>corde,</strong></span> <span class='ocrx_word' id='word_1_112' title='bbox 1494 2412 1630 2469; x_wconf 89' lang='lat' dir='ltr'><strong>ore,</strong></span> <span class='ocrx_word' id='word_1_113' title='bbox 1670 2412 1896 2472; x_wconf 85' lang='lat' dir='ltr'><strong>opere:</strong></span> 
     </span>
     <span class='ocr_line' id='line_1_21' title="bbox 354 2490 1897 2564; baseline -0.001 -15"><span class='ocrx_word' id='word_1_114' title='bbox 354 2492 534 2550; x_wconf 89' lang='lat' dir='ltr'><strong>corde</strong></span> <span class='ocrx_word' id='word_1_115' title='bbox 577 2491 1002 2550; x_wconf 83' lang='lat' dir='ltr'><strong>conculcantur</strong></span> <span class='ocrx_word' id='word_1_116' title='bbox 1034 2531 1055 2561; x_wconf 91' lang='lat'><strong>,</strong></span> <span class='ocrx_word' id='word_1_117' title='bbox 1102 2490 1347 2564; x_wconf 87' lang='lat' dir='ltr'><strong>quando</strong></span> <span class='ocrx_word' id='word_1_118' title='bbox 1397 2494 1897 2563; x_wconf 88' lang='lat' dir='ltr'><strong>contemnuntur;</strong></span> 
     </span>
     <span class='ocr_line' id='line_1_22' title="bbox 355 2584 1898 2661; baseline -0.001 -19"><span class='ocrx_word' id='word_1_119' title='bbox 355 2602 493 2657; x_wconf 88' lang='lat' dir='ltr'><strong>ore,</strong></span> <span class='ocrx_word' id='word_1_120' title='bbox 524 2585 768 2661; x_wconf 89' lang='lat' dir='ltr'><strong>quando</strong></span> <span class='ocrx_word' id='word_1_121' title='bbox 811 2584 1154 2643; x_wconf 88' lang='lat' dir='ltr'><strong>deridentur</strong></span> <span class='ocrx_word' id='word_1_122' title='bbox 1171 2604 1190 2657; x_wconf 90' lang='lat'>;</span> <span class='ocrx_word' id='word_1_123' title='bbox 1237 2600 1451 2658; x_wconf 88' lang='lat' dir='ltr'><strong>opere,</strong></span> <span class='ocrx_word' id='word_1_124' title='bbox 1480 2584 1724 2659; x_wconf 91' lang='lat' dir='ltr'><strong>quando</strong></span> <span class='ocrx_word' id='word_1_125' title='bbox 1752 2598 1898 2658; x_wconf 92' lang='lat' dir='ltr'><strong>pro-</strong></span> 
     </span>
     <span class='ocr_line' id='line_1_23' title="bbox 348 2678 1901 2755; baseline -0.002 -18"><span class='ocrx_word' id='word_1_126' title='bbox 348 2680 649 2753; x_wconf 88' lang='lat' dir='ltr'><strong>jiciuntur.</strong></span> <span class='ocrx_word' id='word_1_127' title='bbox 694 2683 773 2737; x_wconf 91' lang='lat' dir='ltr'><strong>De</strong></span> <span class='ocrx_word' id='word_1_128' title='bbox 801 2679 998 2755; x_wconf 91' lang='lat' dir='ltr'><strong>primo</strong></span> <span class='ocrx_word' id='word_1_129' title='bbox 1028 2679 1046 2713; x_wconf 91' lang='lat'>¹</span> <span class='ocrx_word' id='word_1_130' title='bbox 1079 2696 1093 2735; x_wconf 77' lang='grc' dir='ltr'><strong><em>ε</em></strong></span> <span class='ocrx_word' id='word_1_131' title='bbox 1140 2698 1169 2731; x_wconf 74' lang='grc' dir='ltr'><strong>α</strong></span> <span class='ocrx_word' id='word_1_132' title='bbox 1215 2681 1326 2736; x_wconf 88' lang='lat' dir='ltr'><strong>Ista</strong></span> <span class='ocrx_word' id='word_1_133' title='bbox 1370 2683 1455 2734; x_wconf 89' lang='lat' dir='ltr'><strong>est</strong></span> <span class='ocrx_word' id='word_1_134' title='bbox 1499 2678 1861 2736; x_wconf 84' lang='lat' dir='ltr'><strong>Hierusalem</strong></span> <span class='ocrx_word' id='word_1_135' title='bbox 1882 2721 1901 2750; x_wconf 93' lang='lat'><strong>,</strong></span> 
     </span>
     <span class='ocr_line' id='line_1_24' title="bbox 354 2771 1904 2846; baseline -0.001 -17"><span class='ocrx_word' id='word_1_136' title='bbox 354 2772 418 2831; x_wconf 90' lang='lat' dir='ltr'><strong>in</strong></span> <span class='ocrx_word' id='word_1_137' title='bbox 443 2773 645 2830; x_wconf 91' lang='lat' dir='ltr'><strong>medio</strong></span> <span class='ocrx_word' id='word_1_138' title='bbox 690 2772 957 2846; x_wconf 87' lang='lat' dir='ltr'><strong>gentium</strong></span> <span class='ocrx_word' id='word_1_139' title='bbox 1004 2772 1179 2846; x_wconf 92' lang='lat' dir='ltr'><strong>posui</strong></span> <span class='ocrx_word' id='word_1_140' title='bbox 1230 2788 1392 2841; x_wconf 88' lang='lat' dir='ltr'><strong>eam,</strong></span> <span class='ocrx_word' id='word_1_141' title='bbox 1440 2774 1498 2830; x_wconf 88' lang='lat' dir='ltr'><strong>et</strong></span> <span class='ocrx_word' id='word_1_142' title='bbox 1541 2771 1605 2828; x_wconf 95' lang='lat' dir='ltr'><strong>in</strong></span> <span class='ocrx_word' id='word_1_143' title='bbox 1659 2771 1904 2830; x_wconf 89' lang='lat' dir='ltr'><strong>circuitu</strong></span> 
     </span>
     <span class='ocr_line' id='line_1_25' title="bbox 355 2863 1905 2940; baseline -0.003 -15"><span class='ocrx_word' id='word_1_144' title='bbox 355 2868 483 2939; x_wconf 74' lang='lat' dir='ltr'><strong>eJus</strong></span> <span class='ocrx_word' id='word_1_145' title='bbox 509 2871 727 2937; x_wconf 81' lang='lat' dir='ltr'><strong>terras,</strong></span> <span class='ocrx_word' id='word_1_146' title='bbox 758 2870 815 2925; x_wconf 90' lang='lat' dir='ltr'><strong>et</strong></span> <span class='ocrx_word' id='word_1_147' title='bbox 843 2865 1197 2940; x_wconf 83' lang='lat' dir='ltr'><strong>contempsit</strong></span> <span class='ocrx_word' id='word_1_148' title='bbox 1215 2863 1443 2936; x_wconf 85' lang='lat' dir='ltr'><strong>judicia</strong></span> <span class='ocrx_word' id='word_1_149' title='bbox 1468 2880 1604 2922; x_wconf 91' lang='lat' dir='ltr'><strong>mea</strong></span> <span class='ocrx_word' id='word_1_150' title='bbox 1624 2907 1644 2936; x_wconf 92' lang='lat'><strong>,</strong></span> <span class='ocrx_word' id='word_1_151' title='bbox 1673 2868 1738 2921; x_wconf 91' lang='lat' dir='ltr'><strong>ut</strong></span> <span class='ocrx_word' id='word_1_152' title='bbox 1767 2865 1905 2939; x_wconf 90' lang='lat' dir='ltr'><strong>plus</strong></span> 
     </span>
     <span class='ocr_line' id='line_1_26' title="bbox 356 2960 1905 3036; baseline -0.001 -19"><span class='ocrx_word' id='word_1_153' title='bbox 356 2964 505 3017; x_wconf 88' lang='lat' dir='ltr'><strong>esset</strong></span> <span class='ocrx_word' id='word_1_154' title='bbox 545 2960 761 3035; x_wconf 90' lang='lat' dir='ltr'><strong>impia,</strong></span> <span class='ocrx_word' id='word_1_155' title='bbox 811 2974 993 3036; x_wconf 87' lang='lat' dir='ltr'><strong>quam</strong></span> <span class='ocrx_word' id='word_1_156' title='bbox 1047 2962 1248 3031; x_wconf 85' lang='lat' dir='ltr'><strong>gentes</strong></span> <span class='ocrx_word' id='word_1_157' title='bbox 1262 3001 1283 3030; x_wconf 94' lang='lat'>‚</span> <span class='ocrx_word' id='word_1_158' title='bbox 1326 2961 1383 3017; x_wconf 90' lang='lat' dir='ltr'><strong>et</strong></span> <span class='ocrx_word' id='word_1_159' title='bbox 1437 2961 1728 3033; x_wconf 83' lang='lat' dir='ltr'><strong>praecepta</strong></span> <span class='ocrx_word' id='word_1_160' title='bbox 1770 2974 1905 3016; x_wconf 87' lang='lat' dir='ltr'><strong>mea</strong></span> 
     </span>
     <span class='ocr_line' id='line_1_27' title="bbox 353 3050 1899 3127; baseline -0.005 -16"><span class='ocrx_word' id='word_1_161' title='bbox 353 3053 541 3124; x_wconf 89' lang='lat' dir='ltr'><strong>ultra,</strong></span> <span class='ocrx_word' id='word_1_162' title='bbox 561 3069 746 3127; x_wconf 88' lang='lat' dir='ltr'><strong>quam</strong></span> <span class='ocrx_word' id='word_1_163' title='bbox 771 3057 938 3112; x_wconf 81' lang='lat' dir='ltr'><strong>terrae</strong></span> <span class='ocrx_word' id='word_1_164' title='bbox 949 3093 970 3123; x_wconf 93' lang='lat'><strong>,</strong></span> <span class='ocrx_word' id='word_1_165' title='bbox 994 3069 1126 3126; x_wconf 76' lang='lat' dir='ltr'><strong>quse</strong></span> <span class='ocrx_word' id='word_1_166' title='bbox 1154 3050 1216 3109; x_wconf 93' lang='lat' dir='ltr'><strong>in</strong></span> <span class='ocrx_word' id='word_1_167' title='bbox 1236 3051 1482 3109; x_wconf 87' lang='lat' dir='ltr'><strong>circuitu</strong></span> <span class='ocrx_word' id='word_1_168' title='bbox 1523 3052 1651 3124; x_wconf 89' lang='lat' dir='ltr'><strong>ejus</strong></span> <span class='ocrx_word' id='word_1_169' title='bbox 1678 3054 1849 3109; x_wconf 89' lang='lat' dir='ltr'><strong>sunt:</strong></span> <span class='ocrx_word' id='word_1_170' title='bbox 1871 3071 1899 3104; x_wconf 70' lang='grc' dir='ltr'><strong>ιο</strong></span> 
     </span>
     <span class='ocr_line' id='line_1_28' title="bbox 357 3142 1903 3224; baseline -0.003 -18"><span class='ocrx_word' id='word_1_171' title='bbox 357 3164 491 3206; x_wconf 83' lang='grc' dir='ltr'><strong>θθθθ</strong></span> <span class='ocrx_word' id='word_1_172' title='bbox 541 3146 905 3221; x_wconf 84' lang='lat' dir='ltr'><strong>judiciorum</strong></span> <span class='ocrx_word' id='word_1_173' title='bbox 959 3144 1340 3224; x_wconf 84' lang='lat' dir='ltr'><strong>contemptio.</strong></span> <span class='ocrx_word' id='word_1_174' title='bbox 1401 3149 1478 3204; x_wconf 87' lang='lat' dir='ltr'><strong>De</strong></span> <span class='ocrx_word' id='word_1_175' title='bbox 1533 3144 1795 3205; x_wconf 85' lang='lat' dir='ltr'><strong>secundo</strong></span> <span class='ocrx_word' id='word_1_176' title='bbox 1833 3142 1903 3202; x_wconf 78' lang='grc' dir='ltr'><strong><em>ἐ</em></strong></span> 
     </span>
     <span class='ocr_line' id='line_1_29' title="bbox 360 3238 1898 3318; baseline 0.001 -23"><span class='ocrx_word' id='word_1_177' title='bbox 360 3242 586 3300; x_wconf 78' lang='lat' dir='ltr'><strong>«Testis</strong></span> <span class='ocrx_word' id='word_1_178' title='bbox 620 3241 862 3318; x_wconf 87' lang='lat' dir='ltr'><strong>iniquus</strong></span> <span class='ocrx_word' id='word_1_179' title='bbox 889 3241 1120 3299; x_wconf 92' lang='lat' dir='ltr'><strong>deridet</strong></span> <span class='ocrx_word' id='word_1_180' title='bbox 1141 3239 1435 3312; x_wconf 90' lang='lat' dir='ltr'><strong>judicium</strong></span> <span class='ocrx_word' id='word_1_181' title='bbox 1466 3258 1481 3296; x_wconf 79' lang='lat' dir='ltr'><strong><em>z</em></strong></span> <span class='ocrx_word' id='word_1_182' title='bbox 1515 3258 1543 3308; x_wconf 58' lang='grc' dir='ltr'><strong><em>η</em></strong></span> <span class='ocrx_word' id='word_1_183' title='bbox 1573 3256 1708 3298; x_wconf 91' lang='lat' dir='ltr'><strong>ecce</strong></span> <span class='ocrx_word' id='word_1_184' title='bbox 1734 3238 1898 3313; x_wconf 88' lang='lat' dir='ltr'><strong>judi·</strong></span> 
     </span>
     <span class='ocr_line' id='line_1_30' title="bbox 358 3332 1904 3407; baseline -0.002 -14"><span class='ocrx_word' id='word_1_185' title='bbox 358 3338 587 3394; x_wconf 90' lang='lat' dir='ltr'><strong>ciorum</strong></span> <span class='ocrx_word' id='word_1_186' title='bbox 623 3334 863 3393; x_wconf 86' lang='lat' dir='ltr'><strong>derisio.</strong></span> <span class='ocrx_word' id='word_1_187' title='bbox 897 3337 975 3392; x_wconf 87' lang='lat' dir='ltr'><strong>De</strong></span> <span class='ocrx_word' id='word_1_188' title='bbox 1005 3333 1173 3392; x_wconf 90' lang='lat' dir='ltr'><strong>tertio</strong></span> <span class='ocrx_word' id='word_1_189' title='bbox 1192 3332 1214 3367; x_wconf 88' lang='lat'>⁸</span> <span class='ocrx_word' id='word_1_190' title='bbox 1246 3352 1260 3390; x_wconf 74' lang='grc' dir='ltr'><strong><em>ε</em></strong></span> <span class='ocrx_word' id='word_1_191' title='bbox 1297 3353 1326 3389; x_wconf 80' lang='lat'>«</span> <span class='ocrx_word' id='word_1_192' title='bbox 1353 3336 1379 3392; x_wconf 83' lang='lat' dir='ltr'>J</span> <span class='ocrx_word' id='word_1_193' title='bbox 1387 3333 1583 3391; x_wconf 89' lang='lat' dir='ltr'><strong>udicia</strong></span> <span class='ocrx_word' id='word_1_194' title='bbox 1612 3349 1745 3392; x_wconf 88' lang='lat' dir='ltr'><strong>mea</strong></span> <span class='ocrx_word' id='word_1_195' title='bbox 1770 3348 1904 3407; x_wconf 92' lang='lat' dir='ltr'><strong>pro·</strong></span> 
     </span>
     <span class='ocr_line' id='line_1_31' title="bbox 351 3425 1904 3502; baseline -0.003 -16"><span class='ocrx_word' id='word_1_196' title='bbox 351 3430 649 3501; x_wconf 87' lang='lat' dir='ltr'><strong>jecerunt,</strong></span> <span class='ocrx_word' id='word_1_197' title='bbox 675 3428 817 3486; x_wconf 90' lang='lat' dir='ltr'><strong>etin</strong></span> <span class='ocrx_word' id='word_1_198' title='bbox 858 3427 1167 3502; x_wconf 70' lang='lat' dir='ltr'><strong>praeceptis</strong></span> <span class='ocrx_word' id='word_1_199' title='bbox 1209 3427 1360 3486; x_wconf 90' lang='lat' dir='ltr'><strong>meis</strong></span> <span class='ocrx_word' id='word_1_200' title='bbox 1403 3442 1526 3485; x_wconf 94' lang='lat' dir='ltr'><strong>non</strong></span> <span class='ocrx_word' id='word_1_201' title='bbox 1557 3425 1904 3484; x_wconf 88' lang='lat' dir='ltr'><strong>ambulave-</strong></span> 
     </span>
     <span class='ocr_line' id='line_1_32' title="bbox 357 3520 1486 3596; baseline -0.001 -17"><span class='ocrx_word' id='word_1_202' title='bbox 357 3525 496 3579; x_wconf 89' lang='lat' dir='ltr'><strong>runt</strong></span> <span class='ocrx_word' id='word_1_203' title='bbox 524 3540 540 3581; x_wconf 75' lang='grc' dir='ltr'><em>τ</em></span> <span class='ocrx_word' id='word_1_204' title='bbox 570 3542 600 3576; x_wconf 71' lang='grc' dir='ltr'><strong>ι»</strong></span> <span class='ocrx_word' id='word_1_205' title='bbox 629 3537 765 3580; x_wconf 85' lang='lat' dir='ltr'><strong>ecce</strong></span> <span class='ocrx_word' id='word_1_206' title='bbox 788 3520 1156 3596; x_wconf 84' lang='lat' dir='ltr'><strong>judiciorum</strong></span> <span class='ocrx_word' id='word_1_207' title='bbox 1176 3520 1486 3596; x_wconf 82' lang='lat' dir='ltr'><strong>projectiO.</strong></span> 
     </span>
    </p>
   </div>
   <div class='ocr_carea' id='block_1_5' title="bbox 820 3676 1423 3735">
    <p class='ocr_par' dir='ltr' id='par_1_5' title="bbox 820 3676 1423 3735">
     <span class='ocr_line' id='line_1_33' title="bbox 820 3676 1423 3735; baseline -0.005 0"><span class='ocrx_word' id='word_1_208' title='bbox 820 3678 1105 3735; x_wconf 77' lang='lat' dir='ltr'><strong>Articulus</strong></span> <span class='ocrx_word' id='word_1_209' title='bbox 1139 3676 1423 3735; x_wconf 77' lang='lat' dir='ltr'><strong>secundus.</strong></span> 
     </span>
    </p>
   </div>
   <div class='ocr_carea' id='block_1_6' title="bbox 359 3800 1919 5283">
    <p class='ocr_par' dir='ltr' id='par_1_6' title="bbox 359 3800 1919 5283">
     <span class='ocr_line' id='line_1_34' title="bbox 431 3800 1902 3873; baseline -0.002 -11"><span class='ocrx_word' id='word_1_210' title='bbox 431 3803 734 3863; x_wconf 84' lang='lat' dir='ltr'><strong>Secundus</strong></span> <span class='ocrx_word' id='word_1_211' title='bbox 763 3801 1043 3862; x_wconf 87' lang='lat' dir='ltr'><strong>articulus</strong></span> <span class='ocrx_word' id='word_1_212' title='bbox 1078 3800 1448 3873; x_wconf 85' lang='lat' dir='ltr'><strong>subnotatur,</strong></span> <span class='ocrx_word' id='word_1_213' title='bbox 1477 3817 1614 3859; x_wconf 90' lang='lat' dir='ltr'><strong>cum</strong></span> <span class='ocrx_word' id='word_1_214' title='bbox 1643 3801 1856 3859; x_wconf 90' lang='lat' dir='ltr'><strong>dicitur</strong></span> <span class='ocrx_word' id='word_1_215' title='bbox 1888 3821 1902 3859; x_wconf 75' lang='grc' dir='ltr'><strong><em>ε</em></strong></span> 
     </span>
     <span class='ocr_line' id='line_1_35' title="bbox 360 3895 1908 3970; baseline -0.001 -15"><span class='ocrx_word' id='word_1_216' title='bbox 360 3899 413 3955; x_wconf 80' lang='grc' dir='ltr'><strong><em>Α</em></strong></span> <span class='ocrx_word' id='word_1_217' title='bbox 447 3899 637 3955; x_wconf 80' lang='lat' dir='ltr'><strong>saeculo</strong></span> <span class='ocrx_word' id='word_1_218' title='bbox 686 3916 701 3954; x_wconf 78' lang='grc' dir='ltr'><strong><em>ε</em></strong></span> <span class='ocrx_word' id='word_1_219' title='bbox 743 3912 880 3954; x_wconf 88' lang='lat' dir='ltr'><strong>ecce</strong></span> <span class='ocrx_word' id='word_1_220' title='bbox 929 3895 1258 3970; x_wconf 89' lang='lat' dir='ltr'><strong>spatiosum</strong></span> <span class='ocrx_word' id='word_1_221' title='bbox 1304 3895 1651 3954; x_wconf 89' lang='lat' dir='ltr'><strong>memoriale</strong></span> <span class='ocrx_word' id='word_1_222' title='bbox 1694 3895 1908 3954; x_wconf 84' lang='lat' dir='ltr'><strong>divinae</strong></span> 
     </span>
     <span class='ocr_line' id='line_1_36' title="bbox 359 3988 1913 4067; baseline -0.002 -18"><span class='ocrx_word' id='word_1_223' title='bbox 359 3992 684 4067; x_wconf 58' lang='lat' dir='ltr'><strong>patientias,</strong></span> <span class='ocrx_word' id='word_1_224' title='bbox 732 3989 1016 4067; x_wconf 87' lang='lat' dir='ltr'><strong>quoniam</strong></span> <span class='ocrx_word' id='word_1_225' title='bbox 1059 4004 1096 4045; x_wconf 89' lang='lat' dir='ltr'><strong>a</strong></span> <span class='ocrx_word' id='word_1_226' title='bbox 1146 3988 1343 4046; x_wconf 60' lang='lat' dir='ltr'><strong>saeculi</strong></span> <span class='ocrx_word' id='word_1_227' title='bbox 1397 3989 1565 4046; x_wconf 91' lang='lat' dir='ltr'><strong>initio</strong></span> <span class='ocrx_word' id='word_1_228' title='bbox 1614 3988 1769 4047; x_wconf 87' lang='lat' dir='ltr'><strong>facta</strong></span> <span class='ocrx_word' id='word_1_229' title='bbox 1827 3994 1913 4046; x_wconf 91' lang='lat' dir='ltr'><strong>est</strong></span> 
     </span>
     <span class='ocr_line' id='line_1_37' title="bbox 359 4081 1909 4158; baseline -0.001 -16"><span class='ocrx_word' id='word_1_230' title='bbox 359 4085 641 4158; x_wconf 65' lang='lat' dir='ltr'><strong>praedicta</strong></span> <span class='ocrx_word' id='word_1_231' title='bbox 688 4083 1079 4142; x_wconf 83' lang='lat' dir='ltr'><strong>conculcatio.</strong></span> <span class='ocrx_word' id='word_1_232' title='bbox 1127 4081 1465 4140; x_wconf 86' lang='lat' dir='ltr'><strong>Notandum</strong></span> <span class='ocrx_word' id='word_1_233' title='bbox 1515 4098 1658 4156; x_wconf 81' lang='lat' dir='ltr'><strong>ergo</strong></span> <span class='ocrx_word' id='word_1_234' title='bbox 1680 4125 1700 4156; x_wconf 91' lang='lat'><strong>,</strong></span> <span class='ocrx_word' id='word_1_235' title='bbox 1745 4081 1909 4157; x_wconf 91' lang='lat' dir='ltr'><strong>quod</strong></span> 
     </span>
     <span class='ocr_line' id='line_1_38' title="bbox 362 4174 1909 4250; baseline -0.001 -16"><span class='ocrx_word' id='word_1_236' title='bbox 362 4177 615 4249; x_wconf 84' lang='lat' dir='ltr'><strong>legimus</strong></span> <span class='ocrx_word' id='word_1_237' title='bbox 641 4178 960 4235; x_wconf 89' lang='lat' dir='ltr'><strong>Dominum</strong></span> <span class='ocrx_word' id='word_1_238' title='bbox 989 4193 1026 4234; x_wconf 90' lang='lat' dir='ltr'><strong>a</strong></span> <span class='ocrx_word' id='word_1_239' title='bbox 1064 4175 1279 4233; x_wconf 79' lang='lat' dir='ltr'><strong>saeculo</strong></span> <span class='ocrx_word' id='word_1_240' title='bbox 1308 4176 1731 4250; x_wconf 88' lang='lat' dir='ltr'><strong>imperantem,</strong></span> <span class='ocrx_word' id='word_1_241' title='bbox 1759 4174 1909 4234; x_wconf 90' lang='lat' dir='ltr'><strong>tole-</strong></span> 
     </span>
     <span class='ocr_line' id='line_1_39' title="bbox 362 4269 1912 4344; baseline -0.001 -15"><span class='ocrx_word' id='word_1_242' title='bbox 362 4274 624 4342; x_wconf 85' lang='lat' dir='ltr'><strong>rantem,</strong></span> <span class='ocrx_word' id='word_1_243' title='bbox 650 4271 1033 4329; x_wconf 87' lang='lat' dir='ltr'><strong>miserantem</strong></span> <span class='ocrx_word' id='word_1_244' title='bbox 1064 4288 1078 4326; x_wconf 76' lang='grc' dir='ltr'><strong><em>ε</em></strong></span> <span class='ocrx_word' id='word_1_245' title='bbox 1110 4285 1373 4344; x_wconf 88' lang='lat' dir='ltr'><strong>quorum</strong></span> <span class='ocrx_word' id='word_1_246' title='bbox 1393 4269 1656 4343; x_wconf 91' lang='lat' dir='ltr'><strong>primum</strong></span> <span class='ocrx_word' id='word_1_247' title='bbox 1685 4273 1770 4327; x_wconf 87' lang='lat' dir='ltr'><strong>est</strong></span> <span class='ocrx_word' id='word_1_248' title='bbox 1796 4269 1912 4343; x_wconf 86' lang='lat' dir='ltr'><strong>sig-</strong></span> 
     </span>
     <span class='ocr_line' id='line_1_40' title="bbox 363 4363 1912 4439; baseline -0.001 -17"><span class='ocrx_word' id='word_1_249' title='bbox 363 4381 512 4422; x_wconf 92' lang='lat' dir='ltr'><strong>num</strong></span> <span class='ocrx_word' id='word_1_250' title='bbox 552 4363 868 4439; x_wconf 81' lang='lat' dir='ltr'><strong>potentioe3</strong></span> <span class='ocrx_word' id='word_1_251' title='bbox 899 4363 1259 4435; x_wconf 88' lang='lat' dir='ltr'><strong>secundum,</strong></span> <span class='ocrx_word' id='word_1_252' title='bbox 1299 4364 1599 4438; x_wconf 81' lang='lat' dir='ltr'><strong>sapientiae</strong></span> <span class='ocrx_word' id='word_1_253' title='bbox 1617 4383 1635 4436; x_wconf 81' lang='lat'>3</span> <span class='ocrx_word' id='word_1_254' title='bbox 1667 4363 1772 4420; x_wconf 88' lang='lat' dir='ltr'><strong>sed</strong></span> <span class='ocrx_word' id='word_1_255' title='bbox 1798 4367 1912 4421; x_wconf 89' lang='lat' dir='ltr'><strong>ter-</strong></span> 
     </span>
     <span class='ocr_line' id='line_1_41' title="bbox 364 4457 1912 4532; baseline -0.001 -16"><span class='ocrx_word' id='word_1_256' title='bbox 364 4460 514 4516; x_wconf 88' lang='lat' dir='ltr'><strong>tium</strong></span> <span class='ocrx_word' id='word_1_257' title='bbox 535 4501 556 4530; x_wconf 94' lang='lat'>‚</span> <span class='ocrx_word' id='word_1_258' title='bbox 604 4459 947 4518; x_wconf 74' lang='lat' dir='ltr'><strong>clementiae.</strong></span> <span class='ocrx_word' id='word_1_259' title='bbox 999 4462 1077 4516; x_wconf 91' lang='lat' dir='ltr'><strong>De</strong></span> <span class='ocrx_word' id='word_1_260' title='bbox 1121 4458 1319 4532; x_wconf 89' lang='lat' dir='ltr'><strong>primo</strong></span> <span class='ocrx_word' id='word_1_261' title='bbox 1368 4457 1644 4517; x_wconf 85' lang='lat' dir='ltr'><strong>scribitur</strong></span> <span class='ocrx_word' id='word_1_262' title='bbox 1674 4475 1711 4516; x_wconf 91' lang='lat' dir='ltr'><strong>a</strong></span> <span class='ocrx_word' id='word_1_263' title='bbox 1754 4458 1912 4516; x_wconf 90' lang='lat' dir='ltr'><strong>Psal-</strong></span> 
     </span>
     <span class='ocr_line' id='line_1_42' title="bbox 365 4552 1916 4627; baseline -0.001 -18"><span class='ocrx_word' id='word_1_264' title='bbox 365 4553 700 4627; x_wconf 86' lang='lat' dir='ltr'><strong>mographo</strong></span> <span class='ocrx_word' id='word_1_265' title='bbox 728 4553 750 4587; x_wconf 71' lang='lat'>⁸</span> <span class='ocrx_word' id='word_1_266' title='bbox 793 4571 806 4610; x_wconf 89' lang='lat'><strong>:</strong></span> <span class='ocrx_word' id='word_1_267' title='bbox 859 4575 885 4605; x_wconf 96' lang='lat'>«</span> <span class='ocrx_word' id='word_1_268' title='bbox 935 4556 1143 4611; x_wconf 88' lang='lat' dir='ltr'><strong>Parata</strong></span> <span class='ocrx_word' id='word_1_269' title='bbox 1186 4552 1358 4610; x_wconf 90' lang='lat' dir='ltr'><strong>sedes</strong></span> <span class='ocrx_word' id='word_1_270' title='bbox 1403 4554 1506 4609; x_wconf 90' lang='lat' dir='ltr'><strong>tua</strong></span> <span class='ocrx_word' id='word_1_271' title='bbox 1551 4568 1624 4610; x_wconf 87' lang='lat' dir='ltr'><strong>ex</strong></span> <span class='ocrx_word' id='word_1_272' title='bbox 1673 4556 1847 4624; x_wconf 85' lang='lat' dir='ltr'><strong>tunc;</strong></span> <span class='ocrx_word' id='word_1_273' title='bbox 1879 4566 1916 4608; x_wconf 90' lang='lat' dir='ltr'><strong>a</strong></span> 
     </span>
     <span class='ocr_line' id='line_1_43' title="bbox 367 4646 1914 4722; baseline -0.001 -18"><span class='ocrx_word' id='word_1_274' title='bbox 367 4646 585 4705; x_wconf 79' lang='lat' dir='ltr'><strong>saeculo</strong></span> <span class='ocrx_word' id='word_1_275' title='bbox 615 4651 678 4705; x_wconf 90' lang='lat' dir='ltr'><strong>tu</strong></span> <span class='ocrx_word' id='word_1_276' title='bbox 704 4663 800 4718; x_wconf 84' lang='lat' dir='ltr'><strong>es3</strong></span> <span class='ocrx_word' id='word_1_277' title='bbox 834 4668 863 4702; x_wconf 68' lang='lat' dir='ltr'><strong>n</strong></span> <span class='ocrx_word' id='word_1_278' title='bbox 896 4646 1003 4704; x_wconf 88' lang='lat' dir='ltr'><strong>ubi</strong></span> <span class='ocrx_word' id='word_1_279' title='bbox 1028 4662 1137 4720; x_wconf 88' lang='lat' dir='ltr'><strong>per</strong></span> <span class='ocrx_word' id='word_1_280' title='bbox 1164 4647 1371 4705; x_wconf 88' lang='lat' dir='ltr'><strong>sedem</strong></span> <span class='ocrx_word' id='word_1_281' title='bbox 1410 4647 1779 4722; x_wconf 87' lang='lat' dir='ltr'><strong>imperialem</strong></span> <span class='ocrx_word' id='word_1_282' title='bbox 1822 4646 1914 4702; x_wconf 89' lang='lat' dir='ltr'><strong>in-</strong></span> 
     </span>
     <span class='ocr_line' id='line_1_44' title="bbox 367 4739 1916 4815; baseline 0.001 -19"><span class='ocrx_word' id='word_1_283' title='bbox 367 4741 563 4798; x_wconf 86' lang='lat' dir='ltr'><strong>sinuat</strong></span> <span class='ocrx_word' id='word_1_284' title='bbox 590 4740 1000 4815; x_wconf 88' lang='lat' dir='ltr'><strong>imperantem.</strong></span> <span class='ocrx_word' id='word_1_285' title='bbox 1036 4743 1115 4797; x_wconf 90' lang='lat' dir='ltr'><strong>De</strong></span> <span class='ocrx_word' id='word_1_286' title='bbox 1143 4739 1408 4798; x_wconf 91' lang='lat' dir='ltr'><strong>secundo</strong></span> <span class='ocrx_word' id='word_1_287' title='bbox 1436 4742 1458 4776; x_wconf 82' lang='lat'>⁸</span> <span class='ocrx_word' id='word_1_288' title='bbox 1492 4759 1506 4797; x_wconf 77' lang='grc' dir='ltr'><strong><em>ε</em></strong></span> <span class='ocrx_word' id='word_1_289' title='bbox 1545 4759 1573 4794; x_wconf 79' lang='grc' dir='ltr'><strong>α</strong></span> <span class='ocrx_word' id='word_1_290' title='bbox 1598 4744 1916 4815; x_wconf 84' lang='lat' dir='ltr'><strong>Postquam</strong></span> 
     </span>
     <span class='ocr_line' id='line_1_45' title="bbox 371 4833 1917 4908; baseline -0.001 -17"><span class='ocrx_word' id='word_1_291' title='bbox 371 4834 619 4908; x_wconf 81' lang='lat' dir='ltr'><strong>ingressi</strong></span> <span class='ocrx_word' id='word_1_292' title='bbox 647 4838 782 4892; x_wconf 88' lang='lat' dir='ltr'><strong>sunt</strong></span> <span class='ocrx_word' id='word_1_293' title='bbox 808 4833 917 4891; x_wconf 90' lang='lat' dir='ltr'><strong>filii</strong></span> <span class='ocrx_word' id='word_1_294' title='bbox 946 4833 1046 4890; x_wconf 90' lang='lat' dir='ltr'><strong>Dei</strong></span> <span class='ocrx_word' id='word_1_295' title='bbox 1089 4833 1169 4891; x_wconf 90' lang='lat' dir='ltr'><strong>ad</strong></span> <span class='ocrx_word' id='word_1_296' title='bbox 1197 4833 1353 4893; x_wconf 88' lang='lat' dir='ltr'><strong>filias</strong></span> <span class='ocrx_word' id='word_1_297' title='bbox 1393 4834 1704 4893; x_wconf 91' lang='lat' dir='ltr'><strong>hominum</strong></span> <span class='ocrx_word' id='word_1_298' title='bbox 1726 4876 1742 4904; x_wconf 91' lang='lat'><strong><em>‚</em></strong></span> <span class='ocrx_word' id='word_1_299' title='bbox 1774 4833 1917 4891; x_wconf 83' lang='lat' dir='ltr'><strong>illae-</strong></span> 
     </span>
     <span class='ocr_line' id='line_1_46' title="bbox 372 4926 1918 5003; baseline -0.001 -18"><span class='ocrx_word' id='word_1_300' title='bbox 372 4943 491 5003; x_wconf 90' lang='lat' dir='ltr'><strong>que</strong></span> <span class='ocrx_word' id='word_1_301' title='bbox 536 4931 911 5001; x_wconf 84' lang='lat' dir='ltr'><strong>genuerunt3</strong></span> <span class='ocrx_word' id='word_1_302' title='bbox 959 4926 1054 4984; x_wconf 89' lang='lat' dir='ltr'><strong>isti</strong></span> <span class='ocrx_word' id='word_1_303' title='bbox 1100 4931 1237 4984; x_wconf 92' lang='lat' dir='ltr'><strong>sunt</strong></span> <span class='ocrx_word' id='word_1_304' title='bbox 1284 4932 1550 5002; x_wconf 89' lang='lat' dir='ltr'><strong>potentes</strong></span> <span class='ocrx_word' id='word_1_305' title='bbox 1598 4945 1636 4986; x_wconf 92' lang='lat' dir='ltr'><strong>a</strong></span> <span class='ocrx_word' id='word_1_306' title='bbox 1670 4928 1918 5002; x_wconf 80' lang='lat' dir='ltr'><strong>saeculo,</strong></span> 
     </span>
     <span class='ocr_line' id='line_1_47' title="bbox 371 5017 1919 5097; baseline -0.001 -17"><span class='ocrx_word' id='word_1_307' title='bbox 371 5023 484 5080; x_wconf 79' lang='lat' dir='ltr'><strong>viri</strong></span> <span class='ocrx_word' id='word_1_308' title='bbox 521 5017 766 5095; x_wconf 80' lang='lat' dir='ltr'><strong>samosi3</strong></span> <span class='ocrx_word' id='word_1_309' title='bbox 786 5044 815 5078; x_wconf 69' lang='grc' dir='ltr'><strong>ιο</strong></span> <span class='ocrx_word' id='word_1_310' title='bbox 853 5022 958 5079; x_wconf 91' lang='lat' dir='ltr'><strong>ubi</strong></span> <span class='ocrx_word' id='word_1_311' title='bbox 1002 5025 1269 5095; x_wconf 87' lang='lat' dir='ltr'><strong>potentes</strong></span> <span class='ocrx_word' id='word_1_312' title='bbox 1321 5023 1584 5097; x_wconf 88' lang='lat' dir='ltr'><strong>potentia</strong></span> <span class='ocrx_word' id='word_1_313' title='bbox 1612 5022 1919 5080; x_wconf 88' lang='lat' dir='ltr'><strong>abutentes</strong></span> 
     </span>
     <span class='ocr_line' id='line_1_48' title="bbox 373 5116 1914 5190; baseline -0.001 -16"><span class='ocrx_word' id='word_1_314' title='bbox 373 5116 873 5190; x_wconf 81' lang='lat' dir='ltr'><strong>subintelligimus</strong></span> <span class='ocrx_word' id='word_1_315' title='bbox 899 5116 1266 5174; x_wconf 88' lang='lat' dir='ltr'><strong>tolerantem.</strong></span> <span class='ocrx_word' id='word_1_316' title='bbox 1303 5118 1382 5173; x_wconf 89' lang='lat' dir='ltr'><strong>De</strong></span> <span class='ocrx_word' id='word_1_317' title='bbox 1409 5116 1578 5174; x_wconf 89' lang='lat' dir='ltr'><strong>tertio</strong></span> <span class='ocrx_word' id='word_1_318' title='bbox 1607 5117 1835 5174; x_wconf 88' lang='lat' dir='ltr'><strong>canitur</strong></span> <span class='ocrx_word' id='word_1_319' title='bbox 1853 5117 1914 5172; x_wconf 66' lang='grc' dir='ltr'><strong>Β;</strong></span> 
     </span>
     <span class='ocr_line' id='line_1_49' title="bbox 379 5209 1919 5283; baseline 0.002 -18"><span class='ocrx_word' id='word_1_320' title='bbox 379 5229 410 5265; x_wconf 76' lang='grc' dir='ltr'>ι</span> <span class='ocrx_word' id='word_1_321' title='bbox 437 5209 826 5269; x_wconf 85' lang='lat' dir='ltr'><strong>Reminiscere</strong></span> <span class='ocrx_word' id='word_1_322' title='bbox 850 5210 1299 5270; x_wconf 84' lang='lat' dir='ltr'><strong>miserationum</strong></span> <span class='ocrx_word' id='word_1_323' title='bbox 1331 5215 1568 5269; x_wconf 88' lang='lat' dir='ltr'><strong>tuarum</strong></span> <span class='ocrx_word' id='word_1_324' title='bbox 1583 5254 1603 5283; x_wconf 91' lang='lat'><strong>,</strong></span> <span class='ocrx_word' id='word_1_325' title='bbox 1638 5210 1883 5269; x_wconf 87' lang='lat' dir='ltr'><strong>Domine</strong></span> <span class='ocrx_word' id='word_1_326' title='bbox 1900 5254 1919 5283; x_wconf 94' lang='lat'><strong>,</strong></span> 
     </span>
    </p>
   </div>
   <div class='ocr_carea' id='block_1_7' title="bbox 442 5408 1920 5475">
    <p class='ocr_par' dir='ltr' id='par_1_7' title="bbox 442 5408 1920 5475">
     <span class='ocr_line' id='line_1_50' title="bbox 442 5408 1920 5475; baseline -0.004 -15"><span class='ocrx_word' id='word_1_327' title='bbox 442 5408 678 5473; x_wconf 75' lang='lat' dir='ltr'><strong>&#39;Ezech.,</strong></span> <span class='ocrx_word' id='word_1_328' title='bbox 705 5420 757 5473; x_wconf 82' lang='lat' dir='ltr'><strong>v,</strong></span> <span class='ocrx_word' id='word_1_329' title='bbox 785 5412 835 5475; x_wconf 80' lang='lat'><strong>5,</strong></span> <span class='ocrx_word' id='word_1_330' title='bbox 862 5413 910 5461; x_wconf 83' lang='lat'><strong>6.</strong></span> <span class='ocrx_word' id='word_1_331' title='bbox 932 5435 997 5449; x_wconf 91' lang='lat'><em>-</em></span> <span class='ocrx_word' id='word_1_332' title='bbox 1026 5410 1238 5470; x_wconf 70' lang='lat' dir='ltr'><strong>’Pr-ov..</strong></span> <span class='ocrx_word' id='word_1_333' title='bbox 1260 5420 1370 5471; x_wconf 84' lang='grc' dir='ltr'><strong><em>ιιι,</em></strong></span> <span class='ocrx_word' id='word_1_334' title='bbox 1394 5412 1474 5460; x_wconf 75' lang='grc'><strong>28.</strong></span> <span class='ocrx_word' id='word_1_335' title='bbox 1503 5435 1567 5446; x_wconf 92' lang='grc'>-</span> <span class='ocrx_word' id='word_1_336' title='bbox 1594 5409 1613 5440; x_wconf 76' lang='lat'><strong>³</strong></span> <span class='ocrx_word' id='word_1_337' title='bbox 1638 5408 1838 5473; x_wconf 64' lang='lat' dir='ltr'><strong>Ezech„</strong></span> <span class='ocrx_word' id='word_1_338' title='bbox 1870 5419 1920 5471; x_wconf 88' lang='lat' dir='ltr'><strong>v,</strong></span> 
     </span>
    </p>
   </div>
   <div class='ocr_carea' id='block_1_8' title="bbox 3425 487 3538 546">
    <p class='ocr_par' dir='ltr' id='par_1_8' title="bbox 3425 487 3538 546">
     <span class='ocr_line' id='line_1_51' title="bbox 3425 487 3538 546; baseline -0.009 0"><span class='ocrx_word' id='word_1_339' title='bbox 3425 487 3538 546; x_wconf 83' lang='lat'><strong>387</strong></span> 
     </span>
    </p>
   </div>
   <div class='ocr_carea' id='block_1_9' title="bbox 2002 612 3537 779">
    <p class='ocr_par' dir='ltr' id='par_1_9' title="bbox 2002 612 3537 779">
     <span class='ocr_line' id='line_1_52' title="bbox 2003 612 3537 687; baseline 0.001 -18"><span class='ocrx_word' id='word_1_340' title='bbox 2003 615 2060 669; x_wconf 90' lang='lat' dir='ltr'><strong>et</strong></span> <span class='ocrx_word' id='word_1_341' title='bbox 2072 612 2614 672; x_wconf 86' lang='lat' dir='ltr'><strong>misericordiarum</strong></span> <span class='ocrx_word' id='word_1_342' title='bbox 2630 618 2886 684; x_wconf 79' lang='lat' dir='ltr'><strong>tuarum,</strong></span> <span class='ocrx_word' id='word_1_343' title='bbox 2909 629 3043 687; x_wconf 81' lang='lat' dir='ltr'><strong>quae</strong></span> <span class='ocrx_word' id='word_1_344' title='bbox 3058 629 3095 671; x_wconf 90' lang='lat' dir='ltr'><strong>a</strong></span> <span class='ocrx_word' id='word_1_345' title='bbox 3112 614 3324 673; x_wconf 78' lang='lat' dir='ltr'><strong>saeculo</strong></span> <span class='ocrx_word' id='word_1_346' title='bbox 3340 620 3496 685; x_wconf 91' lang='lat' dir='ltr'><strong>sunt;</strong></span> <span class='ocrx_word' id='word_1_347' title='bbox 3509 636 3537 670; x_wconf 70' lang='lat' dir='ltr'>n</span> 
     </span>
     <span class='ocr_line' id='line_1_53' title="bbox 2002 705 3147 779; baseline -0.001 -15"><span class='ocrx_word' id='word_1_348' title='bbox 2002 705 2109 764; x_wconf 89' lang='lat' dir='ltr'><strong>ubi</strong></span> <span class='ocrx_word' id='word_1_349' title='bbox 2134 705 2384 779; x_wconf 85' lang='lat' dir='ltr'><strong>legimus</strong></span> <span class='ocrx_word' id='word_1_350' title='bbox 2410 706 2726 765; x_wconf 90' lang='lat' dir='ltr'><strong>Dominum</strong></span> <span class='ocrx_word' id='word_1_351' title='bbox 2752 706 3147 765; x_wconf 88' lang='lat' dir='ltr'><strong>miserantem.</strong></span> 
     </span>
    </p>
   </div>
   <div class='ocr_carea' id='block_1_10' title="bbox 2504 865 3053 921">
    <p class='ocr_par' dir='ltr' id='par_1_10' title="bbox 2504 865 3053 921">
     <span class='ocr_line' id='line_1_54' title="bbox 2504 865 3053 921; baseline 0.002 -1"><span class='ocrx_word' id='word_1_352' title='bbox 2504 865 2793 921; x_wconf 77' lang='lat' dir='ltr'><strong>Articulus</strong></span> <span class='ocrx_word' id='word_1_353' title='bbox 2842 866 3053 921; x_wconf 76' lang='lat' dir='ltr'><strong>tertius.</strong></span> 
     </span>
    </p>
   </div>
   <div class='ocr_carea' id='block_1_11' title="bbox 2003 987 3563 2934">
    <p class='ocr_par' dir='ltr' id='par_1_11' title="bbox 2003 987 3563 2934">
     <span class='ocr_line' id='line_1_55' title="bbox 2076 987 3542 1059; baseline 0.002 -14"><span class='ocrx_word' id='word_1_354' title='bbox 2076 987 2297 1045; x_wconf 86' lang='lat' dir='ltr'><strong>Tertius</strong></span> <span class='ocrx_word' id='word_1_355' title='bbox 2343 988 2624 1046; x_wconf 86' lang='lat' dir='ltr'><strong>articulus</strong></span> <span class='ocrx_word' id='word_1_356' title='bbox 2667 991 2982 1047; x_wconf 90' lang='lat' dir='ltr'><strong>annotatur</strong></span> <span class='ocrx_word' id='word_1_357' title='bbox 3013 1030 3033 1059; x_wconf 92' lang='lat'><strong>,</strong></span> <span class='ocrx_word' id='word_1_358' title='bbox 3079 1005 3219 1047; x_wconf 89' lang='lat' dir='ltr'><strong>cum</strong></span> <span class='ocrx_word' id='word_1_359' title='bbox 3258 989 3498 1048; x_wconf 87' lang='lat' dir='ltr'><strong>additur</strong></span> <span class='ocrx_word' id='word_1_360' title='bbox 3528 1009 3542 1048; x_wconf 74' lang='lat' dir='ltr'><em>z</em></span> 
     </span>
     <span class='ocr_line' id='line_1_56' title="bbox 2005 1081 3547 1160; baseline 0.001 -21"><span class='ocrx_word' id='word_1_361' title='bbox 2005 1084 2265 1139; x_wconf 81' lang='lat' dir='ltr'><strong>Domine:</strong></span> <span class='ocrx_word' id='word_1_362' title='bbox 2289 1096 2422 1139; x_wconf 89' lang='lat' dir='ltr'><strong>ecce</strong></span> <span class='ocrx_word' id='word_1_363' title='bbox 2449 1081 2782 1140; x_wconf 82' lang='lat' dir='ltr'><strong>virtuosum</strong></span> <span class='ocrx_word' id='word_1_364' title='bbox 2808 1082 3176 1141; x_wconf 90' lang='lat' dir='ltr'><strong>memoriale.</strong></span> <span class='ocrx_word' id='word_1_365' title='bbox 3209 1083 3361 1153; x_wconf 83' lang='lat' dir='ltr'><strong>Quid</strong></span> <span class='ocrx_word' id='word_1_366' title='bbox 3388 1084 3547 1160; x_wconf 86' lang='lat' dir='ltr'><strong>enim</strong></span> 
     </span>
     <span class='ocr_line' id='line_1_57' title="bbox 2003 1174 3550 1251; baseline 0.003 -20"><span class='ocrx_word' id='word_1_367' title='bbox 2003 1174 2110 1232; x_wconf 92' lang='lat' dir='ltr'><strong>illa</strong></span> <span class='ocrx_word' id='word_1_368' title='bbox 2137 1175 2419 1248; x_wconf 86' lang='lat' dir='ltr'><strong>patientia</strong></span> <span class='ocrx_word' id='word_1_369' title='bbox 2444 1176 2795 1247; x_wconf 84' lang='lat' dir='ltr'><strong>virtuosius,</strong></span> <span class='ocrx_word' id='word_1_370' title='bbox 2825 1192 3010 1250; x_wconf 88' lang='lat' dir='ltr'><strong>quam</strong></span> <span class='ocrx_word' id='word_1_371' title='bbox 3039 1176 3257 1251; x_wconf 90' lang='lat' dir='ltr'><strong>patitur</strong></span> <span class='ocrx_word' id='word_1_372' title='bbox 3275 1194 3310 1234; x_wconf 91' lang='lat' dir='ltr'><strong>a</strong></span> <span class='ocrx_word' id='word_1_373' title='bbox 3330 1177 3550 1235; x_wconf 88' lang='lat' dir='ltr'><strong>talibus</strong></span> 
     </span>
     <span class='ocr_line' id='line_1_58' title="bbox 2005 1268 3551 1343; baseline 0.001 -18"><span class='ocrx_word' id='word_1_374' title='bbox 2005 1268 2191 1326; x_wconf 83' lang='lat' dir='ltr'><strong>servis</strong></span> <span class='ocrx_word' id='word_1_375' title='bbox 2217 1268 2350 1326; x_wconf 88' lang='lat' dir='ltr'><strong>talis</strong></span> <span class='ocrx_word' id='word_1_376' title='bbox 2380 1269 2704 1327; x_wconf 77' lang='lat' dir='ltr'><strong>Dominus?</strong></span> <span class='ocrx_word' id='word_1_377' title='bbox 2734 1269 2830 1326; x_wconf 87' lang='lat' dir='ltr'><strong>Vis</strong></span> <span class='ocrx_word' id='word_1_378' title='bbox 2870 1270 3075 1328; x_wconf 88' lang='lat' dir='ltr'><strong>audire</strong></span> <span class='ocrx_word' id='word_1_379' title='bbox 3118 1270 3311 1343; x_wconf 90' lang='lat' dir='ltr'><strong>qualis</strong></span> <span class='ocrx_word' id='word_1_380' title='bbox 3356 1272 3551 1329; x_wconf 88' lang='lat' dir='ltr'><strong>Domi·</strong></span> 
     </span>
     <span class='ocr_line' id='line_1_59' title="bbox 2006 1363 3546 1436; baseline 0.003 -16"><span class='ocrx_word' id='word_1_381' title='bbox 2006 1379 2119 1421; x_wconf 91' lang='lat' dir='ltr'><strong>nus</strong></span> <span class='ocrx_word' id='word_1_382' title='bbox 2136 1365 2167 1420; x_wconf 68' lang='grc' dir='ltr'><strong><em>Ἰ</em></strong></span> <span class='ocrx_word' id='word_1_383' title='bbox 2188 1363 2363 1422; x_wconf 88' lang='lat' dir='ltr'><strong>Plane</strong></span> <span class='ocrx_word' id='word_1_384' title='bbox 2392 1363 2751 1423; x_wconf 86' lang='lat' dir='ltr'><strong>reverendus</strong></span> <span class='ocrx_word' id='word_1_385' title='bbox 2761 1407 2782 1436; x_wconf 94' lang='lat'>‚</span> <span class='ocrx_word' id='word_1_386' title='bbox 2808 1365 3150 1423; x_wconf 85' lang='lat' dir='ltr'><strong>tremendus</strong></span> <span class='ocrx_word' id='word_1_387' title='bbox 3168 1407 3189 1436; x_wconf 94' lang='lat'>‚</span> <span class='ocrx_word' id='word_1_388' title='bbox 3223 1366 3546 1424; x_wconf 90' lang='lat' dir='ltr'><strong>colendus:</strong></span> 
     </span>
     <span class='ocr_line' id='line_1_60' title="bbox 2005 1458 3553 1535; baseline 0.003 -20"><span class='ocrx_word' id='word_1_389' title='bbox 2005 1461 2292 1531; x_wconf 85' lang='lat' dir='ltr'><strong>tanquam</strong></span> <span class='ocrx_word' id='word_1_390' title='bbox 2334 1458 2602 1516; x_wconf 91' lang='lat' dir='ltr'><strong>omnium</strong></span> <span class='ocrx_word' id='word_1_391' title='bbox 2648 1463 2875 1517; x_wconf 86' lang='lat' dir='ltr'><strong>creator</strong></span> <span class='ocrx_word' id='word_1_392' title='bbox 2894 1478 2912 1531; x_wconf 91' lang='lat'>;</span> <span class='ocrx_word' id='word_1_393' title='bbox 2951 1463 3238 1535; x_wconf 90' lang='lat' dir='ltr'><strong>tanquam</strong></span> <span class='ocrx_word' id='word_1_394' title='bbox 3283 1461 3553 1519; x_wconf 91' lang='lat' dir='ltr'><strong>omnium</strong></span> 
     </span>
     <span class='ocr_line' id='line_1_61' title="bbox 2009 1552 3549 1628; baseline -0.001 -18"><span class='ocrx_word' id='word_1_395' title='bbox 2009 1552 2371 1625; x_wconf 83' lang='lat' dir='ltr'><strong>gubernator</strong></span> <span class='ocrx_word' id='word_1_396' title='bbox 2389 1571 2407 1625; x_wconf 91' lang='lat'>;</span> <span class='ocrx_word' id='word_1_397' title='bbox 2440 1556 2725 1628; x_wconf 87' lang='lat' dir='ltr'><strong>tanquam</strong></span> <span class='ocrx_word' id='word_1_398' title='bbox 2766 1553 3037 1611; x_wconf 90' lang='lat' dir='ltr'><strong>omnium</strong></span> <span class='ocrx_word' id='word_1_399' title='bbox 3086 1559 3549 1613; x_wconf 88' lang='lat' dir='ltr'><strong>consummator.</strong></span> 
     </span>
     <span class='ocr_line' id='line_1_62' title="bbox 2007 1645 3553 1719; baseline 0.003 -17"><span class='ocrx_word' id='word_1_400' title='bbox 2007 1648 2086 1703; x_wconf 88' lang='lat' dir='ltr'><strong>De</strong></span> <span class='ocrx_word' id='word_1_401' title='bbox 2132 1645 2327 1719; x_wconf 91' lang='lat' dir='ltr'><strong>primo</strong></span> <span class='ocrx_word' id='word_1_402' title='bbox 2358 1689 2377 1718; x_wconf 95' lang='lat'><strong>,</strong></span> <span class='ocrx_word' id='word_1_403' title='bbox 2419 1646 2526 1704; x_wconf 90' lang='lat' dir='ltr'><strong>ubi</strong></span> <span class='ocrx_word' id='word_1_404' title='bbox 2565 1645 2640 1703; x_wconf 87' lang='lat' dir='ltr'><strong>de</strong></span> <span class='ocrx_word' id='word_1_405' title='bbox 2667 1662 2808 1719; x_wconf 86' lang='lat' dir='ltr'><strong>rege</strong></span> <span class='ocrx_word' id='word_1_406' title='bbox 2844 1648 3002 1705; x_wconf 83' lang='lat' dir='ltr'><strong>Josia</strong></span> <span class='ocrx_word' id='word_1_407' title='bbox 3037 1647 3310 1706; x_wconf 89' lang='lat' dir='ltr'><strong>scribitur</strong></span> <span class='ocrx_word' id='word_1_408' title='bbox 3335 1649 3398 1706; x_wconf 88' lang='lat' dir='ltr'><strong>in</strong></span> <span class='ocrx_word' id='word_1_409' title='bbox 3424 1649 3553 1707; x_wconf 78' lang='lat' dir='ltr'><strong>hoec</strong></span> 
     </span>
     <span class='ocr_line' id='line_1_63' title="bbox 2007 1739 3552 1812; baseline 0.003 -17"><span class='ocrx_word' id='word_1_410' title='bbox 2007 1740 2195 1797; x_wconf 86' lang='lat' dir='ltr'><strong>verba</strong></span> <span class='ocrx_word' id='word_1_411' title='bbox 2220 1742 2243 1775; x_wconf 80' lang='lat'><strong>&#39;¹</strong></span> <span class='ocrx_word' id='word_1_412' title='bbox 2275 1758 2290 1796; x_wconf 76' lang='grc' dir='ltr'><strong><em>ε</em></strong></span> <span class='ocrx_word' id='word_1_413' title='bbox 2327 1759 2357 1794; x_wconf 72' lang='grc' dir='ltr'><strong>α</strong></span> <span class='ocrx_word' id='word_1_414' title='bbox 2386 1739 2690 1797; x_wconf 79' lang='lat' dir='ltr'><strong>fleveritus</strong></span> <span class='ocrx_word' id='word_1_415' title='bbox 2723 1755 2787 1797; x_wconf 91' lang='lat' dir='ltr'><strong>es</strong></span> <span class='ocrx_word' id='word_1_416' title='bbox 2813 1740 3027 1799; x_wconf 80' lang='lat' dir='ltr'><strong>faciem</strong></span> <span class='ocrx_word' id='word_1_417' title='bbox 3065 1757 3262 1800; x_wconf 89' lang='lat' dir='ltr'><strong>meam</strong></span> <span class='ocrx_word' id='word_1_418' title='bbox 3282 1784 3303 1812; x_wconf 92' lang='lat'>‚</span> <span class='ocrx_word' id='word_1_419' title='bbox 3332 1742 3552 1800; x_wconf 88' lang='lat' dir='ltr'><strong>scidisti</strong></span> 
     </span>
     <span class='ocr_line' id='line_1_64' title="bbox 2008 1832 3552 1911; baseline 0.003 -22"><span class='ocrx_word' id='word_1_420' title='bbox 2008 1832 2358 1890; x_wconf 77' lang='lat' dir='ltr'><strong>vestimenta</strong></span> <span class='ocrx_word' id='word_1_421' title='bbox 2383 1837 2519 1903; x_wconf 87' lang='lat' dir='ltr'><strong>tua,</strong></span> <span class='ocrx_word' id='word_1_422' title='bbox 2548 1836 2605 1890; x_wconf 90' lang='lat' dir='ltr'><strong>et</strong></span> <span class='ocrx_word' id='word_1_423' title='bbox 2631 1833 2845 1891; x_wconf 88' lang='lat' dir='ltr'><strong>flevisti</strong></span> <span class='ocrx_word' id='word_1_424' title='bbox 2870 1850 3075 1893; x_wconf 90' lang='lat' dir='ltr'><strong>coram</strong></span> <span class='ocrx_word' id='word_1_425' title='bbox 3104 1851 3220 1892; x_wconf 91' lang='lat' dir='ltr'><strong>me.</strong></span> <span class='ocrx_word' id='word_1_426' title='bbox 3250 1839 3373 1909; x_wconf 86' lang='lat' dir='ltr'><strong>Ego</strong></span> <span class='ocrx_word' id='word_1_427' title='bbox 3398 1852 3552 1911; x_wconf 93' lang='lat' dir='ltr'><strong>quo-</strong></span> 
     </span>
     <span class='ocr_line' id='line_1_65' title="bbox 2010 1925 3552 2005; baseline 0.003 -21"><span class='ocrx_word' id='word_1_428' title='bbox 2010 1941 2128 1999; x_wconf 87' lang='lat' dir='ltr'><strong>que</strong></span> <span class='ocrx_word' id='word_1_429' title='bbox 2157 1926 2474 1984; x_wconf 82' lang='lat' dir='ltr'><strong>exaudiam</strong></span> <span class='ocrx_word' id='word_1_430' title='bbox 2495 1929 2588 1997; x_wconf 90' lang='lat' dir='ltr'><strong>te,</strong></span> <span class='ocrx_word' id='word_1_431' title='bbox 2615 1925 2758 1984; x_wconf 91' lang='lat' dir='ltr'><strong>dicit</strong></span> <span class='ocrx_word' id='word_1_432' title='bbox 2783 1928 3085 1986; x_wconf 79' lang='lat' dir='ltr'><strong>DominuS.</strong></span> <span class='ocrx_word' id='word_1_433' title='bbox 3106 1950 3135 1984; x_wconf 66' lang='grc' dir='ltr'><strong><em>ι</em></strong></span> <span class='ocrx_word' id='word_1_434' title='bbox 3163 1929 3265 1987; x_wconf 87' lang='lat' dir='ltr'><strong>Hic</strong></span> <span class='ocrx_word' id='word_1_435' title='bbox 3286 1934 3552 2005; x_wconf 90' lang='lat' dir='ltr'><strong>apparet,</strong></span> 
     </span>
     <span class='ocr_line' id='line_1_66' title="bbox 2010 2018 3554 2093; baseline 0.005 -17"><span class='ocrx_word' id='word_1_436' title='bbox 2010 2018 2181 2093; x_wconf 92' lang='lat' dir='ltr'><strong>quod</strong></span> <span class='ocrx_word' id='word_1_437' title='bbox 2210 2018 2493 2077; x_wconf 88' lang='lat' dir='ltr'><strong>Dominus</strong></span> <span class='ocrx_word' id='word_1_438' title='bbox 2535 2023 2621 2077; x_wconf 89' lang='lat' dir='ltr'><strong>est</strong></span> <span class='ocrx_word' id='word_1_439' title='bbox 2658 2020 2959 2079; x_wconf 87' lang='lat' dir='ltr'><strong>humiliter</strong></span> <span class='ocrx_word' id='word_1_440' title='bbox 3001 2025 3058 2079; x_wconf 89' lang='lat' dir='ltr'><strong>et</strong></span> <span class='ocrx_word' id='word_1_441' title='bbox 3082 2022 3359 2082; x_wconf 88' lang='lat' dir='ltr'><strong>flebiliter</strong></span> <span class='ocrx_word' id='word_1_442' title='bbox 3382 2040 3554 2083; x_wconf 83' lang='lat' dir='ltr'><strong>reve-</strong></span> 
     </span>
     <span class='ocr_line' id='line_1_67' title="bbox 2010 2111 3554 2184; baseline 0.003 -14"><span class='ocrx_word' id='word_1_443' title='bbox 2010 2111 2251 2171; x_wconf 77' lang='lat' dir='ltr'><strong>renduS.</strong></span> <span class='ocrx_word' id='word_1_444' title='bbox 2282 2116 2359 2170; x_wconf 89' lang='lat' dir='ltr'><strong>De</strong></span> <span class='ocrx_word' id='word_1_445' title='bbox 2386 2111 2680 2184; x_wconf 89' lang='lat' dir='ltr'><strong>secundo,</strong></span> <span class='ocrx_word' id='word_1_446' title='bbox 2709 2114 2814 2171; x_wconf 90' lang='lat' dir='ltr'><strong>ubi</strong></span> <span class='ocrx_word' id='word_1_447' title='bbox 2861 2114 3137 2173; x_wconf 89' lang='lat' dir='ltr'><strong>scribitur</strong></span> <span class='ocrx_word' id='word_1_448' title='bbox 3176 2116 3253 2174; x_wconf 90' lang='lat' dir='ltr'><strong>de</strong></span> <span class='ocrx_word' id='word_1_449' title='bbox 3280 2117 3457 2176; x_wconf 91' lang='lat' dir='ltr'><strong>Saulo</strong></span> <span class='ocrx_word' id='word_1_450' title='bbox 3486 2119 3508 2154; x_wconf 80' lang='lat'>⁸</span> <span class='ocrx_word' id='word_1_451' title='bbox 3539 2136 3554 2175; x_wconf 90' lang='lat'><strong>:</strong></span> 
     </span>
     <span class='ocr_line' id='line_1_68' title="bbox 2016 2207 3556 2285; baseline 0.006 -24"><span class='ocrx_word' id='word_1_452' title='bbox 2016 2226 2047 2261; x_wconf 71' lang='grc' dir='ltr'>ι</span> <span class='ocrx_word' id='word_1_453' title='bbox 2072 2209 2347 2266; x_wconf 88' lang='lat' dir='ltr'><strong>Tremens</strong></span> <span class='ocrx_word' id='word_1_454' title='bbox 2373 2223 2442 2265; x_wconf 91' lang='lat' dir='ltr'><strong>ac</strong></span> <span class='ocrx_word' id='word_1_455' title='bbox 2470 2209 2712 2282; x_wconf 89' lang='lat' dir='ltr'><strong>stupens</strong></span> <span class='ocrx_word' id='word_1_456' title='bbox 2740 2207 2889 2266; x_wconf 76' lang='lat' dir='ltr'><strong>dixit</strong></span> <span class='ocrx_word' id='word_1_457' title='bbox 2920 2227 2935 2264; x_wconf 72' lang='grc' dir='ltr'><strong><em>ε</em></strong></span> <span class='ocrx_word' id='word_1_458' title='bbox 2968 2210 3213 2268; x_wconf 87' lang='lat' dir='ltr'><strong>Domine</strong></span> <span class='ocrx_word' id='word_1_459' title='bbox 3229 2254 3248 2284; x_wconf 93' lang='lat'>‚</span> <span class='ocrx_word' id='word_1_460' title='bbox 3283 2211 3433 2285; x_wconf 92' lang='lat' dir='ltr'><strong>quid</strong></span> <span class='ocrx_word' id='word_1_461' title='bbox 3459 2229 3556 2270; x_wconf 89' lang='lat' dir='ltr'><strong>me</strong></span> 
     </span>
     <span class='ocr_line' id='line_1_69' title="bbox 2011 2299 3558 2380; baseline 0.005 -23"><span class='ocrx_word' id='word_1_462' title='bbox 2011 2300 2102 2357; x_wconf 82' lang='lat' dir='ltr'><strong>vis</strong></span> <span class='ocrx_word' id='word_1_463' title='bbox 2129 2300 2320 2359; x_wconf 87' lang='lat' dir='ltr'><strong>facere</strong></span> <span class='ocrx_word' id='word_1_464' title='bbox 2339 2303 2368 2358; x_wconf 69' lang='lat' dir='ltr'><strong>‘P</strong></span> <span class='ocrx_word' id='word_1_465' title='bbox 2397 2321 2427 2356; x_wconf 68' lang='lat' dir='ltr'><strong>n</strong></span> <span class='ocrx_word' id='word_1_466' title='bbox 2459 2299 2565 2359; x_wconf 91' lang='lat' dir='ltr'><strong>ubi</strong></span> <span class='ocrx_word' id='word_1_467' title='bbox 2605 2302 2763 2376; x_wconf 85' lang='lat' dir='ltr'><strong>patet</strong></span> <span class='ocrx_word' id='word_1_468' title='bbox 2809 2301 2943 2361; x_wconf 90' lang='lat' dir='ltr'><strong>luce</strong></span> <span class='ocrx_word' id='word_1_469' title='bbox 2973 2303 3222 2375; x_wconf 78' lang='lat' dir='ltr'><strong>clariuS‚</strong></span> <span class='ocrx_word' id='word_1_470' title='bbox 3252 2305 3419 2380; x_wconf 89' lang='lat' dir='ltr'><strong>quod</strong></span> <span class='ocrx_word' id='word_1_471' title='bbox 3449 2308 3558 2364; x_wconf 91' lang='lat' dir='ltr'><strong>Do-</strong></span> 
     </span>
     <span class='ocr_line' id='line_1_70' title="bbox 2011 2393 3557 2472; baseline 0.003 -21"><span class='ocrx_word' id='word_1_472' title='bbox 2011 2393 2210 2451; x_wconf 90' lang='lat' dir='ltr'><strong>minus</strong></span> <span class='ocrx_word' id='word_1_473' title='bbox 2236 2394 2588 2453; x_wconf 91' lang='lat' dir='ltr'><strong>mirabiliter</strong></span> <span class='ocrx_word' id='word_1_474' title='bbox 2614 2398 2699 2452; x_wconf 87' lang='lat' dir='ltr'><strong>est</strong></span> <span class='ocrx_word' id='word_1_475' title='bbox 2721 2396 3080 2455; x_wconf 63' lang='lat' dir='ltr'><strong>tremendus</strong></span> <span class='ocrx_word' id='word_1_476' title='bbox 3114 2401 3191 2456; x_wconf 92' lang='lat' dir='ltr'><strong>De</strong></span> <span class='ocrx_word' id='word_1_477' title='bbox 3218 2399 3388 2457; x_wconf 87' lang='lat' dir='ltr'><strong>tertio</strong></span> <span class='ocrx_word' id='word_1_478' title='bbox 3405 2442 3424 2472; x_wconf 92' lang='lat'><strong>,</strong></span> <span class='ocrx_word' id='word_1_479' title='bbox 3452 2398 3557 2456; x_wconf 90' lang='lat' dir='ltr'><strong>ubi</strong></span> 
     </span>
     <span class='ocr_line' id='line_1_71' title="bbox 2013 2488 3559 2552; baseline 0.004 -6"><span class='ocrx_word' id='word_1_480' title='bbox 2013 2488 2163 2546; x_wconf 87' lang='lat' dir='ltr'><strong>dixit</strong></span> <span class='ocrx_word' id='word_1_481' title='bbox 2195 2488 2470 2547; x_wconf 87' lang='lat' dir='ltr'><strong>Ezechias</strong></span> <span class='ocrx_word' id='word_1_482' title='bbox 2513 2489 2921 2547; x_wconf 89' lang='lat' dir='ltr'><strong>sacerdotibus</strong></span> <span class='ocrx_word' id='word_1_483' title='bbox 2964 2495 3021 2548; x_wconf 90' lang='lat' dir='ltr'><strong>ct</strong></span> <span class='ocrx_word' id='word_1_484' title='bbox 3057 2490 3250 2550; x_wconf 82' lang='lat' dir='ltr'><strong>levitis</strong></span> <span class='ocrx_word' id='word_1_485' title='bbox 3278 2494 3300 2527; x_wconf 80' lang='lat'><strong>⁹</strong></span> <span class='ocrx_word' id='word_1_486' title='bbox 3332 2511 3347 2550; x_wconf 89' lang='lat'>:</span> <span class='ocrx_word' id='word_1_487' title='bbox 3390 2512 3418 2546; x_wconf 78' lang='grc' dir='ltr'><strong>α</strong></span> <span class='ocrx_word' id='word_1_488' title='bbox 3446 2496 3559 2552; x_wconf 82' lang='lat' dir='ltr'><strong>Vos</strong></span> 
     </span>
     <span class='ocr_line' id='line_1_72' title="bbox 2011 2581 3561 2659; baseline 0.003 -20"><span class='ocrx_word' id='word_1_489' title='bbox 2011 2581 2189 2655; x_wconf 80' lang='lat' dir='ltr'><strong>elegit</strong></span> <span class='ocrx_word' id='word_1_490' title='bbox 2228 2581 2538 2654; x_wconf 90' lang='lat' dir='ltr'><strong>Dominus,</strong></span> <span class='ocrx_word' id='word_1_491' title='bbox 2567 2586 2635 2641; x_wconf 91' lang='lat' dir='ltr'><strong>ut</strong></span> <span class='ocrx_word' id='word_1_492' title='bbox 2674 2582 2833 2641; x_wconf 86' lang='lat' dir='ltr'><strong>stetis</strong></span> <span class='ocrx_word' id='word_1_493' title='bbox 2879 2600 3083 2647; x_wconf 85' lang='lat' dir='ltr'><strong>coram</strong></span> <span class='ocrx_word' id='word_1_494' title='bbox 3127 2602 3199 2644; x_wconf 91' lang='lat' dir='ltr'><strong>eo</strong></span> <span class='ocrx_word' id='word_1_495' title='bbox 3220 2629 3239 2659; x_wconf 93' lang='lat'>‚</span> <span class='ocrx_word' id='word_1_496' title='bbox 3266 2589 3324 2645; x_wconf 89' lang='lat' dir='ltr'><strong>et</strong></span> <span class='ocrx_word' id='word_1_497' title='bbox 3362 2587 3561 2645; x_wconf 91' lang='lat' dir='ltr'><strong>minis-</strong></span> 
     </span>
     <span class='ocr_line' id='line_1_73' title="bbox 2010 2674 3563 2747; baseline 0.005 -16"><span class='ocrx_word' id='word_1_498' title='bbox 2010 2675 2172 2734; x_wconf 85' lang='lat' dir='ltr'><strong>tretis</strong></span> <span class='ocrx_word' id='word_1_499' title='bbox 2213 2674 2300 2733; x_wconf 91' lang='lat' dir='ltr'><strong>illi</strong></span> <span class='ocrx_word' id='word_1_500' title='bbox 2334 2718 2353 2747; x_wconf 87' lang='lat'><strong>,</strong></span> <span class='ocrx_word' id='word_1_501' title='bbox 2393 2675 2598 2734; x_wconf 85' lang='lat' dir='ltr'><strong>colatis</strong></span> <span class='ocrx_word' id='word_1_502' title='bbox 2637 2693 2774 2736; x_wconf 92' lang='lat' dir='ltr'><strong>eum</strong></span> <span class='ocrx_word' id='word_1_503' title='bbox 2818 2680 2877 2735; x_wconf 91' lang='lat' dir='ltr'><strong>et</strong></span> <span class='ocrx_word' id='word_1_504' title='bbox 2924 2678 3191 2737; x_wconf 83' lang='lat' dir='ltr'><strong>cremetis</strong></span> <span class='ocrx_word' id='word_1_505' title='bbox 3234 2678 3320 2738; x_wconf 87' lang='lat' dir='ltr'><strong>illi</strong></span> <span class='ocrx_word' id='word_1_506' title='bbox 3364 2679 3563 2738; x_wconf 89' lang='lat' dir='ltr'><strong>incen-</strong></span> 
     </span>
     <span class='ocr_line' id='line_1_74' title="bbox 2011 2769 3559 2849; baseline 0.005 -24"><span class='ocrx_word' id='word_1_507' title='bbox 2011 2784 2177 2841; x_wconf 84' lang='lat' dir='ltr'><strong>sum;</strong></span> <span class='ocrx_word' id='word_1_508' title='bbox 2208 2788 2237 2822; x_wconf 66' lang='grc' dir='ltr'><strong><em>ι</em></strong></span> <span class='ocrx_word' id='word_1_509' title='bbox 2265 2769 2371 2841; x_wconf 83' lang='lat' dir='ltr'><strong>ubi</strong></span> <span class='ocrx_word' id='word_1_510' title='bbox 2413 2772 2651 2829; x_wconf 89' lang='lat' dir='ltr'><strong>notatur</strong></span> <span class='ocrx_word' id='word_1_511' title='bbox 2693 2770 2977 2829; x_wconf 90' lang='lat' dir='ltr'><strong>Dominus</strong></span> <span class='ocrx_word' id='word_1_512' title='bbox 3025 2773 3519 2849; x_wconf 87' lang='lat' dir='ltr'><strong>contemplatione</strong></span> <span class='ocrx_word' id='word_1_513' title='bbox 3540 2816 3559 2846; x_wconf 89' lang='lat'>‚</span> 
     </span>
     <span class='ocr_line' id='line_1_75' title="bbox 2014 2861 2954 2934; baseline -0.001 -14"><span class='ocrx_word' id='word_1_514' title='bbox 2014 2862 2277 2934; x_wconf 89' lang='lat' dir='ltr'><strong>actione,</strong></span> <span class='ocrx_word' id='word_1_515' title='bbox 2310 2861 2626 2921; x_wconf 84' lang='lat' dir='ltr'><strong>devotione</strong></span> <span class='ocrx_word' id='word_1_516' title='bbox 2651 2862 2954 2923; x_wconf 90' lang='lat' dir='ltr'><strong>colendus.</strong></span> 
     </span>
    </p>
   </div>
   <div class='ocr_carea' id='block_1_12' title="bbox 2501 3022 3066 3094">
    <p class='ocr_par' dir='ltr' id='par_1_12' title="bbox 2501 3022 3066 3094">
     <span class='ocr_line' id='line_1_76' title="bbox 2501 3022 3066 3094; baseline 0.005 -18"><span class='ocrx_word' id='word_1_517' title='bbox 2501 3022 2785 3079; x_wconf 80' lang='lat' dir='ltr'><strong>Articulus</strong></span> <span class='ocrx_word' id='word_1_518' title='bbox 2821 3028 3066 3094; x_wconf 73' lang='lat' dir='ltr'><strong>quartus.</strong></span> 
     </span>
    </p>
   </div>
   <div class='ocr_carea' id='block_1_13' title="bbox 2013 3145 3571 4915">
    <p class='ocr_par' dir='ltr' id='par_1_13' title="bbox 2013 3145 3571 4915">
     <span class='ocr_line' id='line_1_77' title="bbox 2086 3145 3555 3220; baseline 0.003 -15"><span class='ocrx_word' id='word_1_519' title='bbox 2086 3150 2334 3218; x_wconf 82' lang='lat' dir='ltr'><strong>Quartus</strong></span> <span class='ocrx_word' id='word_1_520' title='bbox 2376 3145 2655 3204; x_wconf 88' lang='lat' dir='ltr'><strong>articulus</strong></span> <span class='ocrx_word' id='word_1_521' title='bbox 2701 3146 3014 3206; x_wconf 87' lang='lat' dir='ltr'><strong>denotatur</strong></span> <span class='ocrx_word' id='word_1_522' title='bbox 3041 3192 3062 3220; x_wconf 90' lang='lat'><strong>,</strong></span> <span class='ocrx_word' id='word_1_523' title='bbox 3113 3165 3248 3207; x_wconf 90' lang='lat' dir='ltr'><strong>cum</strong></span> <span class='ocrx_word' id='word_1_524' title='bbox 3296 3149 3509 3210; x_wconf 88' lang='lat' dir='ltr'><strong>dicitur</strong></span> <span class='ocrx_word' id='word_1_525' title='bbox 3542 3170 3555 3210; x_wconf 74' lang='grc' dir='ltr'><strong><em>τ</em></strong></span> 
     </span>
     <span class='ocr_line' id='line_1_78' title="bbox 2017 3240 3559 3318; baseline 0.005 -21"><span class='ocrx_word' id='word_1_526' title='bbox 2017 3244 2086 3299; x_wconf 78' lang='lat' dir='ltr'><strong>Et</strong></span> <span class='ocrx_word' id='word_1_527' title='bbox 2111 3243 2409 3298; x_wconf 75' lang='lat' dir='ltr'><strong>consolatus</strong></span> <span class='ocrx_word' id='word_1_528' title='bbox 2436 3257 2592 3310; x_wconf 67' lang='lat' dir='ltr'><strong>sunt;</strong></span> <span class='ocrx_word' id='word_1_529' title='bbox 2618 3255 2754 3300; x_wconf 88' lang='lat' dir='ltr'><strong>ecce</strong></span> <span class='ocrx_word' id='word_1_530' title='bbox 2781 3240 3167 3301; x_wconf 83' lang='lat' dir='ltr'><strong>victoriosum</strong></span> <span class='ocrx_word' id='word_1_531' title='bbox 3193 3244 3559 3318; x_wconf 89' lang='lat' dir='ltr'><strong>memoriale,</strong></span> 
     </span>
     <span class='ocr_line' id='line_1_79' title="bbox 2015 3333 3558 3412; baseline 0.003 -20"><span class='ocrx_word' id='word_1_532' title='bbox 2015 3334 2305 3409; x_wconf 87' lang='lat' dir='ltr'><strong>quoniam</strong></span> <span class='ocrx_word' id='word_1_533' title='bbox 2332 3350 2405 3390; x_wconf 87' lang='lat' dir='ltr'><strong>ex</strong></span> <span class='ocrx_word' id='word_1_534' title='bbox 2445 3333 2736 3392; x_wconf 88' lang='lat' dir='ltr'><strong>memoria</strong></span> <span class='ocrx_word' id='word_1_535' title='bbox 2778 3334 2997 3392; x_wconf 84' lang='lat' dir='ltr'><strong>divinae</strong></span> <span class='ocrx_word' id='word_1_536' title='bbox 3034 3336 3329 3411; x_wconf 68' lang='lat' dir='ltr'><strong>patientiae</strong></span> <span class='ocrx_word' id='word_1_537' title='bbox 3377 3355 3558 3412; x_wconf 85' lang='lat' dir='ltr'><strong>gene-</strong></span> 
     </span>
     <span class='ocr_line' id='line_1_80' title="bbox 2013 3427 3562 3503; baseline 0.003 -17"><span class='ocrx_word' id='word_1_538' title='bbox 2013 3432 2179 3486; x_wconf 88' lang='lat' dir='ltr'><strong>ratur</strong></span> <span class='ocrx_word' id='word_1_539' title='bbox 2214 3427 2463 3485; x_wconf 79' lang='lat' dir='ltr'><strong>victoria</strong></span> <span class='ocrx_word' id='word_1_540' title='bbox 2500 3431 2716 3485; x_wconf 81' lang='lat' dir='ltr'><strong>nostrae</strong></span> <span class='ocrx_word' id='word_1_541' title='bbox 2764 3429 3141 3503; x_wconf 61' lang='lat' dir='ltr'><strong>impatientiae</strong></span> <span class='ocrx_word' id='word_1_542' title='bbox 3160 3471 3181 3501; x_wconf 89' lang='lat'><strong>,</strong></span> <span class='ocrx_word' id='word_1_543' title='bbox 3211 3430 3358 3489; x_wconf 89' lang='lat' dir='ltr'><strong>dum</strong></span> <span class='ocrx_word' id='word_1_544' title='bbox 3402 3431 3562 3490; x_wconf 91' lang='lat' dir='ltr'><strong>illius</strong></span> 
     </span>
     <span class='ocr_line' id='line_1_81' title="bbox 2015 3522 3561 3601; baseline 0.005 -20"><span class='ocrx_word' id='word_1_545' title='bbox 2015 3523 2306 3581; x_wconf 88' lang='lat' dir='ltr'><strong>memoria</strong></span> <span class='ocrx_word' id='word_1_546' title='bbox 2331 3522 2510 3580; x_wconf 89' lang='lat' dir='ltr'><strong>nobis</strong></span> <span class='ocrx_word' id='word_1_547' title='bbox 2536 3525 2623 3579; x_wconf 89' lang='lat' dir='ltr'><strong>est</strong></span> <span class='ocrx_word' id='word_1_548' title='bbox 2649 3522 3063 3582; x_wconf 89' lang='lat' dir='ltr'><strong>consolatoria.</strong></span> <span class='ocrx_word' id='word_1_549' title='bbox 3095 3524 3196 3583; x_wconf 84' lang='lat' dir='ltr'><strong>Hic</strong></span> <span class='ocrx_word' id='word_1_550' title='bbox 3234 3533 3430 3601; x_wconf 90' lang='lat' dir='ltr'><strong>potest</strong></span> <span class='ocrx_word' id='word_1_551' title='bbox 3453 3546 3561 3588; x_wconf 93' lang='lat' dir='ltr'><strong>no-</strong></span> 
     </span>
     <span class='ocr_line' id='line_1_82' title="bbox 2014 3615 3564 3691; baseline 0.005 -16"><span class='ocrx_word' id='word_1_552' title='bbox 2014 3617 2159 3689; x_wconf 87' lang='lat' dir='ltr'><strong>tari,</strong></span> <span class='ocrx_word' id='word_1_553' title='bbox 2183 3615 2349 3691; x_wconf 92' lang='lat' dir='ltr'><strong>quod</strong></span> <span class='ocrx_word' id='word_1_554' title='bbox 2388 3615 2605 3674; x_wconf 83' lang='lat' dir='ltr'><strong>diversi</strong></span> <span class='ocrx_word' id='word_1_555' title='bbox 2655 3616 2932 3675; x_wconf 91' lang='lat' dir='ltr'><strong>dicuntur</strong></span> <span class='ocrx_word' id='word_1_556' title='bbox 2985 3619 3383 3681; x_wconf 83' lang='lat' dir='ltr'><strong>diversimode</strong></span> <span class='ocrx_word' id='word_1_557' title='bbox 3424 3640 3564 3682; x_wconf 92' lang='lat' dir='ltr'><strong>con-</strong></span> 
     </span>
     <span class='ocr_line' id='line_1_83' title="bbox 2018 3708 3562 3791; baseline 0.005 -25"><span class='ocrx_word' id='word_1_558' title='bbox 2018 3708 2199 3768; x_wconf 88' lang='lat' dir='ltr'><strong>solari</strong></span> <span class='ocrx_word' id='word_1_559' title='bbox 2222 3728 2236 3766; x_wconf 89' lang='grc'>;</span> <span class='ocrx_word' id='word_1_560' title='bbox 2259 3708 2427 3768; x_wconf 87' lang='lat' dir='ltr'><strong>aliter</strong></span> <span class='ocrx_word' id='word_1_561' title='bbox 2447 3709 2607 3768; x_wconf 89' lang='lat' dir='ltr'><strong>enim</strong></span> <span class='ocrx_word' id='word_1_562' title='bbox 2626 3711 2921 3770; x_wconf 89' lang='lat' dir='ltr'><strong>consolari</strong></span> <span class='ocrx_word' id='word_1_563' title='bbox 2947 3712 3222 3772; x_wconf 90' lang='lat' dir='ltr'><strong>dicuntur</strong></span> <span class='ocrx_word' id='word_1_564' title='bbox 3245 3716 3562 3791; x_wconf 85' lang='lat' dir='ltr'><strong>patientes3</strong></span> 
     </span>
     <span class='ocr_line' id='line_1_84' title="bbox 2017 3803 3567 3884; baseline 0.005 -23"><span class='ocrx_word' id='word_1_565' title='bbox 2017 3803 2209 3875; x_wconf 89' lang='lat' dir='ltr'><strong>aliter,</strong></span> <span class='ocrx_word' id='word_1_566' title='bbox 2248 3803 2706 3879; x_wconf 84' lang='lat' dir='ltr'><strong>compatientes;</strong></span> <span class='ocrx_word' id='word_1_567' title='bbox 2742 3804 2931 3876; x_wconf 89' lang='lat' dir='ltr'><strong>aliter,</strong></span> <span class='ocrx_word' id='word_1_568' title='bbox 2951 3805 3363 3884; x_wconf 88' lang='lat' dir='ltr'><strong>impatientes.</strong></span> <span class='ocrx_word' id='word_1_569' title='bbox 3390 3811 3567 3868; x_wconf 90' lang='lat' dir='ltr'><strong>Primi</strong></span> 
     </span>
     <span class='ocr_line' id='line_1_85' title="bbox 2018 3896 3568 3971; baseline 0.006 -18"><span class='ocrx_word' id='word_1_570' title='bbox 2018 3912 2278 3971; x_wconf 90' lang='lat' dir='ltr'><strong>namque</strong></span> <span class='ocrx_word' id='word_1_571' title='bbox 2302 3896 2581 3955; x_wconf 90' lang='lat' dir='ltr'><strong>dicuntur</strong></span> <span class='ocrx_word' id='word_1_572' title='bbox 2605 3898 2899 3956; x_wconf 89' lang='lat' dir='ltr'><strong>consolari</strong></span> <span class='ocrx_word' id='word_1_573' title='bbox 2929 3900 3399 3961; x_wconf 89' lang='lat' dir='ltr'><strong>consideratione</strong></span> <span class='ocrx_word' id='word_1_574' title='bbox 3428 3904 3568 3963; x_wconf 88' lang='lat' dir='ltr'><strong>alie·</strong></span> 
     </span>
     <span class='ocr_line' id='line_1_86' title="bbox 2019 3990 3569 4066; baseline 0.004 -16"><span class='ocrx_word' id='word_1_575' title='bbox 2019 4008 2110 4050; x_wconf 83' lang='lat' dir='ltr'><strong>nae</strong></span> <span class='ocrx_word' id='word_1_576' title='bbox 2149 3990 2485 4066; x_wconf 84' lang='lat' dir='ltr'><strong>patientiae3</strong></span> <span class='ocrx_word' id='word_1_577' title='bbox 2515 3992 2793 4064; x_wconf 89' lang='lat' dir='ltr'><strong>secundi,</strong></span> <span class='ocrx_word' id='word_1_578' title='bbox 2840 3993 3313 4055; x_wconf 90' lang='lat' dir='ltr'><strong>consideratione</strong></span> <span class='ocrx_word' id='word_1_579' title='bbox 3360 3997 3569 4057; x_wconf 68' lang='lat' dir='ltr'><strong>alienae</strong></span> 
     </span>
     <span class='ocr_line' id='line_1_87' title="bbox 2020 4083 3568 4157; baseline 0.005 -15"><span class='ocrx_word' id='word_1_580' title='bbox 2020 4083 2472 4157; x_wconf 79' lang='lat' dir='ltr'><strong>misericordioe3</strong></span> <span class='ocrx_word' id='word_1_581' title='bbox 2498 4083 2684 4156; x_wconf 86' lang='lat' dir='ltr'><strong>tertii,</strong></span> <span class='ocrx_word' id='word_1_582' title='bbox 2717 4085 3190 4146; x_wconf 90' lang='lat' dir='ltr'><strong>consideratione</strong></span> <span class='ocrx_word' id='word_1_583' title='bbox 3221 4089 3430 4149; x_wconf 83' lang='lat' dir='ltr'><strong>alienae</strong></span> <span class='ocrx_word' id='word_1_584' title='bbox 3455 4093 3568 4150; x_wconf 91' lang='lat' dir='ltr'><strong>mi-</strong></span> 
     </span>
     <span class='ocr_line' id='line_1_88' title="bbox 2020 4177 3570 4253; baseline 0.005 -18"><span class='ocrx_word' id='word_1_585' title='bbox 2020 4177 2207 4235; x_wconf 84' lang='lat' dir='ltr'><strong>seriae.</strong></span> <span class='ocrx_word' id='word_1_586' title='bbox 2236 4178 2432 4236; x_wconf 89' lang='lat' dir='ltr'><strong>Prima</strong></span> <span class='ocrx_word' id='word_1_587' title='bbox 2459 4178 2783 4236; x_wconf 90' lang='lat' dir='ltr'><strong>consolatio</strong></span> <span class='ocrx_word' id='word_1_588' title='bbox 2822 4183 2986 4253; x_wconf 90' lang='lat' dir='ltr'><strong>patet</strong></span> <span class='ocrx_word' id='word_1_589' title='bbox 3006 4180 3048 4217; x_wconf 89' lang='lat'><strong>¹⁰</strong></span> <span class='ocrx_word' id='word_1_590' title='bbox 3075 4198 3090 4238; x_wconf 73' lang='grc' dir='ltr'><strong>ε</strong></span> <span class='ocrx_word' id='word_1_591' title='bbox 3127 4201 3156 4236; x_wconf 75' lang='grc' dir='ltr'><strong>α</strong></span> <span class='ocrx_word' id='word_1_592' title='bbox 3184 4184 3442 4242; x_wconf 84' lang='lat' dir='ltr'><strong>cessavit</strong></span> <span class='ocrx_word' id='word_1_593' title='bbox 3464 4202 3570 4244; x_wconf 84' lang='lat' dir='ltr'><strong>rex</strong></span> 
     </span>
     <span class='ocr_line' id='line_1_89' title="bbox 2020 4271 3570 4348; baseline 0.006 -20"><span class='ocrx_word' id='word_1_594' title='bbox 2020 4271 2211 4330; x_wconf 85' lang='lat' dir='ltr'><strong>David</strong></span> <span class='ocrx_word' id='word_1_595' title='bbox 2255 4271 2532 4346; x_wconf 87' lang='lat' dir='ltr'><strong>persequi</strong></span> <span class='ocrx_word' id='word_1_596' title='bbox 2578 4272 2868 4343; x_wconf 84' lang='lat' dir='ltr'><strong>Absalon,</strong></span> <span class='ocrx_word' id='word_1_597' title='bbox 2899 4289 2971 4332; x_wconf 91' lang='lat' dir='ltr'><strong>eo</strong></span> <span class='ocrx_word' id='word_1_598' title='bbox 3016 4275 3183 4348; x_wconf 91' lang='lat' dir='ltr'><strong>quod</strong></span> <span class='ocrx_word' id='word_1_599' title='bbox 3232 4279 3570 4337; x_wconf 88' lang='lat' dir='ltr'><strong>consolatus</strong></span> 
     </span>
     <span class='ocr_line' id='line_1_90' title="bbox 2022 4365 3568 4439; baseline 0.006 -16"><span class='ocrx_word' id='word_1_600' title='bbox 2022 4368 2173 4423; x_wconf 88' lang='lat' dir='ltr'><strong>esset</strong></span> <span class='ocrx_word' id='word_1_601' title='bbox 2199 4381 2376 4439; x_wconf 85' lang='lat' dir='ltr'><strong>super</strong></span> <span class='ocrx_word' id='word_1_602' title='bbox 2402 4370 2657 4423; x_wconf 82' lang='lat' dir='ltr'><strong>Ammon</strong></span> <span class='ocrx_word' id='word_1_603' title='bbox 2684 4365 2919 4425; x_wconf 88' lang='lat' dir='ltr'><strong>interitu</strong></span> <span class='ocrx_word' id='word_1_604' title='bbox 2949 4385 2964 4425; x_wconf 72' lang='grc' dir='ltr'><strong><em>ε</em></strong></span> <span class='ocrx_word' id='word_1_605' title='bbox 2996 4388 3023 4423; x_wconf 74' lang='grc' dir='ltr'><strong>ιο</strong></span> <span class='ocrx_word' id='word_1_606' title='bbox 3058 4385 3194 4428; x_wconf 88' lang='lat' dir='ltr'><strong>ecce</strong></span> <span class='ocrx_word' id='word_1_607' title='bbox 3244 4373 3568 4433; x_wconf 86' lang='lat' dir='ltr'><strong>consolatio</strong></span> 
     </span>
     <span class='ocr_line' id='line_1_91' title="bbox 2018 4458 3570 4536; baseline 0.005 -19"><span class='ocrx_word' id='word_1_608' title='bbox 2018 4460 2334 4536; x_wconf 61' lang='lat' dir='ltr'><strong>patientiae.</strong></span> <span class='ocrx_word' id='word_1_609' title='bbox 2382 4458 2652 4516; x_wconf 89' lang='lat' dir='ltr'><strong>Secunda</strong></span> <span class='ocrx_word' id='word_1_610' title='bbox 2680 4459 3008 4519; x_wconf 89' lang='lat' dir='ltr'><strong>consolatio</strong></span> <span class='ocrx_word' id='word_1_611' title='bbox 3043 4460 3232 4534; x_wconf 86' lang='lat' dir='ltr'><strong>liquet</strong></span> <span class='ocrx_word' id='word_1_612' title='bbox 3258 4464 3299 4501; x_wconf 85' lang='lat'><strong>¹¹</strong></span> <span class='ocrx_word' id='word_1_613' title='bbox 3334 4484 3350 4522; x_wconf 90' lang='lat'>:</span> <span class='ocrx_word' id='word_1_614' title='bbox 3386 4486 3417 4522; x_wconf 69' lang='grc' dir='ltr'><strong>α</strong></span> <span class='ocrx_word' id='word_1_615' title='bbox 3454 4467 3570 4524; x_wconf 83' lang='lat' dir='ltr'><strong>Ad-</strong></span> 
     </span>
     <span class='ocr_line' id='line_1_92' title="bbox 2023 4552 3571 4626; baseline 0.005 -15"><span class='ocrx_word' id='word_1_616' title='bbox 2023 4552 2321 4612; x_wconf 88' lang='lat' dir='ltr'><strong>duxerunt</strong></span> <span class='ocrx_word' id='word_1_617' title='bbox 2358 4568 2614 4626; x_wconf 88' lang='lat' dir='ltr'><strong>puerum</strong></span> <span class='ocrx_word' id='word_1_618' title='bbox 2649 4552 2972 4626; x_wconf 85' lang='lat' dir='ltr'><strong>viventem,</strong></span> <span class='ocrx_word' id='word_1_619' title='bbox 3008 4558 3066 4612; x_wconf 90' lang='lat' dir='ltr'><strong>et</strong></span> <span class='ocrx_word' id='word_1_620' title='bbox 3107 4558 3396 4616; x_wconf 89' lang='lat' dir='ltr'><strong>consolati</strong></span> <span class='ocrx_word' id='word_1_621' title='bbox 3436 4567 3571 4620; x_wconf 89' lang='lat' dir='ltr'><strong>sunt</strong></span> 
     </span>
     <span class='ocr_line' id='line_1_93' title="bbox 2022 4645 3566 4726; baseline 0.006 -22"><span class='ocrx_word' id='word_1_622' title='bbox 2022 4662 2148 4704; x_wconf 93' lang='lat' dir='ltr'><strong>non</strong></span> <span class='ocrx_word' id='word_1_623' title='bbox 2191 4645 2437 4703; x_wconf 91' lang='lat' dir='ltr'><strong>minime</strong></span> <span class='ocrx_word' id='word_1_624' title='bbox 2472 4664 2544 4702; x_wconf 77' lang='lat' dir='ltr'><strong>x»</strong></span> <span class='ocrx_word' id='word_1_625' title='bbox 2578 4662 2712 4704; x_wconf 91' lang='lat' dir='ltr'><strong>ecce</strong></span> <span class='ocrx_word' id='word_1_626' title='bbox 2750 4647 3078 4706; x_wconf 88' lang='lat' dir='ltr'><strong>consolatio</strong></span> <span class='ocrx_word' id='word_1_627' title='bbox 3122 4652 3566 4726; x_wconf 61' lang='lat' dir='ltr'><strong>compatientiae.</strong></span> 
     </span>
     <span class='ocr_line' id='line_1_94' title="bbox 2025 4738 3567 4822; baseline 0.005 -24"><span class='ocrx_word' id='word_1_628' title='bbox 2025 4740 2215 4798; x_wconf 89' lang='lat' dir='ltr'><strong>Tertia</strong></span> <span class='ocrx_word' id='word_1_629' title='bbox 2242 4738 2572 4796; x_wconf 90' lang='lat' dir='ltr'><strong>consolatio</strong></span> <span class='ocrx_word' id='word_1_630' title='bbox 2602 4739 2783 4797; x_wconf 82' lang='lat' dir='ltr'><strong>claret</strong></span> <span class='ocrx_word' id='word_1_631' title='bbox 2810 4741 2853 4778; x_wconf 84' lang='lat'><strong>¹²</strong></span> <span class='ocrx_word' id='word_1_632' title='bbox 2886 4758 2900 4798; x_wconf 90' lang='lat'><strong>:</strong></span> <span class='ocrx_word' id='word_1_633' title='bbox 2936 4761 2965 4795; x_wconf 75' lang='grc' dir='ltr'><strong>α</strong></span> <span class='ocrx_word' id='word_1_634' title='bbox 2994 4742 3149 4800; x_wconf 88' lang='lat' dir='ltr'><strong>Vidit</strong></span> <span class='ocrx_word' id='word_1_635' title='bbox 3175 4759 3279 4802; x_wconf 91' lang='lat' dir='ltr'><strong>eos</strong></span> <span class='ocrx_word' id='word_1_636' title='bbox 3302 4746 3528 4806; x_wconf 88' lang='lat' dir='ltr'><strong>Pharao</strong></span> <span class='ocrx_word' id='word_1_637' title='bbox 3549 4793 3567 4822; x_wconf 94' lang='lat'><strong>,</strong></span> 
     </span>
     <span class='ocr_line' id='line_1_95' title="bbox 2028 4833 3570 4915; baseline 0.004 -23"><span class='ocrx_word' id='word_1_638' title='bbox 2028 4838 2086 4892; x_wconf 90' lang='lat' dir='ltr'><strong>et</strong></span> <span class='ocrx_word' id='word_1_639' title='bbox 2126 4833 2465 4890; x_wconf 90' lang='lat' dir='ltr'><strong>consolatus</strong></span> <span class='ocrx_word' id='word_1_640' title='bbox 2491 4834 2579 4889; x_wconf 88' lang='lat' dir='ltr'><strong>est</strong></span> <span class='ocrx_word' id='word_1_641' title='bbox 2621 4846 2800 4906; x_wconf 89' lang='lat' dir='ltr'><strong>super</strong></span> <span class='ocrx_word' id='word_1_642' title='bbox 2844 4834 3122 4892; x_wconf 81' lang='lat' dir='ltr'><strong>universa</strong></span> <span class='ocrx_word' id='word_1_643' title='bbox 3154 4837 3529 4900; x_wconf 87' lang='lat' dir='ltr'><strong>multitudine</strong></span> <span class='ocrx_word' id='word_1_644' title='bbox 3551 4885 3570 4915; x_wconf 87' lang='lat'><strong>,</strong></span> 
     </span>
    </p>
   </div>
   <div class='ocr_carea' id='block_1_14' title="bbox 2027 4925 3571 5095">
    <p class='ocr_par' dir='ltr' id='par_1_14' title="bbox 2027 4925 3571 5095">
     <span class='ocr_line' id='line_1_96' title="bbox 2027 4925 3571 5002; baseline 0.006 -18"><span class='ocrx_word' id='word_1_645' title='bbox 2027 4943 2166 5002; x_wconf 82' lang='lat' dir='ltr'><strong>quae</strong></span> <span class='ocrx_word' id='word_1_646' title='bbox 2211 4925 2512 4984; x_wconf 86' lang='lat' dir='ltr'><strong>interfecta</strong></span> <span class='ocrx_word' id='word_1_647' title='bbox 2559 4928 2646 4982; x_wconf 89' lang='lat' dir='ltr'><strong>est</strong></span> <span class='ocrx_word' id='word_1_648' title='bbox 2691 4925 2894 4998; x_wconf 83' lang='lat' dir='ltr'><strong>gladio</strong></span> <span class='ocrx_word' id='word_1_649' title='bbox 2946 4946 2960 4984; x_wconf 74' lang='grc' dir='ltr'>ε</span> <span class='ocrx_word' id='word_1_650' title='bbox 2999 4948 3028 4983; x_wconf 66' lang='lat'><strong>&gt;³</strong></span> <span class='ocrx_word' id='word_1_651' title='bbox 3070 4944 3204 4988; x_wconf 91' lang='lat' dir='ltr'><strong>ecce</strong></span> <span class='ocrx_word' id='word_1_652' title='bbox 3245 4934 3571 4995; x_wconf 90' lang='lat' dir='ltr'><strong>consolatio</strong></span> 
     </span>
     <span class='ocr_line' id='line_1_97' title="bbox 2029 5018 2424 5095; baseline -0.008 -17"><span class='ocrx_word' id='word_1_653' title='bbox 2029 5018 2424 5095; x_wconf 84' lang='lat' dir='ltr'><strong>impatientiae.</strong></span> 
     </span>
    </p>
   </div>
   <div class='ocr_carea' id='block_1_15' title="bbox 2029 5188 3581 5470">
    <p class='ocr_par' dir='ltr' id='par_1_15' title="bbox 2029 5188 3581 5470">
     <span class='ocr_line' id='line_1_98' title="bbox 2029 5188 3573 5267; baseline 0.006 -27"><span class='ocrx_word' id='word_1_654' title='bbox 2029 5193 2081 5240; x_wconf 84' lang='grc'><strong>6.</strong></span> <span class='ocrx_word' id='word_1_655' title='bbox 2111 5217 2171 5229; x_wconf 92' lang='lat'><strong>—-</strong></span> <span class='ocrx_word' id='word_1_656' title='bbox 2197 5191 2215 5221; x_wconf 85' lang='lat'><strong>⁴</strong></span> <span class='ocrx_word' id='word_1_657' title='bbox 2245 5188 2384 5240; x_wconf 81' lang='lat' dir='ltr'><strong>Psal.</strong></span> <span class='ocrx_word' id='word_1_658' title='bbox 2414 5199 2542 5252; x_wconf 72' lang='lat' dir='ltr'><strong>reu,</strong></span> <span class='ocrx_word' id='word_1_659' title='bbox 2571 5191 2620 5240; x_wconf 81' lang='lat'><strong>2.</strong></span> <span class='ocrx_word' id='word_1_660' title='bbox 2651 5215 2712 5228; x_wconf 89' lang='lat'>-</span> <span class='ocrx_word' id='word_1_661' title='bbox 2733 5192 2752 5221; x_wconf 78' lang='lat'>⁵</span> <span class='ocrx_word' id='word_1_662' title='bbox 2784 5189 2927 5254; x_wconf 71' lang='lat' dir='ltr'><strong>Gen„</strong></span> <span class='ocrx_word' id='word_1_663' title='bbox 2951 5203 3024 5256; x_wconf 77' lang='lat' dir='ltr'><strong>vr,</strong></span> <span class='ocrx_word' id='word_1_664' title='bbox 3052 5194 3101 5244; x_wconf 69' lang='lat'><strong>4.</strong></span> <span class='ocrx_word' id='word_1_665' title='bbox 3125 5217 3188 5230; x_wconf 92' lang='lat'>-</span> <span class='ocrx_word' id='word_1_666' title='bbox 3218 5196 3238 5227; x_wconf 78' lang='lat'>⁸</span> <span class='ocrx_word' id='word_1_667' title='bbox 3262 5197 3400 5249; x_wconf 75' lang='lat' dir='ltr'><strong>Psal.</strong></span> <span class='ocrx_word' id='word_1_668' title='bbox 3428 5211 3573 5267; x_wconf 76' lang='lat' dir='ltr'><strong>xxlv,</strong></span> 
     </span>
     <span class='ocr_line' id='line_1_99' title="bbox 2029 5261 3577 5336; baseline 0.012 -29"><span class='ocrx_word' id='word_1_669' title='bbox 2029 5266 2083 5317; x_wconf 79' lang='lat'><strong>6.</strong></span> <span class='ocrx_word' id='word_1_670' title='bbox 2121 5289 2184 5306; x_wconf 74' lang='grc'><strong>.-</strong></span> <span class='ocrx_word' id='word_1_671' title='bbox 2219 5263 2242 5298; x_wconf 82' lang='lat'><strong>&#39;¹</strong></span> <span class='ocrx_word' id='word_1_672' title='bbox 2280 5261 2322 5311; x_wconf 84' lang='lat'><strong>11</strong></span> <span class='ocrx_word' id='word_1_673' title='bbox 2364 5262 2616 5326; x_wconf 63' lang='lat' dir='ltr'><strong>Paratip„</strong></span> <span class='ocrx_word' id='word_1_674' title='bbox 2657 5273 2841 5327; x_wconf 76' lang='lat' dir='ltr'><strong>xxxxv,</strong></span> <span class='ocrx_word' id='word_1_675' title='bbox 2870 5265 2950 5314; x_wconf 76' lang='lat'><strong>27.</strong></span> <span class='ocrx_word' id='word_1_676' title='bbox 2989 5291 3046 5302; x_wconf 89' lang='lat'>-</span> <span class='ocrx_word' id='word_1_677' title='bbox 3081 5265 3104 5300; x_wconf 88' lang='lat'>⁸</span> <span class='ocrx_word' id='word_1_678' title='bbox 3136 5267 3271 5332; x_wconf 78' lang='lat' dir='ltr'><strong>Act..</strong></span> <span class='ocrx_word' id='word_1_679' title='bbox 3314 5281 3402 5336; x_wconf 82' lang='lat' dir='ltr'><strong>lx,</strong></span> <span class='ocrx_word' id='word_1_680' title='bbox 3442 5275 3490 5324; x_wconf 88' lang='grc'><strong>6.</strong></span> <span class='ocrx_word' id='word_1_681' title='bbox 3517 5300 3577 5311; x_wconf 91' lang='grc'><strong>-</strong></span> 
     </span>
     <span class='ocr_line' id='line_1_100' title="bbox 2030 5333 3581 5406; baseline 0.007 -21"><span class='ocrx_word' id='word_1_682' title='bbox 2030 5337 2051 5366; x_wconf 78' lang='lat'>⁹</span> <span class='ocrx_word' id='word_1_683' title='bbox 2084 5335 2127 5385; x_wconf 89' lang='lat'><strong>11</strong></span> <span class='ocrx_word' id='word_1_684' title='bbox 2164 5333 2411 5397; x_wconf 67' lang='lat' dir='ltr'><strong>paralip„</strong></span> <span class='ocrx_word' id='word_1_685' title='bbox 2456 5343 2615 5395; x_wconf 83' lang='grc' dir='ltr'><strong><em>ιιιι,</em></strong></span> <span class='ocrx_word' id='word_1_686' title='bbox 2655 5335 2734 5383; x_wconf 79' lang='lat'><strong>1¹.</strong></span> <span class='ocrx_word' id='word_1_687' title='bbox 2781 5360 2837 5371; x_wconf 88' lang='lat'>-</span> <span class='ocrx_word' id='word_1_688' title='bbox 2885 5335 2927 5371; x_wconf 85' lang='lat'><strong>¹·</strong></span> <span class='ocrx_word' id='word_1_689' title='bbox 2974 5336 3013 5385; x_wconf 90' lang='grc' dir='ltr'><strong>ΙΙ</strong></span> <span class='ocrx_word' id='word_1_690' title='bbox 3054 5337 3191 5403; x_wconf 68' lang='lat' dir='ltr'><strong>Req„</strong></span> <span class='ocrx_word' id='word_1_691' title='bbox 3232 5353 3363 5406; x_wconf 83' lang='lat' dir='ltr'><strong>xm,</strong></span> <span class='ocrx_word' id='word_1_692' title='bbox 3411 5346 3488 5394; x_wconf 79' lang='grc'><strong>39.</strong></span> <span class='ocrx_word' id='word_1_693' title='bbox 3517 5372 3581 5384; x_wconf 88' lang='grc'><strong>-</strong></span> 
     </span>
     <span class='ocr_line' id='line_1_101' title="bbox 2035 5403 3146 5470; baseline 0.003 -14"><span class='ocrx_word' id='word_1_694' title='bbox 2035 5409 2065 5439; x_wconf 81' lang='lat'><strong>¹¹</strong></span> <span class='ocrx_word' id='word_1_695' title='bbox 2096 5406 2229 5466; x_wconf 73' lang='lat' dir='ltr'><strong>Act„</strong></span> <span class='ocrx_word' id='word_1_696' title='bbox 2258 5415 2348 5466; x_wconf 85' lang='lat' dir='ltr'><strong>xx,</strong></span> <span class='ocrx_word' id='word_1_697' title='bbox 2385 5406 2460 5454; x_wconf 78' lang='lat'><strong>¹2.</strong></span> <span class='ocrx_word' id='word_1_698' title='bbox 2481 5428 2544 5442; x_wconf 91' lang='lat'>—</span> <span class='ocrx_word' id='word_1_699' title='bbox 2579 5403 2615 5434; x_wconf 87' lang='lat'><strong>¹²</strong></span> <span class='ocrx_word' id='word_1_700' title='bbox 2640 5404 2843 5468; x_wconf 69' lang='lat' dir='ltr'><strong>Enoch„</strong></span> <span class='ocrx_word' id='word_1_701' title='bbox 2874 5417 3042 5470; x_wconf 82' lang='lat' dir='ltr'><strong>xxxn,</strong></span> <span class='ocrx_word' id='word_1_702' title='bbox 3066 5411 3146 5459; x_wconf 84' lang='lat'><strong>31.</strong></span> 
     </span>
    </p>
   </div>
  </div>
 </body>
</html>
