<?xml version="1.0" encoding="UTF-8"?>
<!DOCTYPE html PUBLIC "-//W3C//DTD XHTML 1.0 Transitional//EN"
    "http://www.w3.org/TR/xhtml1/DTD/xhtml1-transitional.dtd">
<html xmlns="http://www.w3.org/1999/xhtml" xml:lang="en" lang="en">
 <head>
  <title>
</title>
<meta http-equiv="Content-Type" content="text/html;charset=utf-8" />
  <meta name='ocr-system' content='tesseract 3.04.00' />
  <meta name='ocr-capabilities' content='ocr_page ocr_carea ocr_par ocr_line ocrx_word'/>
</head>
<body>
  <div class='ocr_page' id='page_1' title='image "./srecardinalissb00cargoog_0051.png"; bbox 0 0 4196 6294; ppageno 0'>
   <div class='ocr_carea' id='block_1_1' title="bbox 163 628 324 926">
    <p class='ocr_par' dir='ltr' id='par_1_1' title="bbox 163 628 324 738">
     <span class='ocr_line' id='line_1_1' title="bbox 195 628 306 672; baseline -0.009 0"><span class='ocrx_word' id='word_1_1' title='bbox 195 628 306 672; x_wconf 72' lang='lat' dir='ltr'><strong>eatin-</strong></span> 
     </span>
     <span class='ocr_line' id='line_1_2' title="bbox 163 695 324 738; baseline 0 0"><span class='ocrx_word' id='word_1_2' title='bbox 163 708 237 738; x_wconf 79' lang='lat' dir='ltr'><strong>rum</strong></span> <span class='ocrx_word' id='word_1_3' title='bbox 253 695 324 738; x_wconf 67' lang='grc' dir='ltr'><strong>σή·</strong></span> 
     </span>
    </p>

    <p class='ocr_par' dir='ltr' id='par_1_2' title="bbox 181 763 293 813">
     <span class='ocr_line' id='line_1_3' title="bbox 181 763 293 813; baseline 0.009 -12"><span class='ocrx_word' id='word_1_4' title='bbox 181 771 226 813; x_wconf 70' lang='lat' dir='ltr'><strong>go</strong></span> <span class='ocrx_word' id='word_1_5' title='bbox 238 763 293 802; x_wconf 70' lang='lat' dir='ltr'><strong>ost</strong></span> 
     </span>
    </p>

    <p class='ocr_par' dir='ltr' id='par_1_3' title="bbox 163 820 305 926">
     <span class='ocr_line' id='line_1_4' title="bbox 188 820 305 863; baseline 0.009 -1"><span class='ocrx_word' id='word_1_6' title='bbox 188 820 305 863; x_wconf 71' lang='lat' dir='ltr'><strong>Chrit-</strong></span> 
     </span>
     <span class='ocr_line' id='line_1_5' title="bbox 163 886 229 926; baseline -0.015 0"><span class='ocrx_word' id='word_1_7' title='bbox 163 886 229 926; x_wconf 69' lang='lat' dir='ltr'><strong>tm.</strong></span> 
     </span>
    </p>
   </div>
   <div class='ocr_carea' id='block_1_2' title="bbox 1367 468 2489 539">
    <p class='ocr_par' dir='ltr' id='par_1_4' title="bbox 1367 468 2489 539">
     <span class='ocr_line' id='line_1_6' title="bbox 1367 468 2489 539; baseline 0.001 -1"><span class='ocrx_word' id='word_1_8' title='bbox 1367 471 1449 538; x_wconf 90' lang='lat' dir='ltr'><strong>IN</strong></span> <span class='ocrx_word' id='word_1_9' title='bbox 1482 468 2058 538; x_wconf 85' lang='lat' dir='ltr'><strong>HEXAEMERON.</strong></span> <span class='ocrx_word' id='word_1_10' title='bbox 2103 468 2365 539; x_wconf 84' lang='lat' dir='ltr'><strong>SERMO</strong></span> <span class='ocrx_word' id='word_1_11' title='bbox 2408 471 2489 538; x_wconf 91' lang='grc' dir='ltr'><strong>ΙΙ.</strong></span> 
     </span>
    </p>
   </div>
   <div class='ocr_carea' id='block_1_3' title="bbox 328 604 1875 5224">
    <p class='ocr_par' dir='ltr' id='par_1_5' title="bbox 331 604 1875 2628">
     <span class='ocr_line' id='line_1_7' title="bbox 348 604 1871 689; baseline -0.001 -15"><span class='ocrx_word' id='word_1_12' title='bbox 348 625 510 674; x_wconf 89' lang='lat' dir='ltr'><strong>suum</strong></span> <span class='ocrx_word' id='word_1_13' title='bbox 532 605 861 689; x_wconf 78' lang='lat' dir='ltr'>originale</span> <span class='ocrx_word' id='word_1_14' title='bbox 899 604 1303 689; x_wconf 92' lang='lat' dir='ltr'><strong>principium.</strong></span> <span class='ocrx_word' id='word_1_15' title='bbox 1336 605 1514 672; x_wconf 88' lang='lat' dir='ltr'><strong>Hanc</strong></span> <span class='ocrx_word' id='word_1_16' title='bbox 1550 606 1871 672; x_wconf 80' lang='lat' dir='ltr'>reversio-</span> 
     </span>
     <span class='ocr_line' id='line_1_8' title="bbox 347 714 1868 800; baseline -0.003 -16"><span class='ocrx_word' id='word_1_17' title='bbox 347 738 469 784; x_wconf 87' lang='lat' dir='ltr'><strong>nem</strong></span> <span class='ocrx_word' id='word_1_18' title='bbox 495 720 555 783; x_wconf 87' lang='lat' dir='ltr'><strong>et</strong></span> <span class='ocrx_word' id='word_1_19' title='bbox 578 714 1104 800; x_wconf 85' lang='lat' dir='ltr'><strong>conjunctionem</strong></span> <span class='ocrx_word' id='word_1_20' title='bbox 1134 718 1469 780; x_wconf 85' lang='lat' dir='ltr'><strong>conservat</strong></span> <span class='ocrx_word' id='word_1_21' title='bbox 1494 716 1827 780; x_wconf 80' lang='lat' dir='ltr'><strong>humilitas</strong></span> <span class='ocrx_word' id='word_1_22' title='bbox 1851 764 1868 795; x_wconf 89' lang='lat'>‚</span> 
     </span>
     <span class='ocr_line' id='line_1_9' title="bbox 346 811 1875 907; baseline -0.003 -15"><span class='ocrx_word' id='word_1_23' title='bbox 346 832 398 892; x_wconf 86' lang='lat' dir='ltr'><strong>et</strong></span> <span class='ocrx_word' id='word_1_24' title='bbox 418 825 692 892; x_wconf 89' lang='lat' dir='ltr'><strong>dissolvit</strong></span> <span class='ocrx_word' id='word_1_25' title='bbox 721 811 1053 907; x_wconf 86' lang='lat' dir='ltr'><strong>superbia,</strong></span> <span class='ocrx_word' id='word_1_26' title='bbox 1088 821 1240 906; x_wconf 87' lang='lat' dir='ltr'><strong>quia</strong></span> <span class='ocrx_word' id='word_1_27' title='bbox 1265 824 1286 860; x_wconf 82' lang='lat'>¹</span> <span class='ocrx_word' id='word_1_28' title='bbox 1328 846 1359 884; x_wconf 76' lang='grc' dir='ltr'><strong>α</strong></span> <span class='ocrx_word' id='word_1_29' title='bbox 1385 823 1554 888; x_wconf 89' lang='lat' dir='ltr'><strong>Deus</strong></span> <span class='ocrx_word' id='word_1_30' title='bbox 1581 824 1875 907; x_wconf 88' lang='lat' dir='ltr'><strong>superbis</strong></span> 
     </span>
     <span class='ocr_line' id='line_1_10' title="bbox 345 929 1864 1014; baseline -0.003 -15"><span class='ocrx_word' id='word_1_31' title='bbox 345 935 599 1014; x_wconf 87' lang='lat' dir='ltr'><strong>resistit,</strong></span> <span class='ocrx_word' id='word_1_32' title='bbox 643 931 1015 997; x_wconf 86' lang='lat' dir='ltr'><strong>humilibus</strong></span> <span class='ocrx_word' id='word_1_33' title='bbox 1064 934 1280 994; x_wconf 87' lang='lat' dir='ltr'><strong>autem</strong></span> <span class='ocrx_word' id='word_1_34' title='bbox 1347 929 1454 995; x_wconf 89' lang='lat' dir='ltr'><strong>dat</strong></span> <span class='ocrx_word' id='word_1_35' title='bbox 1506 932 1802 1014; x_wconf 82' lang='lat' dir='ltr'><strong>gratiam.</strong></span> <span class='ocrx_word' id='word_1_36' title='bbox 1832 955 1864 995; x_wconf 72' lang='lat' dir='ltr'><strong>x&gt;</strong></span> 
     </span>
     <span class='ocr_line' id='line_1_11' title="bbox 349 1036 1873 1121; baseline -0.001 -16"><span class='ocrx_word' id='word_1_37' title='bbox 349 1041 590 1107; x_wconf 89' lang='lat' dir='ltr'><strong>Humilis</strong></span> <span class='ocrx_word' id='word_1_38' title='bbox 621 1040 847 1106; x_wconf 91' lang='lat' dir='ltr'><strong>omnia</strong></span> <span class='ocrx_word' id='word_1_39' title='bbox 870 1038 1042 1103; x_wconf 89' lang='lat' dir='ltr'><strong>bona</strong></span> <span class='ocrx_word' id='word_1_40' title='bbox 1078 1036 1371 1102; x_wconf 79' lang='lat' dir='ltr'><strong>attribuit</strong></span> <span class='ocrx_word' id='word_1_41' title='bbox 1399 1056 1517 1103; x_wconf 91' lang='lat' dir='ltr'><strong>suo</strong></span> <span class='ocrx_word' id='word_1_42' title='bbox 1571 1039 1873 1121; x_wconf 82' lang='lat' dir='ltr'><strong>originali</strong></span> 
     </span>
     <span class='ocr_line' id='line_1_12' title="bbox 341 1145 1874 1234; baseline -0.002 -20"><span class='ocrx_word' id='word_1_43' title='bbox 341 1150 668 1234; x_wconf 85' lang='lat' dir='ltr'><strong>principi03</strong></span> <span class='ocrx_word' id='word_1_44' title='bbox 718 1147 1037 1231; x_wconf 90' lang='lat' dir='ltr'><strong>superbus</strong></span> <span class='ocrx_word' id='word_1_45' title='bbox 1081 1145 1369 1210; x_wconf 84' lang='lat' dir='ltr'><strong>attribuit</strong></span> <span class='ocrx_word' id='word_1_46' title='bbox 1413 1146 1554 1210; x_wconf 88' lang='lat' dir='ltr'><strong>sibi.</strong></span> <span class='ocrx_word' id='word_1_47' title='bbox 1598 1145 1874 1211; x_wconf 88' lang='lat' dir='ltr'><strong>Humilis</strong></span> 
     </span>
     <span class='ocr_line' id='line_1_13' title="bbox 340 1254 1872 1337; baseline -0.003 -15"><span class='ocrx_word' id='word_1_48' title='bbox 340 1258 733 1322; x_wconf 81' lang='lat' dir='ltr'><strong>continuatur</strong></span> <span class='ocrx_word' id='word_1_49' title='bbox 761 1274 912 1321; x_wconf 92' lang='lat' dir='ltr'><strong>cum</strong></span> <span class='ocrx_word' id='word_1_50' title='bbox 938 1273 1055 1319; x_wconf 91' lang='lat' dir='ltr'><strong>sua</strong></span> <span class='ocrx_word' id='word_1_51' title='bbox 1080 1254 1332 1335; x_wconf 87' lang='lat' dir='ltr'><strong>origine</strong></span> <span class='ocrx_word' id='word_1_52' title='bbox 1357 1276 1376 1329; x_wconf 87' lang='grc'>;</span> <span class='ocrx_word' id='word_1_53' title='bbox 1404 1255 1719 1337; x_wconf 88' lang='lat' dir='ltr'><strong>superbus</strong></span> <span class='ocrx_word' id='word_1_54' title='bbox 1739 1254 1872 1319; x_wconf 87' lang='lat' dir='ltr'><strong>dis-</strong></span> 
     </span>
     <span class='ocr_line' id='line_1_14' title="bbox 340 1362 1873 1444; baseline -0.003 -13"><span class='ocrx_word' id='word_1_55' title='bbox 340 1367 760 1431; x_wconf 89' lang='lat' dir='ltr'><strong>continuatur.</strong></span> <span class='ocrx_word' id='word_1_56' title='bbox 809 1363 1058 1429; x_wconf 85' lang='lat' dir='ltr'><strong>Lucifer</strong></span> <span class='ocrx_word' id='word_1_57' title='bbox 1090 1362 1394 1427; x_wconf 83' lang='lat' dir='ltr'><strong>recedens</strong></span> <span class='ocrx_word' id='word_1_58' title='bbox 1437 1380 1476 1426; x_wconf 92' lang='lat' dir='ltr'><strong>a</strong></span> <span class='ocrx_word' id='word_1_59' title='bbox 1512 1381 1629 1426; x_wconf 88' lang='lat' dir='ltr'><strong>suo</strong></span> <span class='ocrx_word' id='word_1_60' title='bbox 1666 1362 1873 1444; x_wconf 90' lang='lat' dir='ltr'><strong>origi-</strong></span> 
     </span>
     <span class='ocr_line' id='line_1_15' title="bbox 336 1469 1868 1558; baseline -0.003 -20"><span class='ocrx_word' id='word_1_61' title='bbox 336 1474 447 1538; x_wconf 89' lang='lat' dir='ltr'><strong>nali</strong></span> <span class='ocrx_word' id='word_1_62' title='bbox 490 1472 812 1558; x_wconf 85' lang='lat' dir='ltr'><strong>principio</strong></span> <span class='ocrx_word' id='word_1_63' title='bbox 833 1520 854 1552; x_wconf 89' lang='lat'>‚</span> <span class='ocrx_word' id='word_1_64' title='bbox 898 1469 1236 1535; x_wconf 83' lang='lat' dir='ltr'><strong>tenebrifer</strong></span> <span class='ocrx_word' id='word_1_65' title='bbox 1272 1469 1475 1533; x_wconf 87' lang='lat' dir='ltr'><strong>factus</strong></span> <span class='ocrx_word' id='word_1_66' title='bbox 1505 1474 1631 1548; x_wconf 90' lang='lat' dir='ltr'><strong>est;</strong></span> <span class='ocrx_word' id='word_1_67' title='bbox 1686 1469 1868 1534; x_wconf 88' lang='lat' dir='ltr'><strong>Chri-</strong></span> 
     </span>
     <span class='ocr_line' id='line_1_16' title="bbox 336 1577 1870 1665; baseline -0.002 -19"><span class='ocrx_word' id='word_1_68' title='bbox 336 1586 484 1646; x_wconf 83' lang='lat' dir='ltr'><strong>stum</strong></span> <span class='ocrx_word' id='word_1_69' title='bbox 503 1631 522 1663; x_wconf 83' lang='lat'><strong>,</strong></span> <span class='ocrx_word' id='word_1_70' title='bbox 571 1581 696 1665; x_wconf 89' lang='lat' dir='ltr'><strong>qui</strong></span> <span class='ocrx_word' id='word_1_71' title='bbox 726 1598 979 1662; x_wconf 89' lang='lat' dir='ltr'><strong>semper</strong></span> <span class='ocrx_word' id='word_1_72' title='bbox 1020 1596 1088 1643; x_wconf 89' lang='lat' dir='ltr'><strong>se</strong></span> <span class='ocrx_word' id='word_1_73' title='bbox 1114 1577 1371 1642; x_wconf 87' lang='lat' dir='ltr'><strong>reduxit</strong></span> <span class='ocrx_word' id='word_1_74' title='bbox 1397 1596 1511 1660; x_wconf 91' lang='lat' dir='ltr'><strong>per</strong></span> <span class='ocrx_word' id='word_1_75' title='bbox 1539 1577 1870 1643; x_wconf 88' lang='lat' dir='ltr'><strong>humilita-</strong></span> 
     </span>
     <span class='ocr_line' id='line_1_17' title="bbox 334 1685 1871 1769; baseline -0.002 -16"><span class='ocrx_word' id='word_1_76' title='bbox 334 1691 450 1754; x_wconf 84' lang='lat' dir='ltr'><strong>tem</strong></span> <span class='ocrx_word' id='word_1_77' title='bbox 476 1690 540 1753; x_wconf 90' lang='lat' dir='ltr'><strong>in</strong></span> <span class='ocrx_word' id='word_1_78' title='bbox 570 1708 769 1753; x_wconf 88' lang='lat' dir='ltr'><strong>suum</strong></span> <span class='ocrx_word' id='word_1_79' title='bbox 796 1686 1115 1769; x_wconf 81' lang='lat' dir='ltr'><strong>originale</strong></span> <span class='ocrx_word' id='word_1_80' title='bbox 1161 1685 1548 1768; x_wconf 88' lang='lat' dir='ltr'><strong>principium</strong></span> <span class='ocrx_word' id='word_1_81' title='bbox 1566 1735 1582 1767; x_wconf 89' lang='lat'><strong>,</strong></span> <span class='ocrx_word' id='word_1_82' title='bbox 1630 1685 1871 1750; x_wconf 85' lang='lat' dir='ltr'><strong>clarifi-</strong></span> 
     </span>
     <span class='ocr_line' id='line_1_18' title="bbox 332 1793 1872 1876; baseline -0.001 -15"><span class='ocrx_word' id='word_1_83' title='bbox 332 1797 483 1861; x_wconf 87' lang='lat' dir='ltr'><strong>cavit</strong></span> <span class='ocrx_word' id='word_1_84' title='bbox 520 1796 739 1861; x_wconf 88' lang='lat' dir='ltr'><strong>Pater.</strong></span> <span class='ocrx_word' id='word_1_85' title='bbox 805 1818 836 1856; x_wconf 75' lang='grc' dir='ltr'><strong>α</strong></span> <span class='ocrx_word' id='word_1_86' title='bbox 859 1794 1110 1873; x_wconf 86' lang='lat' dir='ltr'><strong>Quanto</strong></span> <span class='ocrx_word' id='word_1_87' title='bbox 1151 1794 1358 1876; x_wconf 88' lang='lat' dir='ltr'><strong>major</strong></span> <span class='ocrx_word' id='word_1_88' title='bbox 1425 1812 1494 1858; x_wconf 91' lang='lat' dir='ltr'><strong>es</strong></span> <span class='ocrx_word' id='word_1_89' title='bbox 1512 1842 1530 1874; x_wconf 89' lang='lat'>‚</span> <span class='ocrx_word' id='word_1_90' title='bbox 1598 1793 1872 1859; x_wconf 89' lang='lat' dir='ltr'><strong>humilia</strong></span> 
     </span>
     <span class='ocr_line' id='line_1_19' title="bbox 335 1900 1865 1984; baseline -0.003 -14"><span class='ocrx_word' id='word_1_91' title='bbox 335 1907 388 1970; x_wconf 86' lang='lat' dir='ltr'><strong>te</strong></span> <span class='ocrx_word' id='word_1_92' title='bbox 412 1904 474 1968; x_wconf 90' lang='lat' dir='ltr'><strong>in</strong></span> <span class='ocrx_word' id='word_1_93' title='bbox 507 1904 817 1969; x_wconf 84' lang='lat' dir='ltr'><strong>omnibus</strong></span> <span class='ocrx_word' id='word_1_94' title='bbox 832 1951 849 1979; x_wconf 91' lang='lat'><strong>,</strong></span> <span class='ocrx_word' id='word_1_95' title='bbox 890 1909 956 1966; x_wconf 81' lang='lat' dir='ltr'><strong>et</strong></span> <span class='ocrx_word' id='word_1_96' title='bbox 982 1919 1197 1966; x_wconf 88' lang='lat' dir='ltr'><strong>coram</strong></span> <span class='ocrx_word' id='word_1_97' title='bbox 1236 1900 1364 1965; x_wconf 90' lang='lat' dir='ltr'><strong>Deo</strong></span> <span class='ocrx_word' id='word_1_98' title='bbox 1392 1901 1681 1966; x_wconf 88' lang='lat' dir='ltr'><strong>invenies</strong></span> <span class='ocrx_word' id='word_1_99' title='bbox 1715 1921 1865 1984; x_wconf 87' lang='lat' dir='ltr'><strong>gra-</strong></span> 
     </span>
     <span class='ocr_line' id='line_1_20' title="bbox 335 2006 1872 2093; baseline 0.001 -20"><span class='ocrx_word' id='word_1_100' title='bbox 335 2012 491 2093; x_wconf 86' lang='lat' dir='ltr'><strong>tiam,</strong></span> <span class='ocrx_word' id='word_1_101' title='bbox 518 2035 548 2073; x_wconf 72' lang='lat' dir='ltr'><strong>n</strong></span> <span class='ocrx_word' id='word_1_102' title='bbox 574 2013 730 2078; x_wconf 86' lang='lat' dir='ltr'><strong>dicit</strong></span> <span class='ocrx_word' id='word_1_103' title='bbox 759 2009 1249 2077; x_wconf 75' lang='lat' dir='ltr'><strong>Ecclesiasticus</strong></span> <span class='ocrx_word' id='word_1_104' title='bbox 1272 2015 1316 2071; x_wconf 83' lang='lat'><strong>¹.</strong></span> <span class='ocrx_word' id='word_1_105' title='bbox 1335 2030 1365 2068; x_wconf 68' lang='lat'><strong>&gt;³</strong></span> <span class='ocrx_word' id='word_1_106' title='bbox 1391 2006 1459 2073; x_wconf 92' lang='lat' dir='ltr'><strong>Si</strong></span> <span class='ocrx_word' id='word_1_107' title='bbox 1485 2027 1604 2073; x_wconf 86' lang='lat' dir='ltr'><strong>rex</strong></span> <span class='ocrx_word' id='word_1_108' title='bbox 1617 2010 1872 2075; x_wconf 87' lang='lat' dir='ltr'><strong>ditasset</strong></span> 
     </span>
     <span class='ocr_line' id='line_1_21' title="bbox 336 2117 1866 2204; baseline -0.001 -21"><span class='ocrx_word' id='word_1_109' title='bbox 336 2120 595 2204; x_wconf 83' lang='lat' dir='ltr'><strong>aliquem</strong></span> <span class='ocrx_word' id='word_1_110' title='bbox 610 2169 631 2201; x_wconf 85' lang='lat'>‚</span> <span class='ocrx_word' id='word_1_111' title='bbox 662 2125 726 2184; x_wconf 90' lang='lat' dir='ltr'><strong>et</strong></span> <span class='ocrx_word' id='word_1_112' title='bbox 751 2119 858 2183; x_wconf 88' lang='lat' dir='ltr'><strong>ille</strong></span> <span class='ocrx_word' id='word_1_113' title='bbox 894 2119 1089 2182; x_wconf 88' lang='lat' dir='ltr'><strong>nollet</strong></span> <span class='ocrx_word' id='word_1_114' title='bbox 1115 2136 1570 2200; x_wconf 84' lang='lat' dir='ltr'><strong>recognoscere</strong></span> <span class='ocrx_word' id='word_1_115' title='bbox 1589 2166 1610 2198; x_wconf 89' lang='lat'>‚</span> <span class='ocrx_word' id='word_1_116' title='bbox 1640 2117 1866 2182; x_wconf 85' lang='lat' dir='ltr'><strong>infide-</strong></span> 
     </span>
     <span class='ocr_line' id='line_1_22' title="bbox 334 2224 1869 2308; baseline 0.001 -20"><span class='ocrx_word' id='word_1_117' title='bbox 334 2226 597 2292; x_wconf 89' lang='lat' dir='ltr'><strong>lissimus</strong></span> <span class='ocrx_word' id='word_1_118' title='bbox 629 2231 694 2292; x_wconf 87' lang='lat' dir='ltr'><strong>et</strong></span> <span class='ocrx_word' id='word_1_119' title='bbox 724 2226 1201 2308; x_wconf 88' lang='lat' dir='ltr'><strong>ingratissimus</strong></span> <span class='ocrx_word' id='word_1_120' title='bbox 1229 2229 1413 2290; x_wconf 88' lang='lat' dir='ltr'><strong>esset.</strong></span> <span class='ocrx_word' id='word_1_121' title='bbox 1446 2225 1660 2308; x_wconf 85' lang='lat' dir='ltr'><strong>Aliqui</strong></span> <span class='ocrx_word' id='word_1_122' title='bbox 1686 2224 1869 2290; x_wconf 83' lang='lat' dir='ltr'><strong>exal-</strong></span> 
     </span>
     <span class='ocr_line' id='line_1_23' title="bbox 332 2332 1866 2419; baseline -0.001 -20"><span class='ocrx_word' id='word_1_123' title='bbox 332 2336 431 2399; x_wconf 83' lang='lat' dir='ltr'><strong>tati</strong></span> <span class='ocrx_word' id='word_1_124' title='bbox 456 2355 569 2419; x_wconf 86' lang='lat' dir='ltr'><strong>per</strong></span> <span class='ocrx_word' id='word_1_125' title='bbox 612 2335 849 2415; x_wconf 88' lang='lat' dir='ltr'><strong>Deum,</strong></span> <span class='ocrx_word' id='word_1_126' title='bbox 881 2334 1228 2415; x_wconf 88' lang='lat' dir='ltr'><strong>eriguntur</strong></span> <span class='ocrx_word' id='word_1_127' title='bbox 1252 2332 1735 2413; x_wconf 89' lang='lat' dir='ltr'><strong>contraDeum,</strong></span> <span class='ocrx_word' id='word_1_128' title='bbox 1770 2333 1866 2397; x_wconf 91' lang='lat' dir='ltr'><strong>di-</strong></span> 
     </span>
     <span class='ocr_line' id='line_1_24' title="bbox 332 2442 1869 2522; baseline -0.001 -14"><span class='ocrx_word' id='word_1_129' title='bbox 332 2448 527 2508; x_wconf 85' lang='lat' dir='ltr'><strong>centes</strong></span> <span class='ocrx_word' id='word_1_130' title='bbox 573 2445 599 2480; x_wconf 82' lang='lat'>⁸</span> <span class='ocrx_word' id='word_1_131' title='bbox 638 2459 657 2505; x_wconf 70' lang='grc' dir='ltr'><strong><em>ε</em></strong></span> <span class='ocrx_word' id='word_1_132' title='bbox 708 2466 739 2504; x_wconf 76' lang='grc' dir='ltr'>α</span> <span class='ocrx_word' id='word_1_133' title='bbox 763 2442 992 2507; x_wconf 81' lang='lat' dir='ltr'><strong>Manus</strong></span> <span class='ocrx_word' id='word_1_134' title='bbox 1041 2445 1257 2506; x_wconf 90' lang='lat' dir='ltr'><strong>nostra</strong></span> <span class='ocrx_word' id='word_1_135' title='bbox 1304 2442 1553 2506; x_wconf 84' lang='lat' dir='ltr'><strong>excelsa</strong></span> <span class='ocrx_word' id='word_1_136' title='bbox 1574 2490 1593 2522; x_wconf 93' lang='lat'>‚</span> <span class='ocrx_word' id='word_1_137' title='bbox 1635 2449 1698 2506; x_wconf 89' lang='lat' dir='ltr'><strong>et</strong></span> <span class='ocrx_word' id='word_1_138' title='bbox 1737 2460 1869 2508; x_wconf 92' lang='lat' dir='ltr'><strong>non</strong></span> 
     </span>
     <span class='ocr_line' id='line_1_25' title="bbox 331 2550 1325 2628; baseline -0.002 -12"><span class='ocrx_word' id='word_1_139' title='bbox 331 2551 652 2628; x_wconf 83' lang='lat' dir='ltr'><strong>Dominus,</strong></span> <span class='ocrx_word' id='word_1_140' title='bbox 691 2551 834 2615; x_wconf 87' lang='lat' dir='ltr'><strong>fecit</strong></span> <span class='ocrx_word' id='word_1_141' title='bbox 861 2551 1004 2615; x_wconf 88' lang='lat' dir='ltr'><strong>haec</strong></span> <span class='ocrx_word' id='word_1_142' title='bbox 1030 2550 1268 2614; x_wconf 91' lang='lat' dir='ltr'><strong>omnia.</strong></span> <span class='ocrx_word' id='word_1_143' title='bbox 1293 2572 1325 2609; x_wconf 63' lang='grc' dir='ltr'><strong>ν)</strong></span> 
     </span>
    </p>

    <p class='ocr_par' dir='ltr' id='par_1_6' title="bbox 328 2655 1871 5099">
     <span class='ocr_line' id='line_1_26' title="bbox 390 2655 1870 2739; baseline -0.001 -16"><span class='ocrx_word' id='word_1_144' title='bbox 390 2658 678 2723; x_wconf 89' lang='lat' dir='ltr'><strong>Secunda</strong></span> <span class='ocrx_word' id='word_1_145' title='bbox 691 2656 1048 2723; x_wconf 82' lang='lat' dir='ltr'><strong>differentia</strong></span> <span class='ocrx_word' id='word_1_146' title='bbox 1056 2674 1211 2720; x_wconf 92' lang='lat' dir='ltr'><strong>usus</strong></span> <span class='ocrx_word' id='word_1_147' title='bbox 1228 2656 1458 2737; x_wconf 84' lang='lat' dir='ltr'><strong>gratiae</strong></span> <span class='ocrx_word' id='word_1_148' title='bbox 1473 2658 1592 2735; x_wconf 88' lang='lat' dir='ltr'><strong>est,</strong></span> <span class='ocrx_word' id='word_1_149' title='bbox 1606 2655 1758 2739; x_wconf 91' lang='lat' dir='ltr'><strong>quia</strong></span> <span class='ocrx_word' id='word_1_150' title='bbox 1766 2655 1870 2721; x_wconf 89' lang='lat' dir='ltr'><strong>de-</strong></span> 
     </span>
     <span class='ocr_line' id='line_1_27' title="bbox 331 2764 1871 2847; baseline -0.001 -17"><span class='ocrx_word' id='word_1_151' title='bbox 331 2766 425 2830; x_wconf 85' lang='lat' dir='ltr'><strong>bet</strong></span> <span class='ocrx_word' id='word_1_152' title='bbox 440 2765 875 2831; x_wconf 86' lang='lat' dir='ltr'><strong>essevirilisin</strong></span> <span class='ocrx_word' id='word_1_153' title='bbox 895 2784 983 2829; x_wconf 87' lang='lat' dir='ltr'><strong>se.</strong></span> <span class='ocrx_word' id='word_1_154' title='bbox 1006 2788 1037 2827; x_wconf 73' lang='lat' dir='ltr'><strong>c</strong></span> <span class='ocrx_word' id='word_1_155' title='bbox 1058 2764 1413 2847; x_wconf 72' lang='lat' dir='ltr'><strong>‘Optimum</strong></span> <span class='ocrx_word' id='word_1_156' title='bbox 1424 2768 1520 2828; x_wconf 89' lang='lat' dir='ltr'><strong>est</strong></span> <span class='ocrx_word' id='word_1_157' title='bbox 1539 2764 1709 2828; x_wconf 90' lang='lat' dir='ltr'><strong>enim</strong></span> <span class='ocrx_word' id='word_1_158' title='bbox 1726 2783 1871 2846; x_wconf 89' lang='lat' dir='ltr'><strong>gra-</strong></span> 
     </span>
     <span class='ocr_line' id='line_1_28' title="bbox 331 2873 1870 2956; baseline 0.001 -19"><span class='ocrx_word' id='word_1_159' title='bbox 331 2873 411 2938; x_wconf 89' lang='lat' dir='ltr'><strong>tia</strong></span> <span class='ocrx_word' id='word_1_160' title='bbox 432 2875 698 2939; x_wconf 88' lang='lat' dir='ltr'><strong>stabiliri</strong></span> <span class='ocrx_word' id='word_1_161' title='bbox 727 2893 862 2953; x_wconf 87' lang='lat' dir='ltr'><strong>cor,</strong></span> <span class='ocrx_word' id='word_1_162' title='bbox 893 2893 1026 2939; x_wconf 88' lang='lat' dir='ltr'><strong>non</strong></span> <span class='ocrx_word' id='word_1_163' title='bbox 1052 2873 1240 2954; x_wconf 83' lang='lat' dir='ltr'><strong>escis,</strong></span> <span class='ocrx_word' id='word_1_164' title='bbox 1273 2891 1419 2956; x_wconf 87' lang='lat' dir='ltr'><strong>quae</strong></span> <span class='ocrx_word' id='word_1_165' title='bbox 1449 2891 1582 2938; x_wconf 91' lang='lat' dir='ltr'><strong>non</strong></span> <span class='ocrx_word' id='word_1_166' title='bbox 1620 2875 1870 2956; x_wconf 82' lang='lat' dir='ltr'><strong>profue-</strong></span> 
     </span>
     <span class='ocr_line' id='line_1_29' title="bbox 332 2982 1866 3060; baseline 0.001 -14"><span class='ocrx_word' id='word_1_167' title='bbox 332 2988 469 3046; x_wconf 88' lang='lat' dir='ltr'><strong>runt</strong></span> <span class='ocrx_word' id='word_1_168' title='bbox 494 2983 979 3049; x_wconf 87' lang='lat' dir='ltr'><strong>ambulantibus</strong></span> <span class='ocrx_word' id='word_1_169' title='bbox 1008 2984 1073 3046; x_wconf 93' lang='lat' dir='ltr'><strong>in</strong></span> <span class='ocrx_word' id='word_1_170' title='bbox 1101 2982 1216 3047; x_wconf 81' lang='lat' dir='ltr'><strong>eis,</strong></span> <span class='ocrx_word' id='word_1_171' title='bbox 1246 3004 1276 3042; x_wconf 75' lang='lat' dir='ltr'><strong>n</strong></span> <span class='ocrx_word' id='word_1_172' title='bbox 1314 2982 1433 3060; x_wconf 84' lang='lat' dir='ltr'><strong>Qui</strong></span> <span class='ocrx_word' id='word_1_173' title='bbox 1459 2982 1604 3047; x_wconf 90' lang='lat' dir='ltr'><strong>vult</strong></span> <span class='ocrx_word' id='word_1_174' title='bbox 1629 2983 1866 3049; x_wconf 85' lang='lat' dir='ltr'><strong>habere</strong></span> 
     </span>
     <span class='ocr_line' id='line_1_30' title="bbox 331 3089 1866 3176; baseline 0.001 -21"><span class='ocrx_word' id='word_1_175' title='bbox 331 3089 578 3157; x_wconf 86' lang='lat' dir='ltr'><strong>brachia</strong></span> <span class='ocrx_word' id='word_1_176' title='bbox 620 3091 842 3172; x_wconf 88' lang='lat' dir='ltr'><strong>fortia,</strong></span> <span class='ocrx_word' id='word_1_177' title='bbox 874 3094 1125 3176; x_wconf 86' lang='lat' dir='ltr'><strong>oportet</strong></span> <span class='ocrx_word' id='word_1_178' title='bbox 1167 3091 1338 3176; x_wconf 90' lang='lat' dir='ltr'><strong>quod</strong></span> <span class='ocrx_word' id='word_1_179' title='bbox 1367 3095 1657 3157; x_wconf 81' lang='lat' dir='ltr'><strong>exerceat</strong></span> <span class='ocrx_word' id='word_1_180' title='bbox 1684 3109 1752 3156; x_wconf 90' lang='lat' dir='ltr'><strong>se</strong></span> <span class='ocrx_word' id='word_1_181' title='bbox 1794 3091 1866 3156; x_wconf 91' lang='lat' dir='ltr'><strong>in</strong></span> 
     </span>
     <span class='ocr_line' id='line_1_31' title="bbox 329 3199 1865 3284; baseline 0.003 -25"><span class='ocrx_word' id='word_1_182' title='bbox 329 3200 616 3281; x_wconf 88' lang='lat' dir='ltr'><strong>operibus</strong></span> <span class='ocrx_word' id='word_1_183' title='bbox 644 3200 989 3265; x_wconf 87' lang='lat' dir='ltr'><strong>virtutum.</strong></span> <span class='ocrx_word' id='word_1_184' title='bbox 1037 3199 1216 3265; x_wconf 88' lang='lat' dir='ltr'><strong>Unde</strong></span> <span class='ocrx_word' id='word_1_185' title='bbox 1243 3199 1585 3284; x_wconf 85' lang='lat' dir='ltr'><strong>Apostolus</strong></span> <span class='ocrx_word' id='word_1_186' title='bbox 1621 3200 1711 3264; x_wconf 90' lang='lat' dir='ltr'><strong>sic</strong></span> <span class='ocrx_word' id='word_1_187' title='bbox 1757 3201 1865 3264; x_wconf 87' lang='lat' dir='ltr'><strong>in-</strong></span> 
     </span>
     <span class='ocr_line' id='line_1_32' title="bbox 328 3305 1867 3390; baseline 0.001 -20"><span class='ocrx_word' id='word_1_188' title='bbox 328 3306 457 3387; x_wconf 87' lang='lat' dir='ltr'><strong>quit</strong></span> <span class='ocrx_word' id='word_1_189' title='bbox 480 3309 503 3343; x_wconf 83' lang='lat'>⁸</span> <span class='ocrx_word' id='word_1_190' title='bbox 535 3329 551 3370; x_wconf 93' lang='lat'>:</span> <span class='ocrx_word' id='word_1_191' title='bbox 592 3331 625 3369; x_wconf 76' lang='grc' dir='ltr'><em>α</em></span> <span class='ocrx_word' id='word_1_192' title='bbox 654 3306 869 3371; x_wconf 85' lang='lat' dir='ltr'><strong>Gratia</strong></span> <span class='ocrx_word' id='word_1_193' title='bbox 906 3305 1017 3371; x_wconf 88' lang='lat' dir='ltr'><strong>Dei</strong></span> <span class='ocrx_word' id='word_1_194' title='bbox 1061 3325 1208 3371; x_wconf 88' lang='lat' dir='ltr'><strong>sum</strong></span> <span class='ocrx_word' id='word_1_195' title='bbox 1250 3307 1317 3371; x_wconf 88' lang='lat' dir='ltr'><strong>id</strong></span> <span class='ocrx_word' id='word_1_196' title='bbox 1359 3306 1533 3390; x_wconf 90' lang='lat' dir='ltr'><strong>quod</strong></span> <span class='ocrx_word' id='word_1_197' title='bbox 1575 3324 1762 3388; x_wconf 88' lang='lat' dir='ltr'><strong>sum,</strong></span> <span class='ocrx_word' id='word_1_198' title='bbox 1803 3312 1867 3372; x_wconf 89' lang='lat' dir='ltr'><strong>et</strong></span> 
     </span>
     <span class='ocr_line' id='line_1_33' title="bbox 331 3413 1860 3499; baseline 0.001 -22"><span class='ocrx_word' id='word_1_199' title='bbox 331 3415 529 3493; x_wconf 82' lang='lat' dir='ltr'><strong>gratia</strong></span> <span class='ocrx_word' id='word_1_200' title='bbox 553 3417 699 3498; x_wconf 86' lang='lat' dir='ltr'><strong>ejus</strong></span> <span class='ocrx_word' id='word_1_201' title='bbox 730 3414 799 3478; x_wconf 91' lang='lat' dir='ltr'><strong>in</strong></span> <span class='ocrx_word' id='word_1_202' title='bbox 848 3433 953 3479; x_wconf 91' lang='lat' dir='ltr'><strong>me</strong></span> <span class='ocrx_word' id='word_1_203' title='bbox 978 3433 1187 3481; x_wconf 88' lang='lat' dir='ltr'><strong>vacua</strong></span> <span class='ocrx_word' id='word_1_204' title='bbox 1222 3433 1356 3480; x_wconf 91' lang='lat' dir='ltr'><strong>non</strong></span> <span class='ocrx_word' id='word_1_205' title='bbox 1394 3415 1536 3480; x_wconf 86' lang='lat' dir='ltr'><strong>fuit.</strong></span> <span class='ocrx_word' id='word_1_206' title='bbox 1567 3439 1597 3475; x_wconf 78' lang='grc' dir='ltr'><strong>ι)</strong></span> <span class='ocrx_word' id='word_1_207' title='bbox 1635 3413 1860 3499; x_wconf 86' lang='lat' dir='ltr'><strong>Sequi-</strong></span> 
     </span>
     <span class='ocr_line' id='line_1_34' title="bbox 329 3520 1859 3600; baseline 0.004 -21"><span class='ocrx_word' id='word_1_208' title='bbox 329 3521 427 3584; x_wconf 87' lang='lat' dir='ltr'><strong>tur</strong></span> <span class='ocrx_word' id='word_1_209' title='bbox 455 3539 473 3584; x_wconf 88' lang='lat'><strong>:</strong></span> <span class='ocrx_word' id='word_1_210' title='bbox 513 3544 545 3580; x_wconf 77' lang='grc' dir='ltr'><strong>α</strong></span> <span class='ocrx_word' id='word_1_211' title='bbox 570 3520 1026 3587; x_wconf 83' lang='lat' dir='ltr'><strong>Abundantius</strong></span> <span class='ocrx_word' id='word_1_212' title='bbox 1052 3520 1178 3584; x_wconf 90' lang='lat' dir='ltr'><strong>illis</strong></span> <span class='ocrx_word' id='word_1_213' title='bbox 1215 3521 1513 3586; x_wconf 90' lang='lat' dir='ltr'><strong>omnibus</strong></span> <span class='ocrx_word' id='word_1_214' title='bbox 1534 3521 1859 3600; x_wconf 82' lang='lat' dir='ltr'><strong>laboravi3</strong></span> 
     </span>
     <span class='ocr_line' id='line_1_35' title="bbox 328 3627 1858 3712; baseline 0.004 -24"><span class='ocrx_word' id='word_1_215' title='bbox 328 3641 449 3690; x_wconf 91' lang='lat' dir='ltr'><strong>non</strong></span> <span class='ocrx_word' id='word_1_216' title='bbox 490 3646 658 3708; x_wconf 83' lang='lat' dir='ltr'><strong>egO,</strong></span> <span class='ocrx_word' id='word_1_217' title='bbox 698 3629 809 3694; x_wconf 87' lang='lat' dir='ltr'><strong>sed</strong></span> <span class='ocrx_word' id='word_1_218' title='bbox 852 3628 1063 3712; x_wconf 85' lang='lat' dir='ltr'><strong>gratia</strong></span> <span class='ocrx_word' id='word_1_219' title='bbox 1120 3628 1231 3693; x_wconf 91' lang='lat' dir='ltr'><strong>Dei</strong></span> <span class='ocrx_word' id='word_1_220' title='bbox 1276 3646 1552 3694; x_wconf 92' lang='lat' dir='ltr'><strong>mecum.</strong></span> <span class='ocrx_word' id='word_1_221' title='bbox 1586 3651 1618 3688; x_wconf 71' lang='lat' dir='ltr'>n</span> <span class='ocrx_word' id='word_1_222' title='bbox 1658 3627 1858 3710; x_wconf 80' lang='lat' dir='ltr'><strong>Vide,</strong></span> 
     </span>
     <span class='ocr_line' id='line_1_36' title="bbox 328 3734 1858 3820; baseline 0.005 -24"><span class='ocrx_word' id='word_1_223' title='bbox 328 3749 519 3814; x_wconf 87' lang='lat' dir='ltr'><strong>quam</strong></span> <span class='ocrx_word' id='word_1_224' title='bbox 544 3734 864 3800; x_wconf 83' lang='lat' dir='ltr'><strong>virtuosos</strong></span> <span class='ocrx_word' id='word_1_225' title='bbox 896 3735 1045 3800; x_wconf 88' lang='lat' dir='ltr'><strong>facit</strong></span> <span class='ocrx_word' id='word_1_226' title='bbox 1087 3736 1299 3816; x_wconf 87' lang='lat' dir='ltr'><strong>gratia</strong></span> <span class='ocrx_word' id='word_1_227' title='bbox 1329 3734 1604 3820; x_wconf 87' lang='lat' dir='ltr'><strong>Spiritus</strong></span> <span class='ocrx_word' id='word_1_228' title='bbox 1635 3739 1858 3803; x_wconf 88' lang='lat' dir='ltr'><strong>sancti.</strong></span> 
     </span>
     <span class='ocr_line' id='line_1_37' title="bbox 335 3837 1862 3927; baseline 0.004 -21"><span class='ocrx_word' id='word_1_229' title='bbox 335 3837 595 3907; x_wconf 84' lang='lat' dir='ltr'><strong>Samson</strong></span> <span class='ocrx_word' id='word_1_230' title='bbox 637 3842 970 3927; x_wconf 84' lang='lat' dir='ltr'><strong>capillatus</strong></span> <span class='ocrx_word' id='word_1_231' title='bbox 1009 3843 1393 3909; x_wconf 88' lang='lat' dir='ltr'><strong>fortissimus</strong></span> <span class='ocrx_word' id='word_1_232' title='bbox 1429 3846 1552 3910; x_wconf 87' lang='lat' dir='ltr'><strong>fuit</strong></span> <span class='ocrx_word' id='word_1_233' title='bbox 1589 3846 1612 3882; x_wconf 78' lang='lat'>⁶</span> <span class='ocrx_word' id='word_1_234' title='bbox 1655 3869 1671 3911; x_wconf 75' lang='lat' dir='ltr'><strong><em>z</em></strong></span> <span class='ocrx_word' id='word_1_235' title='bbox 1724 3869 1755 3910; x_wconf 77' lang='grc' dir='ltr'><strong>α</strong></span> <span class='ocrx_word' id='word_1_236' title='bbox 1789 3847 1862 3912; x_wconf 93' lang='lat' dir='ltr'><strong>In</strong></span> 
     </span>
     <span class='ocr_line' id='line_1_38' title="bbox 336 3951 1863 4035; baseline 0.003 -21"><span class='ocrx_word' id='word_1_237' title='bbox 336 3956 569 4033; x_wconf 86' lang='lat' dir='ltr'><strong>septem</strong></span> <span class='ocrx_word' id='word_1_238' title='bbox 616 3953 861 4035; x_wconf 85' lang='lat' dir='ltr'><strong>capillis</strong></span> <span class='ocrx_word' id='word_1_239' title='bbox 885 3975 917 4012; x_wconf 70' lang='grc' dir='ltr'><strong>ι)</strong></span> <span class='ocrx_word' id='word_1_240' title='bbox 974 3951 1274 4018; x_wconf 84' lang='lat' dir='ltr'><strong>fortitudo</strong></span> <span class='ocrx_word' id='word_1_241' title='bbox 1325 3954 1466 4035; x_wconf 81' lang='lat' dir='ltr'><strong>ejus</strong></span> <span class='ocrx_word' id='word_1_242' title='bbox 1484 4000 1501 4031; x_wconf 92' lang='lat'><strong>,</strong></span> <span class='ocrx_word' id='word_1_243' title='bbox 1553 3953 1620 4016; x_wconf 92' lang='lat' dir='ltr'><strong>id</strong></span> <span class='ocrx_word' id='word_1_244' title='bbox 1661 3958 1754 4018; x_wconf 87' lang='lat' dir='ltr'><strong>est</strong></span> <span class='ocrx_word' id='word_1_245' title='bbox 1792 3956 1863 4019; x_wconf 93' lang='lat' dir='ltr'><strong>in</strong></span> 
     </span>
     <span class='ocr_line' id='line_1_39' title="bbox 335 4060 1862 4146; baseline 0.004 -22"><span class='ocrx_word' id='word_1_246' title='bbox 335 4061 671 4143; x_wconf 80' lang='lat' dir='ltr'><strong>septiformi</strong></span> <span class='ocrx_word' id='word_1_247' title='bbox 692 4062 905 4144; x_wconf 89' lang='lat' dir='ltr'><strong>gratia</strong></span> <span class='ocrx_word' id='word_1_248' title='bbox 923 4060 1197 4146; x_wconf 88' lang='lat' dir='ltr'><strong>Spiritus</strong></span> <span class='ocrx_word' id='word_1_249' title='bbox 1225 4063 1452 4141; x_wconf 82' lang='lat' dir='ltr'><strong>sancti3</strong></span> <span class='ocrx_word' id='word_1_250' title='bbox 1475 4063 1731 4145; x_wconf 88' lang='lat' dir='ltr'><strong>quando</strong></span> <span class='ocrx_word' id='word_1_251' title='bbox 1758 4082 1862 4130; x_wconf 85' lang='lat' dir='ltr'><strong>ve-</strong></span> 
     </span>
     <span class='ocr_line' id='line_1_40' title="bbox 334 4168 1859 4253; baseline 0.004 -23"><span class='ocrx_word' id='word_1_252' title='bbox 334 4184 405 4230; x_wconf 88' lang='lat' dir='ltr'><strong>ro</strong></span> <span class='ocrx_word' id='word_1_253' title='bbox 427 4172 708 4235; x_wconf 86' lang='lat' dir='ltr'><strong>attonsus</strong></span> <span class='ocrx_word' id='word_1_254' title='bbox 756 4177 851 4234; x_wconf 85' lang='lat' dir='ltr'><strong>est</strong></span> <span class='ocrx_word' id='word_1_255' title='bbox 880 4186 994 4253; x_wconf 88' lang='lat' dir='ltr'><strong>per</strong></span> <span class='ocrx_word' id='word_1_256' title='bbox 1018 4168 1282 4233; x_wconf 89' lang='lat' dir='ltr'><strong>Dalilam</strong></span> <span class='ocrx_word' id='word_1_257' title='bbox 1299 4218 1319 4249; x_wconf 90' lang='lat'>‚</span> <span class='ocrx_word' id='word_1_258' title='bbox 1366 4169 1573 4234; x_wconf 87' lang='lat' dir='ltr'><strong>factus</strong></span> <span class='ocrx_word' id='word_1_259' title='bbox 1598 4176 1693 4235; x_wconf 88' lang='lat' dir='ltr'><strong>est</strong></span> <span class='ocrx_word' id='word_1_260' title='bbox 1735 4172 1859 4237; x_wconf 90' lang='lat' dir='ltr'><strong>im-</strong></span> 
     </span>
     <span class='ocr_line' id='line_1_41' title="bbox 334 4273 1860 4359; baseline 0.003 -19"><span class='ocrx_word' id='word_1_261' title='bbox 334 4273 561 4341; x_wconf 84' lang='lat' dir='ltr'><strong>becillis</strong></span> <span class='ocrx_word' id='word_1_262' title='bbox 585 4327 604 4359; x_wconf 86' lang='lat'><strong>,</strong></span> <span class='ocrx_word' id='word_1_263' title='bbox 646 4279 815 4343; x_wconf 87' lang='lat' dir='ltr'><strong>sicut</strong></span> <span class='ocrx_word' id='word_1_264' title='bbox 836 4278 1066 4343; x_wconf 75' lang='lat' dir='ltr'><strong>‘caeteri</strong></span> <span class='ocrx_word' id='word_1_265' title='bbox 1113 4276 1430 4342; x_wconf 80' lang='lat' dir='ltr'><strong>homines,</strong></span> <span class='ocrx_word' id='word_1_266' title='bbox 1481 4277 1601 4342; x_wconf 90' lang='lat' dir='ltr'><strong>Des</strong></span> <span class='ocrx_word' id='word_1_267' title='bbox 1653 4279 1860 4345; x_wconf 84' lang='lat' dir='ltr'><strong>unum</strong></span> 
     </span>
     <span class='ocr_line' id='line_1_42' title="bbox 336 4384 1861 4470; baseline 0.005 -25"><span class='ocrx_word' id='word_1_268' title='bbox 336 4384 464 4449; x_wconf 88' lang='lat' dir='ltr'><strong>sine</strong></span> <span class='ocrx_word' id='word_1_269' title='bbox 493 4387 696 4467; x_wconf 85' lang='lat' dir='ltr'><strong>gratia</strong></span> <span class='ocrx_word' id='word_1_270' title='bbox 720 4437 738 4468; x_wconf 89' lang='lat'>‚</span> <span class='ocrx_word' id='word_1_271' title='bbox 769 4386 882 4470; x_wconf 90' lang='lat' dir='ltr'><strong>qui</strong></span> <span class='ocrx_word' id='word_1_272' title='bbox 907 4385 1110 4470; x_wconf 90' lang='lat' dir='ltr'><strong>possit</strong></span> <span class='ocrx_word' id='word_1_273' title='bbox 1144 4385 1456 4451; x_wconf 90' lang='lat' dir='ltr'><strong>sustinere</strong></span> <span class='ocrx_word' id='word_1_274' title='bbox 1489 4388 1661 4470; x_wconf 87' lang='lat' dir='ltr'><strong>quod</strong></span> <span class='ocrx_word' id='word_1_275' title='bbox 1696 4387 1861 4453; x_wconf 89' lang='lat' dir='ltr'><strong>Lau-</strong></span> 
     </span>
     <span class='ocr_line' id='line_1_43' title="bbox 333 4492 1860 4577; baseline 0.005 -21"><span class='ocrx_word' id='word_1_276' title='bbox 333 4492 564 4572; x_wconf 81' lang='lat' dir='ltr'><strong>rentius</strong></span> <span class='ocrx_word' id='word_1_277' title='bbox 589 4495 915 4560; x_wconf 86' lang='lat' dir='ltr'><strong>sustinuit.</strong></span> <span class='ocrx_word' id='word_1_278' title='bbox 939 4492 1112 4559; x_wconf 88' lang='lat' dir='ltr'><strong>Nihil</strong></span> <span class='ocrx_word' id='word_1_279' title='bbox 1134 4510 1479 4577; x_wconf 89' lang='lat' dir='ltr'><strong>possumus</strong></span> <span class='ocrx_word' id='word_1_280' title='bbox 1494 4495 1699 4560; x_wconf 88' lang='lat' dir='ltr'><strong>facere</strong></span> <span class='ocrx_word' id='word_1_281' title='bbox 1724 4496 1860 4563; x_wconf 87' lang='lat' dir='ltr'><strong>sine</strong></span> 
     </span>
     <span class='ocr_line' id='line_1_44' title="bbox 338 4601 1859 4684; baseline 0.003 -20"><span class='ocrx_word' id='word_1_282' title='bbox 338 4601 532 4678; x_wconf 83' lang='lat' dir='ltr'><strong>gratia</strong></span> <span class='ocrx_word' id='word_1_283' title='bbox 550 4624 567 4681; x_wconf 90' lang='lat'>;</span> <span class='ocrx_word' id='word_1_284' title='bbox 587 4601 755 4666; x_wconf 89' lang='lat' dir='ltr'><strong>nihil</strong></span> <span class='ocrx_word' id='word_1_285' title='bbox 774 4603 866 4667; x_wconf 89' lang='lat' dir='ltr'><strong>ita</strong></span> <span class='ocrx_word' id='word_1_286' title='bbox 891 4602 1162 4681; x_wconf 89' lang='lat' dir='ltr'><strong>durum,</strong></span> <span class='ocrx_word' id='word_1_287' title='bbox 1193 4601 1362 4684; x_wconf 88' lang='lat' dir='ltr'><strong>quod</strong></span> <span class='ocrx_word' id='word_1_288' title='bbox 1381 4620 1515 4666; x_wconf 91' lang='lat' dir='ltr'><strong>non</strong></span> <span class='ocrx_word' id='word_1_289' title='bbox 1539 4603 1859 4684; x_wconf 89' lang='lat' dir='ltr'><strong>possimus</strong></span> 
     </span>
     <span class='ocr_line' id='line_1_45' title="bbox 335 4707 1856 4793; baseline 0.006 -26"><span class='ocrx_word' id='word_1_290' title='bbox 335 4707 629 4774; x_wconf 83' lang='lat' dir='ltr'><strong>sustinere</strong></span> <span class='ocrx_word' id='word_1_291' title='bbox 665 4728 816 4774; x_wconf 90' lang='lat' dir='ltr'><strong>cum</strong></span> <span class='ocrx_word' id='word_1_292' title='bbox 854 4708 1083 4791; x_wconf 87' lang='lat' dir='ltr'><strong>gratia.</strong></span> <span class='ocrx_word' id='word_1_293' title='bbox 1124 4731 1153 4769; x_wconf 74' lang='grc' dir='ltr'>α</span> <span class='ocrx_word' id='word_1_294' title='bbox 1181 4707 1332 4772; x_wconf 86' lang='lat' dir='ltr'><strong>Sine</strong></span> <span class='ocrx_word' id='word_1_295' title='bbox 1375 4726 1481 4772; x_wconf 90' lang='lat' dir='ltr'><strong>me</strong></span> <span class='ocrx_word' id='word_1_296' title='bbox 1529 4709 1690 4773; x_wconf 89' lang='lat' dir='ltr'><strong>nihil</strong></span> <span class='ocrx_word' id='word_1_297' title='bbox 1738 4729 1856 4793; x_wconf 91' lang='lat' dir='ltr'><strong>po-</strong></span> 
     </span>
     <span class='ocr_line' id='line_1_46' title="bbox 338 4814 1860 4900; baseline 0.005 -24"><span class='ocrx_word' id='word_1_298' title='bbox 338 4814 504 4878; x_wconf 83' lang='lat' dir='ltr'><strong>testis</strong></span> <span class='ocrx_word' id='word_1_299' title='bbox 525 4817 758 4898; x_wconf 83' lang='lat' dir='ltr'><strong>facere,</strong></span> <span class='ocrx_word' id='word_1_300' title='bbox 779 4840 811 4877; x_wconf 75' lang='lat' dir='ltr'><strong>n</strong></span> <span class='ocrx_word' id='word_1_301' title='bbox 845 4816 998 4881; x_wconf 89' lang='lat' dir='ltr'><strong>dicit</strong></span> <span class='ocrx_word' id='word_1_302' title='bbox 1023 4816 1307 4883; x_wconf 89' lang='lat' dir='ltr'><strong>Christus</strong></span> <span class='ocrx_word' id='word_1_303' title='bbox 1324 4815 1368 4880; x_wconf 83' lang='lat'><strong>⁷.</strong></span> <span class='ocrx_word' id='word_1_304' title='bbox 1403 4840 1434 4878; x_wconf 76' lang='grc' dir='ltr'><strong>α</strong></span> <span class='ocrx_word' id='word_1_305' title='bbox 1459 4816 1691 4881; x_wconf 90' lang='lat' dir='ltr'><strong>Omnia</strong></span> <span class='ocrx_word' id='word_1_306' title='bbox 1716 4836 1860 4900; x_wconf 90' lang='lat' dir='ltr'><strong>pos-</strong></span> 
     </span>
     <span class='ocr_line' id='line_1_47' title="bbox 340 4925 1853 5013; baseline 0.005 -27"><span class='ocrx_word' id='word_1_307' title='bbox 340 4937 476 4986; x_wconf 79' lang='lat' dir='ltr'><strong>sum</strong></span> <span class='ocrx_word' id='word_1_308' title='bbox 499 4925 562 4990; x_wconf 89' lang='lat' dir='ltr'><strong>in</strong></span> <span class='ocrx_word' id='word_1_309' title='bbox 586 4945 662 4992; x_wconf 89' lang='lat' dir='ltr'><strong>eo</strong></span> <span class='ocrx_word' id='word_1_310' title='bbox 685 4975 707 5006; x_wconf 90' lang='lat'>‚</span> <span class='ocrx_word' id='word_1_311' title='bbox 753 4925 869 5010; x_wconf 89' lang='lat' dir='ltr'><strong>qui</strong></span> <span class='ocrx_word' id='word_1_312' title='bbox 898 4944 1004 4991; x_wconf 92' lang='lat' dir='ltr'><strong>me</strong></span> <span class='ocrx_word' id='word_1_313' title='bbox 1032 4927 1345 4992; x_wconf 88' lang='lat' dir='ltr'><strong>confortat</strong></span> <span class='ocrx_word' id='word_1_314' title='bbox 1367 4975 1385 5007; x_wconf 90' lang='lat'>‚</span> <span class='ocrx_word' id='word_1_315' title='bbox 1414 4950 1446 4987; x_wconf 73' lang='grc' dir='ltr'><strong>ι)</strong></span> <span class='ocrx_word' id='word_1_316' title='bbox 1482 4927 1638 4991; x_wconf 88' lang='lat' dir='ltr'><strong>dicit</strong></span> <span class='ocrx_word' id='word_1_317' title='bbox 1682 4928 1853 5013; x_wconf 90' lang='lat' dir='ltr'><strong>Apo-</strong></span> 
     </span>
     <span class='ocr_line' id='line_1_48' title="bbox 339 5030 595 5099; baseline 0.023 -6"><span class='ocrx_word' id='word_1_318' title='bbox 339 5030 525 5095; x_wconf 76' lang='lat' dir='ltr'><strong>stolus</strong></span> <span class='ocrx_word' id='word_1_319' title='bbox 549 5039 595 5099; x_wconf 86' lang='lat'><strong>⁸.</strong></span> 
     </span>
    </p>

    <p class='ocr_par' dir='ltr' id='par_1_7' title="bbox 414 5136 1857 5224">
     <span class='ocr_line' id='line_1_49' title="bbox 414 5136 1857 5224; baseline 0.004 -22"><span class='ocrx_word' id='word_1_320' title='bbox 414 5136 608 5208; x_wconf 82' lang='lat' dir='ltr'><strong>Tertio</strong></span> <span class='ocrx_word' id='word_1_321' title='bbox 640 5161 801 5209; x_wconf 86' lang='lat' dir='ltr'><strong>usus</strong></span> <span class='ocrx_word' id='word_1_322' title='bbox 838 5141 1069 5224; x_wconf 82' lang='lat' dir='ltr'><strong>gratiae</strong></span> <span class='ocrx_word' id='word_1_323' title='bbox 1105 5142 1290 5208; x_wconf 88' lang='lat' dir='ltr'><strong>debet</strong></span> <span class='ocrx_word' id='word_1_324' title='bbox 1317 5159 1456 5208; x_wconf 89' lang='lat' dir='ltr'><strong>esse</strong></span> <span class='ocrx_word' id='word_1_325' title='bbox 1479 5141 1760 5208; x_wconf 90' lang='lat' dir='ltr'><strong>liberalis</strong></span> <span class='ocrx_word' id='word_1_326' title='bbox 1788 5144 1857 5208; x_wconf 92' lang='lat' dir='ltr'><strong>in</strong></span> 
     </span>
    </p>
   </div>
   <div class='ocr_carea' id='block_1_4' title="bbox 342 5341 1856 5555">
    <p class='ocr_par' dir='ltr' id='par_1_8' title="bbox 342 5341 1856 5555">
     <span class='ocr_line' id='line_1_50' title="bbox 402 5341 1856 5410; baseline 0.001 -18"><span class='ocrx_word' id='word_1_327' title='bbox 402 5343 415 5370; x_wconf 88' lang='lat'>¹</span> <span class='ocrx_word' id='word_1_328' title='bbox 438 5341 547 5406; x_wconf 66' lang='lat' dir='ltr'><strong>lm,</strong></span> <span class='ocrx_word' id='word_1_329' title='bbox 571 5356 641 5410; x_wconf 73' lang='lat' dir='ltr'><strong>tv,</strong></span> <span class='ocrx_word' id='word_1_330' title='bbox 668 5347 715 5398; x_wconf 83' lang='grc'><strong>6.</strong></span> <span class='ocrx_word' id='word_1_331' title='bbox 739 5370 804 5381; x_wconf 92' lang='grc'>-</span> <span class='ocrx_word' id='word_1_332' title='bbox 831 5344 852 5374; x_wconf 85' lang='lat'><em>²</em></span> <span class='ocrx_word' id='word_1_333' title='bbox 878 5341 1056 5404; x_wconf 64' lang='lat' dir='ltr'><strong>Eccli„</strong></span> <span class='ocrx_word' id='word_1_334' title='bbox 1086 5354 1166 5407; x_wconf 83' lang='lat'><strong>111,</strong></span> <span class='ocrx_word' id='word_1_335' title='bbox 1193 5347 1272 5396; x_wconf 78' lang='lat'><strong>20.</strong></span> <span class='ocrx_word' id='word_1_336' title='bbox 1299 5371 1356 5382; x_wconf 93' lang='lat'><em>-</em></span> <span class='ocrx_word' id='word_1_337' title='bbox 1389 5345 1410 5376; x_wconf 79' lang='lat'>⁸</span> <span class='ocrx_word' id='word_1_338' title='bbox 1428 5345 1657 5407; x_wconf 67' lang='lat' dir='ltr'><strong>Denter„</strong></span> <span class='ocrx_word' id='word_1_339' title='bbox 1681 5355 1856 5409; x_wconf 82' lang='lat' dir='ltr'><strong>xxxn,</strong></span> 
     </span>
     <span class='ocr_line' id='line_1_51' title="bbox 342 5410 1852 5482; baseline 0.009 -22"><span class='ocrx_word' id='word_1_340' title='bbox 342 5410 417 5461; x_wconf 70' lang='lat'><strong>27.</strong></span> <span class='ocrx_word' id='word_1_341' title='bbox 435 5438 490 5452; x_wconf 84' lang='lat'>—</span> <span class='ocrx_word' id='word_1_342' title='bbox 510 5415 528 5447; x_wconf 80' lang='lat'>⁸</span> <span class='ocrx_word' id='word_1_343' title='bbox 556 5416 721 5478; x_wconf 56' lang='lat' dir='ltr'><strong>Heba,</strong></span> <span class='ocrx_word' id='word_1_344' title='bbox 748 5427 870 5476; x_wconf 83' lang='lat' dir='ltr'><strong>xm,</strong></span> <span class='ocrx_word' id='word_1_345' title='bbox 895 5418 945 5466; x_wconf 85' lang='grc'><strong>9.</strong></span> <span class='ocrx_word' id='word_1_346' title='bbox 966 5437 1028 5453; x_wconf 82' lang='grc'>-</span> <span class='ocrx_word' id='word_1_347' title='bbox 1055 5414 1072 5445; x_wconf 77' lang='lat'><strong>⁵</strong></span> <span class='ocrx_word' id='word_1_348' title='bbox 1104 5416 1120 5465; x_wconf 87' lang='lat' dir='ltr'><strong>l</strong></span> <span class='ocrx_word' id='word_1_349' title='bbox 1153 5415 1290 5480; x_wconf 66' lang='lat' dir='ltr'><strong>Cor„</strong></span> <span class='ocrx_word' id='word_1_350' title='bbox 1314 5429 1402 5482; x_wconf 83' lang='lat' dir='ltr'><strong>xv,</strong></span> <span class='ocrx_word' id='word_1_351' title='bbox 1431 5421 1510 5469; x_wconf 86' lang='lat'><strong>10.</strong></span> <span class='ocrx_word' id='word_1_352' title='bbox 1532 5444 1588 5453; x_wconf 89' lang='lat'><em>-</em></span> <span class='ocrx_word' id='word_1_353' title='bbox 1620 5418 1640 5448; x_wconf 57' lang='grc' dir='ltr'><strong>ὅ</strong></span> <span class='ocrx_word' id='word_1_354' title='bbox 1667 5415 1852 5473; x_wconf 73' lang='lat' dir='ltr'><strong>ludio..</strong></span> 
     </span>
     <span class='ocr_line' id='line_1_52' title="bbox 342 5489 1851 5555; baseline 0.005 -23"><span class='ocrx_word' id='word_1_355' title='bbox 342 5493 457 5548; x_wconf 77' lang='lat' dir='ltr'><strong>xvi,</strong></span> <span class='ocrx_word' id='word_1_356' title='bbox 491 5489 562 5538; x_wconf 72' lang='lat'><strong>1⁹.</strong></span> <span class='ocrx_word' id='word_1_357' title='bbox 594 5513 661 5530; x_wconf 84' lang='lat'><strong>—-</strong></span> <span class='ocrx_word' id='word_1_358' title='bbox 684 5490 707 5525; x_wconf 89' lang='lat'><strong>&#39;¹</strong></span> <span class='ocrx_word' id='word_1_359' title='bbox 741 5490 914 5551; x_wconf 64' lang='lat' dir='ltr'><strong>Joan„</strong></span> <span class='ocrx_word' id='word_1_360' title='bbox 952 5499 1042 5551; x_wconf 80' lang='lat' dir='ltr'><strong>xv,</strong></span> <span class='ocrx_word' id='word_1_361' title='bbox 1080 5490 1130 5539; x_wconf 80' lang='lat'><strong>⁵.</strong></span> <span class='ocrx_word' id='word_1_362' title='bbox 1160 5515 1222 5530; x_wconf 93' lang='lat'><em>-</em></span> <span class='ocrx_word' id='word_1_363' title='bbox 1256 5490 1280 5525; x_wconf 83' lang='lat'>⁸</span> <span class='ocrx_word' id='word_1_364' title='bbox 1315 5489 1529 5555; x_wconf 69' lang='lat' dir='ltr'><strong>Philip„</strong></span> <span class='ocrx_word' id='word_1_365' title='bbox 1566 5501 1636 5554; x_wconf 75' lang='lat' dir='ltr'><strong>iv,</strong></span> <span class='ocrx_word' id='word_1_366' title='bbox 1679 5491 1754 5539; x_wconf 72' lang='lat'><strong>13.</strong></span> <span class='ocrx_word' id='word_1_367' title='bbox 1793 5514 1851 5527; x_wconf 96' lang='lat'>—</span> 
     </span>
    </p>
   </div>
   <div class='ocr_carea' id='block_1_5' title="bbox 3453 490 3533 553">
    <p class='ocr_par' dir='ltr' id='par_1_9' title="bbox 3453 490 3533 553">
     <span class='ocr_line' id='line_1_53' title="bbox 3453 490 3533 553; baseline 0 0"><span class='ocrx_word' id='word_1_368' title='bbox 3453 490 3533 553; x_wconf 75' lang='lat'><strong>29</strong></span> 
     </span>
    </p>
   </div>
   <div class='ocr_carea' id='block_1_6' title="bbox 1964 606 3550 5232">
    <p class='ocr_par' dir='ltr' id='par_1_10' title="bbox 1971 606 3535 3387">
     <span class='ocr_line' id='line_1_54' title="bbox 1985 606 3524 702; baseline 0.006 -31"><span class='ocrx_word' id='word_1_369' title='bbox 1985 606 2378 691; x_wconf 84' lang='lat' dir='ltr'><strong>proximum.</strong></span> <span class='ocrx_word' id='word_1_370' title='bbox 2408 630 2438 669; x_wconf 77' lang='grc' dir='ltr'><strong>α</strong></span> <span class='ocrx_word' id='word_1_371' title='bbox 2458 606 2664 674; x_wconf 87' lang='lat' dir='ltr'><strong>Gratis</strong></span> <span class='ocrx_word' id='word_1_372' title='bbox 2700 612 3043 697; x_wconf 72' lang='lat' dir='ltr'><strong>accepisti8‚</strong></span> <span class='ocrx_word' id='word_1_373' title='bbox 3073 617 3275 699; x_wconf 86' lang='lat' dir='ltr'><strong>gratis</strong></span> <span class='ocrx_word' id='word_1_374' title='bbox 3311 618 3478 702; x_wconf 88' lang='lat' dir='ltr'><strong>date,</strong></span> <span class='ocrx_word' id='word_1_375' title='bbox 3492 640 3524 681; x_wconf 73' lang='lat' dir='ltr'>n</span> 
     </span>
     <span class='ocr_line' id='line_1_55' title="bbox 1985 714 3535 806; baseline 0.01 -27"><span class='ocrx_word' id='word_1_376' title='bbox 1985 716 2077 780; x_wconf 92' lang='lat' dir='ltr'><strong>ait</strong></span> <span class='ocrx_word' id='word_1_377' title='bbox 2091 714 2396 780; x_wconf 89' lang='lat' dir='ltr'><strong>Dominus</strong></span> <span class='ocrx_word' id='word_1_378' title='bbox 2409 720 2455 781; x_wconf 82' lang='lat'><strong>⁹.</strong></span> <span class='ocrx_word' id='word_1_379' title='bbox 2476 715 2687 794; x_wconf 85' lang='lat' dir='ltr'><strong>Quare</strong></span> <span class='ocrx_word' id='word_1_380' title='bbox 2700 739 2829 786; x_wconf 90' lang='lat' dir='ltr'><strong>non</strong></span> <span class='ocrx_word' id='word_1_381' title='bbox 2844 721 3091 803; x_wconf 88' lang='lat' dir='ltr'><strong>vendis,</strong></span> <span class='ocrx_word' id='word_1_382' title='bbox 3113 743 3152 789; x_wconf 94' lang='lat' dir='ltr'><strong>o</strong></span> <span class='ocrx_word' id='word_1_383' title='bbox 3171 724 3301 806; x_wconf 91' lang='lat' dir='ltr'><strong>Sol,</strong></span> <span class='ocrx_word' id='word_1_384' title='bbox 3321 728 3535 796; x_wconf 88' lang='lat' dir='ltr'><strong>lucem</strong></span> 
     </span>
     <span class='ocr_line' id='line_1_56' title="bbox 1983 824 3530 913; baseline 0.01 -25"><span class='ocrx_word' id='word_1_385' title='bbox 1983 827 2163 889; x_wconf 87' lang='lat' dir='ltr'><strong>tuam</strong></span> <span class='ocrx_word' id='word_1_386' title='bbox 2184 827 2214 889; x_wconf 77' lang='lat'><strong>‘2</strong></span> <span class='ocrx_word' id='word_1_387' title='bbox 2276 824 2482 890; x_wconf 89' lang='lat' dir='ltr'><strong>Gratis</strong></span> <span class='ocrx_word' id='word_1_388' title='bbox 2534 829 2782 912; x_wconf 89' lang='lat' dir='ltr'><strong>accepi,</strong></span> <span class='ocrx_word' id='word_1_389' title='bbox 2846 831 3048 913; x_wconf 89' lang='lat' dir='ltr'><strong>gratis</strong></span> <span class='ocrx_word' id='word_1_390' title='bbox 3105 837 3530 905; x_wconf 87' lang='lat' dir='ltr'><strong>communico.</strong></span> 
     </span>
     <span class='ocr_line' id='line_1_57' title="bbox 1985 930 3532 1023; baseline 0.01 -28"><span class='ocrx_word' id='word_1_391' title='bbox 1985 930 2196 1009; x_wconf 86' lang='lat' dir='ltr'><strong>Quare</strong></span> <span class='ocrx_word' id='word_1_392' title='bbox 2237 952 2365 998; x_wconf 91' lang='lat' dir='ltr'><strong>non</strong></span> <span class='ocrx_word' id='word_1_393' title='bbox 2420 936 2645 1000; x_wconf 88' lang='lat' dir='ltr'><strong>vendis</strong></span> <span class='ocrx_word' id='word_1_394' title='bbox 2662 986 2680 1016; x_wconf 88' lang='lat'>‚</span> <span class='ocrx_word' id='word_1_395' title='bbox 2725 936 2943 1003; x_wconf 86' lang='lat' dir='ltr'><strong>Rhene</strong></span> <span class='ocrx_word' id='word_1_396' title='bbox 2960 988 2978 1020; x_wconf 89' lang='lat'>‚</span> <span class='ocrx_word' id='word_1_397' title='bbox 3022 959 3258 1023; x_wconf 89' lang='lat' dir='ltr'><strong>aquam</strong></span> <span class='ocrx_word' id='word_1_398' title='bbox 3305 947 3532 1010; x_wconf 79' lang='lat' dir='ltr'><strong>tuam?</strong></span> 
     </span>
     <span class='ocr_line' id='line_1_58' title="bbox 1985 1038 3534 1125; baseline 0.011 -22"><span class='ocrx_word' id='word_1_399' title='bbox 1985 1038 2193 1104; x_wconf 90' lang='lat' dir='ltr'><strong>Gratis</strong></span> <span class='ocrx_word' id='word_1_400' title='bbox 2247 1041 2492 1125; x_wconf 88' lang='lat' dir='ltr'><strong>accepi,</strong></span> <span class='ocrx_word' id='word_1_401' title='bbox 2564 1045 2770 1125; x_wconf 90' lang='lat' dir='ltr'><strong>gratis</strong></span> <span class='ocrx_word' id='word_1_402' title='bbox 2823 1047 3043 1112; x_wconf 83' lang='lat' dir='ltr'><strong>fundo.</strong></span> <span class='ocrx_word' id='word_1_403' title='bbox 3105 1046 3294 1115; x_wconf 90' lang='lat' dir='ltr'><strong>Solus</strong></span> <span class='ocrx_word' id='word_1_404' title='bbox 3336 1053 3534 1119; x_wconf 91' lang='lat' dir='ltr'><strong>miser</strong></span> 
     </span>
     <span class='ocr_line' id='line_1_59' title="bbox 1982 1146 3533 1233; baseline 0.011 -22"><span class='ocrx_word' id='word_1_405' title='bbox 1982 1146 2178 1213; x_wconf 89' lang='lat' dir='ltr'><strong>homo</strong></span> <span class='ocrx_word' id='word_1_406' title='bbox 2223 1149 2444 1215; x_wconf 86' lang='lat' dir='ltr'><strong>vendit</strong></span> <span class='ocrx_word' id='word_1_407' title='bbox 2492 1153 2773 1233; x_wconf 88' lang='lat' dir='ltr'><strong>gratiam</strong></span> <span class='ocrx_word' id='word_1_408' title='bbox 2818 1154 2943 1219; x_wconf 90' lang='lat' dir='ltr'><strong>sibi</strong></span> <span class='ocrx_word' id='word_1_409' title='bbox 2986 1156 3299 1224; x_wconf 86' lang='lat' dir='ltr'><strong>collatam.</strong></span> <span class='ocrx_word' id='word_1_410' title='bbox 3346 1160 3533 1229; x_wconf 82' lang='lat' dir='ltr'><strong>Venit</strong></span> 
     </span>
     <span class='ocr_line' id='line_1_60' title="bbox 1982 1252 3529 1352; baseline 0.01 -32"><span class='ocrx_word' id='word_1_411' title='bbox 1982 1260 2198 1322; x_wconf 89' lang='lat' dir='ltr'><strong>autem</strong></span> <span class='ocrx_word' id='word_1_412' title='bbox 2230 1258 2372 1322; x_wconf 84' lang='lat' dir='ltr'><strong>haec</strong></span> <span class='ocrx_word' id='word_1_413' title='bbox 2398 1260 2680 1324; x_wconf 88' lang='lat' dir='ltr'><strong>venditio</strong></span> <span class='ocrx_word' id='word_1_414' title='bbox 2707 1261 2915 1343; x_wconf 88' lang='lat' dir='ltr'><strong>primo</strong></span> <span class='ocrx_word' id='word_1_415' title='bbox 2943 1252 2983 1327; x_wconf 83' lang='lat' dir='ltr'><strong>a</strong></span> <span class='ocrx_word' id='word_1_416' title='bbox 3024 1262 3284 1331; x_wconf 89' lang='lat' dir='ltr'><strong>Simone</strong></span> <span class='ocrx_word' id='word_1_417' title='bbox 3313 1268 3529 1352; x_wconf 86' lang='lat' dir='ltr'><strong>Mag0.</strong></span> 
     </span>
     <span class='ocr_line' id='line_1_61' title="bbox 1981 1363 3532 1457; baseline 0.011 -29"><span class='ocrx_word' id='word_1_418' title='bbox 1981 1363 2125 1429; x_wconf 91' lang='lat' dir='ltr'><strong>Heu</strong></span> <span class='ocrx_word' id='word_1_419' title='bbox 2143 1413 2160 1443; x_wconf 90' lang='lat'><strong>‚</strong></span> <span class='ocrx_word' id='word_1_420' title='bbox 2217 1364 2442 1430; x_wconf 90' lang='lat' dir='ltr'><strong>Simon</strong></span> <span class='ocrx_word' id='word_1_421' title='bbox 2489 1365 2709 1448; x_wconf 88' lang='lat' dir='ltr'><strong>Mage,</strong></span> <span class='ocrx_word' id='word_1_422' title='bbox 2755 1369 3061 1441; x_wconf 84' lang='lat' dir='ltr'><strong>verticem</strong></span> <span class='ocrx_word' id='word_1_423' title='bbox 3097 1375 3532 1457; x_wconf 90' lang='lat' dir='ltr'><strong>apostolorum</strong></span> 
     </span>
     <span class='ocr_line' id='line_1_62' title="bbox 1982 1471 3533 1552; baseline 0.01 -15"><span class='ocrx_word' id='word_1_424' title='bbox 1982 1471 2249 1538; x_wconf 90' lang='lat' dir='ltr'><strong>Petrum</strong></span> <span class='ocrx_word' id='word_1_425' title='bbox 2277 1472 2537 1537; x_wconf 89' lang='lat' dir='ltr'><strong>voluisti</strong></span> <span class='ocrx_word' id='word_1_426' title='bbox 2562 1474 2768 1540; x_wconf 89' lang='lat' dir='ltr'><strong>facere</strong></span> <span class='ocrx_word' id='word_1_427' title='bbox 2807 1476 3229 1545; x_wconf 90' lang='lat' dir='ltr'><strong>simoniacum</strong></span> <span class='ocrx_word' id='word_1_428' title='bbox 3253 1483 3320 1548; x_wconf 87' lang='lat'><strong>¹⁰.</strong></span> <span class='ocrx_word' id='word_1_429' title='bbox 3352 1507 3385 1546; x_wconf 80' lang='grc' dir='ltr'><strong>α</strong></span> <span class='ocrx_word' id='word_1_430' title='bbox 3411 1485 3533 1552; x_wconf 88' lang='lat' dir='ltr'><strong>Pe-</strong></span> 
     </span>
     <span class='ocr_line' id='line_1_63' title="bbox 1984 1581 3533 1674; baseline 0.01 -29"><span class='ocrx_word' id='word_1_431' title='bbox 1984 1581 2173 1646; x_wconf 90' lang='lat' dir='ltr'><strong>cunia</strong></span> <span class='ocrx_word' id='word_1_432' title='bbox 2212 1585 2325 1646; x_wconf 88' lang='lat' dir='ltr'><strong>tua</strong></span> <span class='ocrx_word' id='word_1_433' title='bbox 2369 1584 2582 1646; x_wconf 91' lang='lat' dir='ltr'><strong>tecum</strong></span> <span class='ocrx_word' id='word_1_434' title='bbox 2631 1582 2713 1646; x_wconf 89' lang='lat' dir='ltr'><strong>sit</strong></span> <span class='ocrx_word' id='word_1_435' title='bbox 2757 1584 2829 1647; x_wconf 90' lang='lat' dir='ltr'><strong>in</strong></span> <span class='ocrx_word' id='word_1_436' title='bbox 2877 1586 3329 1669; x_wconf 89' lang='lat' dir='ltr'><strong>perditionem,</strong></span> <span class='ocrx_word' id='word_1_437' title='bbox 3376 1596 3533 1674; x_wconf 78' lang='lat' dir='ltr'><strong>quia</strong></span> 
     </span>
     <span class='ocr_line' id='line_1_64' title="bbox 1981 1688 3520 1780; baseline 0.007 -27"><span class='ocrx_word' id='word_1_438' title='bbox 1981 1688 2360 1753; x_wconf 84' lang='lat' dir='ltr'><strong>existimasti</strong></span> <span class='ocrx_word' id='word_1_439' title='bbox 2396 1689 2641 1755; x_wconf 91' lang='lat' dir='ltr'><strong>donum</strong></span> <span class='ocrx_word' id='word_1_440' title='bbox 2677 1689 2786 1756; x_wconf 89' lang='lat' dir='ltr'><strong>Dei</strong></span> <span class='ocrx_word' id='word_1_441' title='bbox 2822 1694 3093 1775; x_wconf 90' lang='lat' dir='ltr'><strong>pecunia</strong></span> <span class='ocrx_word' id='word_1_442' title='bbox 3127 1699 3455 1780; x_wconf 87' lang='lat' dir='ltr'><strong>possideri.</strong></span> <span class='ocrx_word' id='word_1_443' title='bbox 3490 1726 3520 1764; x_wconf 75' lang='lat' dir='ltr'>n</span> 
     </span>
     <span class='ocr_line' id='line_1_65' title="bbox 1983 1796 3530 1895; baseline 0.01 -34"><span class='ocrx_word' id='word_1_444' title='bbox 1983 1796 2215 1862; x_wconf 90' lang='lat' dir='ltr'><strong>Petrus</strong></span> <span class='ocrx_word' id='word_1_445' title='bbox 2255 1797 2405 1862; x_wconf 90' lang='lat' dir='ltr'><strong>dicit</strong></span> <span class='ocrx_word' id='word_1_446' title='bbox 2436 1802 2523 1863; x_wconf 82' lang='lat'><strong>¹²:</strong></span> <span class='ocrx_word' id='word_1_447' title='bbox 2557 1822 2586 1859; x_wconf 77' lang='grc' dir='ltr'>α</span> <span class='ocrx_word' id='word_1_448' title='bbox 2613 1798 3067 1885; x_wconf 85' lang='lat' dir='ltr'><strong>Unusquisque</strong></span> <span class='ocrx_word' id='word_1_449' title='bbox 3096 1806 3263 1872; x_wconf 90' lang='lat' dir='ltr'><strong>sicut</strong></span> <span class='ocrx_word' id='word_1_450' title='bbox 3286 1813 3530 1895; x_wconf 85' lang='lat' dir='ltr'><strong>accepit</strong></span> 
     </span>
     <span class='ocr_line' id='line_1_66' title="bbox 1982 1904 3530 1989; baseline 0.012 -22"><span class='ocrx_word' id='word_1_451' title='bbox 1982 1906 2261 1985; x_wconf 85' lang='lat' dir='ltr'><strong>gratiam</strong></span> <span class='ocrx_word' id='word_1_452' title='bbox 2291 1904 2361 1970; x_wconf 91' lang='lat' dir='ltr'><strong>in</strong></span> <span class='ocrx_word' id='word_1_453' title='bbox 2403 1907 2819 1989; x_wconf 89' lang='lat' dir='ltr'><strong>alterutrum,</strong></span> <span class='ocrx_word' id='word_1_454' title='bbox 2857 1910 3036 1976; x_wconf 91' lang='lat' dir='ltr'><strong>illam</strong></span> <span class='ocrx_word' id='word_1_455' title='bbox 3076 1913 3530 1984; x_wconf 87' lang='lat' dir='ltr'><strong>administran-</strong></span> 
     </span>
     <span class='ocr_line' id='line_1_67' title="bbox 1980 2013 3529 2098; baseline 0.012 -24"><span class='ocrx_word' id='word_1_456' title='bbox 1980 2015 2075 2075; x_wconf 89' lang='lat' dir='ltr'><strong>tes</strong></span> <span class='ocrx_word' id='word_1_457' title='bbox 2094 2060 2116 2091; x_wconf 92' lang='lat'><strong>,</strong></span> <span class='ocrx_word' id='word_1_458' title='bbox 2175 2013 2337 2077; x_wconf 89' lang='lat' dir='ltr'><strong>sicut</strong></span> <span class='ocrx_word' id='word_1_459' title='bbox 2384 2013 2538 2077; x_wconf 91' lang='lat' dir='ltr'><strong>boni</strong></span> <span class='ocrx_word' id='word_1_460' title='bbox 2597 2014 3063 2098; x_wconf 87' lang='lat' dir='ltr'><strong>dispensatores</strong></span> <span class='ocrx_word' id='word_1_461' title='bbox 3119 2023 3529 2093; x_wconf 90' lang='lat' dir='ltr'><strong>multiformis</strong></span> 
     </span>
     <span class='ocr_line' id='line_1_68' title="bbox 1983 2116 3523 2206; baseline 0.012 -25"><span class='ocrx_word' id='word_1_462' title='bbox 1983 2116 2211 2201; x_wconf 63' lang='lat' dir='ltr'><strong>gratiae?</strong></span> <span class='ocrx_word' id='word_1_463' title='bbox 2264 2119 2396 2185; x_wconf 91' lang='lat' dir='ltr'><strong>Dei.</strong></span> <span class='ocrx_word' id='word_1_464' title='bbox 2444 2144 2475 2181; x_wconf 74' lang='lat' dir='ltr'><strong>n</strong></span> <span class='ocrx_word' id='word_1_465' title='bbox 2522 2120 2861 2206; x_wconf 88' lang='lat' dir='ltr'><strong>Dionysius</strong></span> <span class='ocrx_word' id='word_1_466' title='bbox 2903 2124 3283 2195; x_wconf 86' lang='lat' dir='ltr'><strong>determinat</strong></span> <span class='ocrx_word' id='word_1_467' title='bbox 3329 2152 3523 2201; x_wconf 90' lang='lat' dir='ltr'><strong>usum</strong></span> 
     </span>
     <span class='ocr_line' id='line_1_69' title="bbox 1981 2225 3525 2319; baseline 0.011 -32"><span class='ocrx_word' id='word_1_468' title='bbox 1981 2225 2212 2307; x_wconf 81' lang='lat' dir='ltr'><strong>gratiae</strong></span> <span class='ocrx_word' id='word_1_469' title='bbox 2235 2226 2304 2289; x_wconf 93' lang='lat' dir='ltr'><strong>in</strong></span> <span class='ocrx_word' id='word_1_470' title='bbox 2321 2228 2608 2309; x_wconf 88' lang='lat' dir='ltr'><strong>angelica</strong></span> <span class='ocrx_word' id='word_1_471' title='bbox 2633 2228 3013 2310; x_wconf 87' lang='lat' dir='ltr'><strong>hierarchia,</strong></span> <span class='ocrx_word' id='word_1_472' title='bbox 3031 2234 3246 2300; x_wconf 88' lang='lat' dir='ltr'><strong>dicens</strong></span> <span class='ocrx_word' id='word_1_473' title='bbox 3262 2240 3330 2317; x_wconf 81' lang='lat'><strong>¹²,</strong></span> <span class='ocrx_word' id='word_1_474' title='bbox 3350 2241 3525 2319; x_wconf 83' lang='lat' dir='ltr'><strong>quod</strong></span> 
     </span>
     <span class='ocr_line' id='line_1_70' title="bbox 1980 2333 3523 2417; baseline 0.013 -23"><span class='ocrx_word' id='word_1_475' title='bbox 1980 2333 2031 2395; x_wconf 90' lang='lat' dir='ltr'><strong>si</strong></span> <span class='ocrx_word' id='word_1_476' title='bbox 2056 2333 2417 2417; x_wconf 88' lang='lat' dir='ltr'><strong>superiores</strong></span> <span class='ocrx_word' id='word_1_477' title='bbox 2445 2335 2660 2416; x_wconf 89' lang='lat' dir='ltr'><strong>angeli</strong></span> <span class='ocrx_word' id='word_1_478' title='bbox 2687 2336 2930 2402; x_wconf 91' lang='lat' dir='ltr'><strong>nollent</strong></span> <span class='ocrx_word' id='word_1_479' title='bbox 2956 2340 3228 2409; x_wconf 82' lang='lat' dir='ltr'><strong>influere</strong></span> <span class='ocrx_word' id='word_1_480' title='bbox 3254 2345 3322 2410; x_wconf 92' lang='lat' dir='ltr'><strong>in</strong></span> <span class='ocrx_word' id='word_1_481' title='bbox 3354 2348 3523 2414; x_wconf 89' lang='lat' dir='ltr'><strong>infe-</strong></span> 
     </span>
     <span class='ocr_line' id='line_1_71' title="bbox 1978 2442 3526 2522; baseline 0.012 -19"><span class='ocrx_word' id='word_1_482' title='bbox 1978 2443 2203 2522; x_wconf 79' lang='lat' dir='ltr'><strong>rioreS,</strong></span> <span class='ocrx_word' id='word_1_483' title='bbox 2231 2442 2597 2507; x_wconf 87' lang='lat' dir='ltr'><strong>clauderent</strong></span> <span class='ocrx_word' id='word_1_484' title='bbox 2626 2443 2748 2507; x_wconf 89' lang='lat' dir='ltr'><strong>sibi</strong></span> <span class='ocrx_word' id='word_1_485' title='bbox 2774 2445 2948 2509; x_wconf 89' lang='lat' dir='ltr'><strong>viam</strong></span> <span class='ocrx_word' id='word_1_486' title='bbox 2977 2447 3330 2517; x_wconf 70' lang='lat' dir='ltr'><strong>influentiae</strong></span> <span class='ocrx_word' id='word_1_487' title='bbox 3358 2473 3398 2518; x_wconf 90' lang='lat' dir='ltr'><strong>a</strong></span> <span class='ocrx_word' id='word_1_488' title='bbox 3423 2475 3526 2522; x_wconf 91' lang='lat' dir='ltr'><strong>su-</strong></span> 
     </span>
     <span class='ocr_line' id='line_1_72' title="bbox 1976 2549 3523 2645; baseline 0.012 -35"><span class='ocrx_word' id='word_1_489' title='bbox 1976 2549 2237 2629; x_wconf 90' lang='lat' dir='ltr'><strong>periori.</strong></span> <span class='ocrx_word' id='word_1_490' title='bbox 2265 2549 2311 2585; x_wconf 85' lang='lat'><strong>¹⁸</strong></span> <span class='ocrx_word' id='word_1_491' title='bbox 2349 2574 2378 2612; x_wconf 71' lang='lat' dir='ltr'><strong>a</strong></span> <span class='ocrx_word' id='word_1_492' title='bbox 2406 2549 2526 2628; x_wconf 85' lang='lat' dir='ltr'><strong>Qui</strong></span> <span class='ocrx_word' id='word_1_493' title='bbox 2552 2549 2849 2616; x_wconf 90' lang='lat' dir='ltr'><strong>habuerit</strong></span> <span class='ocrx_word' id='word_1_494' title='bbox 2875 2552 3297 2623; x_wconf 90' lang='lat' dir='ltr'><strong>substantiam</strong></span> <span class='ocrx_word' id='word_1_495' title='bbox 3324 2561 3523 2645; x_wconf 89' lang='lat' dir='ltr'><strong>hujus</strong></span> 
     </span>
     <span class='ocr_line' id='line_1_73' title="bbox 1976 2656 3520 2736; baseline 0.011 -17"><span class='ocrx_word' id='word_1_496' title='bbox 1976 2656 2242 2736; x_wconf 89' lang='lat' dir='ltr'><strong>mundi,</strong></span> <span class='ocrx_word' id='word_1_497' title='bbox 2287 2661 2350 2722; x_wconf 89' lang='lat' dir='ltr'><strong>et</strong></span> <span class='ocrx_word' id='word_1_498' title='bbox 2379 2658 2609 2723; x_wconf 88' lang='lat' dir='ltr'><strong>viderit</strong></span> <span class='ocrx_word' id='word_1_499' title='bbox 2644 2659 2905 2725; x_wconf 84' lang='lat' dir='ltr'><strong>fratrem</strong></span> <span class='ocrx_word' id='word_1_500' title='bbox 2941 2681 3136 2728; x_wconf 91' lang='lat' dir='ltr'><strong>suum</strong></span> <span class='ocrx_word' id='word_1_501' title='bbox 3177 2671 3520 2736; x_wconf 87' lang='lat' dir='ltr'><strong>necessita-</strong></span> 
     </span>
     <span class='ocr_line' id='line_1_74' title="bbox 1974 2763 3516 2861; baseline 0.014 -36"><span class='ocrx_word' id='word_1_502' title='bbox 1974 2765 2107 2826; x_wconf 88' lang='lat' dir='ltr'><strong>tem</strong></span> <span class='ocrx_word' id='word_1_503' title='bbox 2134 2763 2399 2845; x_wconf 84' lang='lat' dir='ltr'><strong>habere,</strong></span> <span class='ocrx_word' id='word_1_504' title='bbox 2433 2768 2497 2829; x_wconf 92' lang='lat' dir='ltr'><strong>et</strong></span> <span class='ocrx_word' id='word_1_505' title='bbox 2530 2766 2830 2833; x_wconf 88' lang='lat' dir='ltr'><strong>clauserit</strong></span> <span class='ocrx_word' id='word_1_506' title='bbox 2867 2769 3110 2836; x_wconf 90' lang='lat' dir='ltr'><strong>viscera</strong></span> <span class='ocrx_word' id='word_1_507' title='bbox 3148 2793 3265 2839; x_wconf 91' lang='lat' dir='ltr'><strong>sua</strong></span> <span class='ocrx_word' id='word_1_508' title='bbox 3296 2778 3377 2841; x_wconf 90' lang='lat' dir='ltr'><strong>ab</strong></span> <span class='ocrx_word' id='word_1_509' title='bbox 3410 2798 3486 2845; x_wconf 89' lang='lat' dir='ltr'><strong>eo</strong></span> <span class='ocrx_word' id='word_1_510' title='bbox 3494 2829 3516 2861; x_wconf 91' lang='lat'><strong>,</strong></span> 
     </span>
     <span class='ocr_line' id='line_1_75' title="bbox 1976 2873 3523 2955; baseline 0.014 -21"><span class='ocrx_word' id='word_1_511' title='bbox 1976 2873 2302 2953; x_wconf 90' lang='lat' dir='ltr'><strong>quomodo</strong></span> <span class='ocrx_word' id='word_1_512' title='bbox 2326 2873 2601 2937; x_wconf 88' lang='lat' dir='ltr'><strong>charitas</strong></span> <span class='ocrx_word' id='word_1_513' title='bbox 2631 2874 2742 2939; x_wconf 90' lang='lat' dir='ltr'><strong>Dei</strong></span> <span class='ocrx_word' id='word_1_514' title='bbox 2768 2883 2984 2943; x_wconf 90' lang='lat' dir='ltr'><strong>manet</strong></span> <span class='ocrx_word' id='word_1_515' title='bbox 3010 2879 3079 2945; x_wconf 90' lang='lat' dir='ltr'><strong>in</strong></span> <span class='ocrx_word' id='word_1_516' title='bbox 3108 2884 3226 2948; x_wconf 77' lang='lat' dir='ltr'><strong>eo?</strong></span> <span class='ocrx_word' id='word_1_517' title='bbox 3251 2908 3282 2945; x_wconf 73' lang='lat' dir='ltr'><strong>n</strong></span> <span class='ocrx_word' id='word_1_518' title='bbox 3318 2886 3523 2955; x_wconf 88' lang='lat' dir='ltr'><strong>Habet</strong></span> 
     </span>
     <span class='ocr_line' id='line_1_76' title="bbox 1975 2981 3521 3076; baseline 0.013 -34"><span class='ocrx_word' id='word_1_519' title='bbox 1975 2983 2192 3044; x_wconf 89' lang='lat' dir='ltr'><strong>autem</strong></span> <span class='ocrx_word' id='word_1_520' title='bbox 2240 2981 2452 3062; x_wconf 89' lang='lat' dir='ltr'><strong>gratia</strong></span> <span class='ocrx_word' id='word_1_521' title='bbox 2495 2984 2776 3049; x_wconf 87' lang='lat' dir='ltr'><strong>fructum</strong></span> <span class='ocrx_word' id='word_1_522' title='bbox 2818 2986 3221 3056; x_wconf 81' lang='lat' dir='ltr'><strong>triformem:</strong></span> <span class='ocrx_word' id='word_1_523' title='bbox 3269 2994 3521 3076; x_wconf 89' lang='lat' dir='ltr'><strong>primus</strong></span> 
     </span>
     <span class='ocr_line' id='line_1_77' title="bbox 1973 3085 3521 3178; baseline 0.013 -27"><span class='ocrx_word' id='word_1_524' title='bbox 1973 3085 2221 3153; x_wconf 88' lang='lat' dir='ltr'><strong>fructus</strong></span> <span class='ocrx_word' id='word_1_525' title='bbox 2255 3093 2349 3154; x_wconf 89' lang='lat' dir='ltr'><strong>est</strong></span> <span class='ocrx_word' id='word_1_526' title='bbox 2384 3090 2673 3157; x_wconf 90' lang='lat' dir='ltr'><strong>remissio</strong></span> <span class='ocrx_word' id='word_1_527' title='bbox 2704 3093 2944 3178; x_wconf 81' lang='lat' dir='ltr'><strong>culpae3</strong></span> <span class='ocrx_word' id='word_1_528' title='bbox 2994 3099 3314 3168; x_wconf 88' lang='lat' dir='ltr'><strong>secundus</strong></span> <span class='ocrx_word' id='word_1_529' title='bbox 3345 3103 3521 3170; x_wconf 87' lang='lat' dir='ltr'><strong>fruc-</strong></span> 
     </span>
     <span class='ocr_line' id='line_1_78' title="bbox 1972 3197 3520 3285; baseline 0.014 -27"><span class='ocrx_word' id='word_1_530' title='bbox 1972 3197 2080 3259; x_wconf 89' lang='lat' dir='ltr'><strong>tus</strong></span> <span class='ocrx_word' id='word_1_531' title='bbox 2110 3200 2205 3261; x_wconf 91' lang='lat' dir='ltr'><strong>est</strong></span> <span class='ocrx_word' id='word_1_532' title='bbox 2225 3197 2557 3281; x_wconf 90' lang='lat' dir='ltr'><strong>plenitudo</strong></span> <span class='ocrx_word' id='word_1_533' title='bbox 2577 3201 2873 3285; x_wconf 77' lang='lat' dir='ltr'><strong>justitiae3</strong></span> <span class='ocrx_word' id='word_1_534' title='bbox 2906 3205 3131 3272; x_wconf 87' lang='lat' dir='ltr'><strong>tertius</strong></span> <span class='ocrx_word' id='word_1_535' title='bbox 3153 3208 3400 3278; x_wconf 83' lang='lat' dir='ltr'><strong>fructus</strong></span> <span class='ocrx_word' id='word_1_536' title='bbox 3423 3218 3520 3279; x_wconf 89' lang='lat' dir='ltr'><strong>est</strong></span> 
     </span>
     <span class='ocr_line' id='line_1_79' title="bbox 1971 3305 2805 3387; baseline 0.007 -19"><span class='ocrx_word' id='word_1_537' title='bbox 1971 3305 2369 3387; x_wconf 86' lang='lat' dir='ltr'><strong>perpetuatio</strong></span> <span class='ocrx_word' id='word_1_538' title='bbox 2396 3306 2551 3372; x_wconf 82' lang='lat' dir='ltr'><strong>vitae</strong></span> <span class='ocrx_word' id='word_1_539' title='bbox 2576 3307 2805 3374; x_wconf 82' lang='lat' dir='ltr'><strong>beatae.</strong></span> 
     </span>
    </p>

    <p class='ocr_par' dir='ltr' id='par_1_11' title="bbox 1964 3409 3550 5232">
     <span class='ocr_line' id='line_1_80' title="bbox 2051 3409 3519 3500; baseline 0.015 -27"><span class='ocrx_word' id='word_1_540' title='bbox 2051 3409 2308 3475; x_wconf 91' lang='lat' dir='ltr'><strong>Primus</strong></span> <span class='ocrx_word' id='word_1_541' title='bbox 2348 3430 2506 3495; x_wconf 90' lang='lat' dir='ltr'><strong>ergo</strong></span> <span class='ocrx_word' id='word_1_542' title='bbox 2546 3415 2787 3480; x_wconf 85' lang='lat' dir='ltr'><strong>fructus</strong></span> <span class='ocrx_word' id='word_1_543' title='bbox 2828 3420 3055 3500; x_wconf 83' lang='lat' dir='ltr'><strong>gratiae</strong></span> <span class='ocrx_word' id='word_1_544' title='bbox 3094 3427 3188 3487; x_wconf 90' lang='lat' dir='ltr'><strong>est</strong></span> <span class='ocrx_word' id='word_1_545' title='bbox 3233 3426 3519 3496; x_wconf 87' lang='lat' dir='ltr'><strong>remissio</strong></span> 
     </span>
     <span class='ocr_line' id='line_1_81' title="bbox 1969 3518 3517 3604; baseline 0.012 -22"><span class='ocrx_word' id='word_1_546' title='bbox 1969 3519 2200 3603; x_wconf 82' lang='lat' dir='ltr'><strong>culpae.</strong></span> <span class='ocrx_word' id='word_1_547' title='bbox 2248 3518 2429 3585; x_wconf 88' lang='lat' dir='ltr'><strong>Unde</strong></span> <span class='ocrx_word' id='word_1_548' title='bbox 2471 3520 2811 3604; x_wconf 85' lang='lat' dir='ltr'><strong>Apostolus</strong></span> <span class='ocrx_word' id='word_1_549' title='bbox 2858 3527 2904 3565; x_wconf 74' lang='lat'><strong>¹⁴</strong></span> <span class='ocrx_word' id='word_1_550' title='bbox 2941 3549 2956 3591; x_wconf 77' lang='grc' dir='ltr'><strong><em>ε</em></strong></span> <span class='ocrx_word' id='word_1_551' title='bbox 2999 3551 3031 3590; x_wconf 79' lang='grc' dir='ltr'>α</span> <span class='ocrx_word' id='word_1_552' title='bbox 3054 3528 3088 3594; x_wconf 83' lang='lat' dir='ltr'>J</span> <span class='ocrx_word' id='word_1_553' title='bbox 3092 3531 3387 3598; x_wconf 83' lang='lat' dir='ltr'><strong>ustificati</strong></span> <span class='ocrx_word' id='word_1_554' title='bbox 3435 3555 3517 3602; x_wconf 85' lang='lat' dir='ltr'><strong>ex</strong></span> 
     </span>
     <span class='ocr_line' id='line_1_82' title="bbox 1967 3626 3519 3722; baseline 0.011 -32"><span class='ocrx_word' id='word_1_555' title='bbox 1967 3626 2124 3708; x_wconf 76' lang='lat' dir='ltr'><strong>tide,</strong></span> <span class='ocrx_word' id='word_1_556' title='bbox 2156 3645 2381 3710; x_wconf 88' lang='lat' dir='ltr'><strong>pacem</strong></span> <span class='ocrx_word' id='word_1_557' title='bbox 2408 3628 2762 3696; x_wconf 86' lang='lat' dir='ltr'><strong>habeamus</strong></span> <span class='ocrx_word' id='word_1_558' title='bbox 2790 3631 2870 3696; x_wconf 89' lang='lat' dir='ltr'><strong>ad</strong></span> <span class='ocrx_word' id='word_1_559' title='bbox 2897 3633 3135 3717; x_wconf 89' lang='lat' dir='ltr'><strong>Deum,</strong></span> <span class='ocrx_word' id='word_1_560' title='bbox 3164 3657 3280 3722; x_wconf 88' lang='lat' dir='ltr'><strong>per</strong></span> <span class='ocrx_word' id='word_1_561' title='bbox 3308 3639 3519 3707; x_wconf 88' lang='lat' dir='ltr'><strong>Domi-</strong></span> 
     </span>
     <span class='ocr_line' id='line_1_83' title="bbox 1967 3735 3550 3832; baseline 0.011 -34"><span class='ocrx_word' id='word_1_562' title='bbox 1967 3753 2130 3799; x_wconf 89' lang='lat' dir='ltr'><strong>num</strong></span> <span class='ocrx_word' id='word_1_563' title='bbox 2171 3739 2464 3801; x_wconf 88' lang='lat' dir='ltr'><strong>nostrum</strong></span> <span class='ocrx_word' id='word_1_564' title='bbox 2516 3735 2714 3803; x_wconf 74' lang='lat' dir='ltr'><strong>Jssstm</strong></span> <span class='ocrx_word' id='word_1_565' title='bbox 2764 3738 3111 3824; x_wconf 79' lang='lat' dir='ltr'><strong>Cmusrtm,</strong></span> <span class='ocrx_word' id='word_1_566' title='bbox 3157 3764 3272 3828; x_wconf 90' lang='lat' dir='ltr'><strong>per</strong></span> <span class='ocrx_word' id='word_1_567' title='bbox 3318 3768 3513 3832; x_wconf 89' lang='lat' dir='ltr'><strong>quem</strong></span> <span class='ocrx_word' id='word_1_568' title='bbox 3545 3749 3550 3756; x_wconf 83' lang='lat'>&#39;</span> 
     </span>
     <span class='ocr_line' id='line_1_84' title="bbox 1968 3845 3515 3934; baseline 0.012 -28"><span class='ocrx_word' id='word_1_569' title='bbox 1968 3861 2297 3908; x_wconf 86' lang='lat' dir='ltr'><strong>accessum</strong></span> <span class='ocrx_word' id='word_1_570' title='bbox 2324 3845 2638 3911; x_wconf 88' lang='lat' dir='ltr'><strong>habemus</strong></span> <span class='ocrx_word' id='word_1_571' title='bbox 2673 3866 2789 3930; x_wconf 90' lang='lat' dir='ltr'><strong>per</strong></span> <span class='ocrx_word' id='word_1_572' title='bbox 2814 3849 3030 3931; x_wconf 85' lang='lat' dir='ltr'><strong>fidem,</strong></span> <span class='ocrx_word' id='word_1_573' title='bbox 3062 3855 3125 3916; x_wconf 85' lang='lat' dir='ltr'><strong>et</strong></span> <span class='ocrx_word' id='word_1_574' title='bbox 3153 3854 3515 3934; x_wconf 87' lang='lat' dir='ltr'><strong>gloriamur</strong></span> 
     </span>
     <span class='ocr_line' id='line_1_85' title="bbox 1966 3950 3507 4036; baseline 0.012 -22"><span class='ocrx_word' id='word_1_575' title='bbox 1966 3950 2036 4013; x_wconf 95' lang='lat' dir='ltr'><strong>in</strong></span> <span class='ocrx_word' id='word_1_576' title='bbox 2077 3969 2190 4036; x_wconf 91' lang='lat' dir='ltr'><strong>spe</strong></span> <span class='ocrx_word' id='word_1_577' title='bbox 2225 3952 2451 4034; x_wconf 82' lang='lat' dir='ltr'><strong>gloriae</strong></span> <span class='ocrx_word' id='word_1_578' title='bbox 2485 3954 2770 4021; x_wconf 86' lang='lat' dir='ltr'><strong>filiorum</strong></span> <span class='ocrx_word' id='word_1_579' title='bbox 2807 3956 2941 4022; x_wconf 90' lang='lat' dir='ltr'><strong>Dei.</strong></span> <span class='ocrx_word' id='word_1_580' title='bbox 2971 3981 3003 4019; x_wconf 70' lang='grc' dir='ltr'><strong>ι)</strong></span> <span class='ocrx_word' id='word_1_581' title='bbox 3038 3958 3268 4027; x_wconf 88' lang='lat' dir='ltr'><strong>Dicunt</strong></span> <span class='ocrx_word' id='word_1_582' title='bbox 3294 3962 3507 4033; x_wconf 87' lang='lat' dir='ltr'><strong>Philo-</strong></span> 
     </span>
     <span class='ocr_line' id='line_1_86' title="bbox 1967 4060 3516 4149; baseline 0.012 -26"><span class='ocrx_word' id='word_1_583' title='bbox 1967 4060 2184 4142; x_wconf 87' lang='lat' dir='ltr'><strong>sophi,</strong></span> <span class='ocrx_word' id='word_1_584' title='bbox 2215 4060 2388 4144; x_wconf 85' lang='lat' dir='ltr'><strong>quod</strong></span> <span class='ocrx_word' id='word_1_585' title='bbox 2432 4080 2566 4126; x_wconf 90' lang='lat' dir='ltr'><strong>non</strong></span> <span class='ocrx_word' id='word_1_586' title='bbox 2606 4068 2894 4129; x_wconf 88' lang='lat' dir='ltr'><strong>mutatur</strong></span> <span class='ocrx_word' id='word_1_587' title='bbox 2933 4066 3082 4149; x_wconf 89' lang='lat' dir='ltr'><strong>quis</strong></span> <span class='ocrx_word' id='word_1_588' title='bbox 3122 4070 3201 4135; x_wconf 91' lang='lat' dir='ltr'><strong>de</strong></span> <span class='ocrx_word' id='word_1_589' title='bbox 3241 4071 3397 4139; x_wconf 89' lang='lat' dir='ltr'><strong>vitio</strong></span> <span class='ocrx_word' id='word_1_590' title='bbox 3435 4074 3516 4139; x_wconf 90' lang='lat' dir='ltr'><strong>ad</strong></span> 
     </span>
     <span class='ocr_line' id='line_1_87' title="bbox 1966 4166 3516 4253; baseline 0.01 -20"><span class='ocrx_word' id='word_1_591' title='bbox 1966 4166 2301 4248; x_wconf 87' lang='lat' dir='ltr'><strong>virtutem,</strong></span> <span class='ocrx_word' id='word_1_592' title='bbox 2325 4168 2445 4233; x_wconf 90' lang='lat' dir='ltr'><strong>nisi</strong></span> <span class='ocrx_word' id='word_1_593' title='bbox 2479 4188 2591 4253; x_wconf 91' lang='lat' dir='ltr'><strong>per</strong></span> <span class='ocrx_word' id='word_1_594' title='bbox 2618 4173 3140 4242; x_wconf 84' lang='lat' dir='ltr'><strong>assuefactionem</strong></span> <span class='ocrx_word' id='word_1_595' title='bbox 3166 4179 3248 4243; x_wconf 88' lang='lat' dir='ltr'><strong>ad</strong></span> <span class='ocrx_word' id='word_1_596' title='bbox 3272 4184 3516 4248; x_wconf 88' lang='lat' dir='ltr'><strong>contra-</strong></span> 
     </span>
     <span class='ocr_line' id='line_1_88' title="bbox 1965 4273 3517 4372; baseline 0.013 -35"><span class='ocrx_word' id='word_1_597' title='bbox 1965 4273 2140 4339; x_wconf 90' lang='lat' dir='ltr'><strong>rium</strong></span> <span class='ocrx_word' id='word_1_598' title='bbox 2176 4274 2494 4340; x_wconf 88' lang='lat' dir='ltr'><strong>habitum.</strong></span> <span class='ocrx_word' id='word_1_599' title='bbox 2536 4276 2630 4341; x_wconf 91' lang='lat' dir='ltr'><strong>Ita</strong></span> <span class='ocrx_word' id='word_1_600' title='bbox 2668 4297 2787 4345; x_wconf 89' lang='lat' dir='ltr'><strong>nec</strong></span> <span class='ocrx_word' id='word_1_601' title='bbox 2826 4282 3174 4350; x_wconf 89' lang='lat' dir='ltr'><strong>remittitur</strong></span> <span class='ocrx_word' id='word_1_602' title='bbox 3224 4289 3412 4372; x_wconf 89' lang='lat' dir='ltr'><strong>culpa</strong></span> <span class='ocrx_word' id='word_1_603' title='bbox 3447 4291 3517 4357; x_wconf 89' lang='lat' dir='ltr'><strong>in</strong></span> 
     </span>
     <span class='ocr_line' id='line_1_89' title="bbox 1966 4384 3512 4479; baseline 0.01 -31"><span class='ocrx_word' id='word_1_604' title='bbox 1966 4388 2315 4464; x_wconf 85' lang='lat' dir='ltr'><strong>aeternum,</strong></span> <span class='ocrx_word' id='word_1_605' title='bbox 2365 4384 2490 4448; x_wconf 86' lang='lat' dir='ltr'><strong>nisi</strong></span> <span class='ocrx_word' id='word_1_606' title='bbox 2542 4405 2654 4469; x_wconf 90' lang='lat' dir='ltr'><strong>per</strong></span> <span class='ocrx_word' id='word_1_607' title='bbox 2699 4389 3001 4470; x_wconf 89' lang='lat' dir='ltr'><strong>gratiam.</strong></span> <span class='ocrx_word' id='word_1_608' title='bbox 3048 4393 3211 4459; x_wconf 91' lang='lat' dir='ltr'><strong>Nota</strong></span> <span class='ocrx_word' id='word_1_609' title='bbox 3262 4400 3512 4479; x_wconf 89' lang='lat' dir='ltr'><strong>tamen,</strong></span> 
     </span>
     <span class='ocr_line' id='line_1_90' title="bbox 1965 4489 3515 4574; baseline 0.01 -18"><span class='ocrx_word' id='word_1_610' title='bbox 1965 4490 2139 4574; x_wconf 85' lang='lat' dir='ltr'><strong>quod</strong></span> <span class='ocrx_word' id='word_1_611' title='bbox 2178 4489 2445 4556; x_wconf 90' lang='lat' dir='ltr'><strong>Ethicus</strong></span> <span class='ocrx_word' id='word_1_612' title='bbox 2489 4493 2844 4560; x_wconf 90' lang='lat' dir='ltr'><strong>considerat</strong></span> <span class='ocrx_word' id='word_1_613' title='bbox 2880 4496 3115 4563; x_wconf 89' lang='lat' dir='ltr'><strong>vitium</strong></span> <span class='ocrx_word' id='word_1_614' title='bbox 3161 4504 3515 4571; x_wconf 87' lang='lat' dir='ltr'><strong>secundum</strong></span> 
     </span>
     <span class='ocr_line' id='line_1_91' title="bbox 1966 4599 3514 4692; baseline 0.01 -29"><span class='ocrx_word' id='word_1_615' title='bbox 1966 4599 2141 4681; x_wconf 91' lang='lat' dir='ltr'><strong>quod</strong></span> <span class='ocrx_word' id='word_1_616' title='bbox 2188 4599 2339 4664; x_wconf 88' lang='lat' dir='ltr'><strong>dicit</strong></span> <span class='ocrx_word' id='word_1_617' title='bbox 2381 4600 2922 4669; x_wconf 89' lang='lat' dir='ltr'><strong>deordinationem</strong></span> <span class='ocrx_word' id='word_1_618' title='bbox 2974 4607 3138 4672; x_wconf 89' lang='lat' dir='ltr'><strong>circa</strong></span> <span class='ocrx_word' id='word_1_619' title='bbox 3173 4627 3514 4692; x_wconf 91' lang='lat' dir='ltr'><strong>personam</strong></span> 
     </span>
     <span class='ocr_line' id='line_1_92' title="bbox 1964 4707 3512 4798; baseline 0.009 -28"><span class='ocrx_word' id='word_1_620' title='bbox 1964 4707 2362 4788; x_wconf 87' lang='lat' dir='ltr'><strong>singularem</strong></span> <span class='ocrx_word' id='word_1_621' title='bbox 2381 4757 2398 4788; x_wconf 90' lang='lat'><strong>,</strong></span> <span class='ocrx_word' id='word_1_622' title='bbox 2448 4709 2552 4774; x_wconf 91' lang='lat' dir='ltr'><strong>vel</strong></span> <span class='ocrx_word' id='word_1_623' title='bbox 2585 4710 2751 4775; x_wconf 90' lang='lat' dir='ltr'><strong>circa</strong></span> <span class='ocrx_word' id='word_1_624' title='bbox 2792 4730 2934 4776; x_wconf 92' lang='lat' dir='ltr'><strong>rem</strong></span> <span class='ocrx_word' id='word_1_625' title='bbox 2968 4715 3381 4798; x_wconf 84' lang='lat' dir='ltr'><strong>familiarem,</strong></span> <span class='ocrx_word' id='word_1_626' title='bbox 3405 4720 3512 4784; x_wconf 88' lang='lat' dir='ltr'><strong>vel</strong></span> 
     </span>
     <span class='ocr_line' id='line_1_93' title="bbox 1964 4815 3511 4903; baseline 0.009 -25"><span class='ocrx_word' id='word_1_627' title='bbox 1964 4815 2133 4879; x_wconf 90' lang='lat' dir='ltr'><strong>circa</strong></span> <span class='ocrx_word' id='word_1_628' title='bbox 2170 4833 2310 4880; x_wconf 88' lang='lat' dir='ltr'><strong>rem</strong></span> <span class='ocrx_word' id='word_1_629' title='bbox 2339 4815 2624 4898; x_wconf 83' lang='lat' dir='ltr'><strong>civilem3</strong></span> <span class='ocrx_word' id='word_1_630' title='bbox 2660 4816 3025 4903; x_wconf 91' lang='lat' dir='ltr'><strong>Theologus</strong></span> <span class='ocrx_word' id='word_1_631' title='bbox 3065 4824 3417 4890; x_wconf 88' lang='lat' dir='ltr'><strong>considerat</strong></span> <span class='ocrx_word' id='word_1_632' title='bbox 3440 4827 3511 4893; x_wconf 91' lang='lat' dir='ltr'><strong>in</strong></span> 
     </span>
     <span class='ocr_line' id='line_1_94' title="bbox 1964 4924 3510 5016; baseline 0.008 -29"><span class='ocrx_word' id='word_1_633' title='bbox 1964 4927 2220 5008; x_wconf 90' lang='lat' dir='ltr'><strong>peccato</strong></span> <span class='ocrx_word' id='word_1_634' title='bbox 2262 4924 2549 4990; x_wconf 88' lang='lat' dir='ltr'><strong>divinam</strong></span> <span class='ocrx_word' id='word_1_635' title='bbox 2591 4926 2924 4994; x_wconf 81' lang='lat' dir='ltr'><strong>offensam.</strong></span> <span class='ocrx_word' id='word_1_636' title='bbox 2966 4928 3063 4994; x_wconf 93' lang='lat' dir='ltr'><strong>Tu</strong></span> <span class='ocrx_word' id='word_1_637' title='bbox 3104 4950 3293 5014; x_wconf 89' lang='lat' dir='ltr'><strong>ergo,</strong></span> <span class='ocrx_word' id='word_1_638' title='bbox 3323 4935 3436 5016; x_wconf 90' lang='lat' dir='ltr'><strong>qui</strong></span> <span class='ocrx_word' id='word_1_639' title='bbox 3464 4937 3510 4974; x_wconf 80' lang='lat'><strong>¹⁸</strong></span> 
     </span>
     <span class='ocr_line' id='line_1_95' title="bbox 1973 5031 3510 5116; baseline 0.01 -24"><span class='ocrx_word' id='word_1_640' title='bbox 1973 5053 2004 5092; x_wconf 81' lang='grc' dir='ltr'><strong>σ</strong></span> <span class='ocrx_word' id='word_1_641' title='bbox 2031 5048 2146 5113; x_wconf 88' lang='lat' dir='ltr'><strong>per</strong></span> <span class='ocrx_word' id='word_1_642' title='bbox 2171 5031 2762 5112; x_wconf 83' lang='lat' dir='ltr'><strong>praevaricationem</strong></span> <span class='ocrx_word' id='word_1_643' title='bbox 2791 5033 2980 5116; x_wconf 76' lang='lat' dir='ltr'><strong>legia,</strong></span> <span class='ocrx_word' id='word_1_644' title='bbox 3009 5034 3210 5101; x_wconf 90' lang='lat' dir='ltr'><strong>Deum</strong></span> <span class='ocrx_word' id='word_1_645' title='bbox 3241 5038 3510 5107; x_wconf 90' lang='lat' dir='ltr'><strong>inhono-</strong></span> 
     </span>
     <span class='ocr_line' id='line_1_96' title="bbox 1964 5139 3502 5232; baseline 0.01 -30"><span class='ocrx_word' id='word_1_646' title='bbox 1964 5156 2068 5203; x_wconf 90' lang='lat' dir='ltr'><strong>ras</strong></span> <span class='ocrx_word' id='word_1_647' title='bbox 2081 5187 2101 5219; x_wconf 91' lang='lat'>‚</span> <span class='ocrx_word' id='word_1_648' title='bbox 2136 5162 2167 5198; x_wconf 72' lang='grc' dir='ltr'>υ</span> <span class='ocrx_word' id='word_1_649' title='bbox 2211 5139 2569 5223; x_wconf 87' lang='lat' dir='ltr'><strong>subjacebis</strong></span> <span class='ocrx_word' id='word_1_650' title='bbox 2610 5142 2940 5209; x_wconf 86' lang='lat' dir='ltr'><strong>severitati·</strong></span> <span class='ocrx_word' id='word_1_651' title='bbox 2978 5143 3224 5210; x_wconf 90' lang='lat' dir='ltr'><strong>ultricis</strong></span> <span class='ocrx_word' id='word_1_652' title='bbox 3261 5167 3470 5232; x_wconf 82' lang='lat' dir='ltr'><strong>poenae</strong></span> <span class='ocrx_word' id='word_1_653' title='bbox 3480 5199 3502 5232; x_wconf 90' lang='lat'>‚</span> 
     </span>
    </p>
   </div>
   <div class='ocr_carea' id='block_1_7' title="bbox 1961 5336 3505 5553">
    <p class='ocr_par' dir='ltr' id='par_1_12' title="bbox 1961 5336 3505 5553">
     <span class='ocr_line' id='line_1_97' title="bbox 1961 5336 3505 5414; baseline 0.009 -26"><span class='ocrx_word' id='word_1_654' title='bbox 1961 5339 1985 5376; x_wconf 76' lang='lat'>⁸</span> <span class='ocrx_word' id='word_1_655' title='bbox 2012 5336 2215 5401; x_wconf 65' lang='lat' dir='ltr'><strong>Manli„</strong></span> <span class='ocrx_word' id='word_1_656' title='bbox 2250 5349 2313 5403; x_wconf 91' lang='lat' dir='ltr'><strong>x,</strong></span> <span class='ocrx_word' id='word_1_657' title='bbox 2350 5340 2397 5391; x_wconf 88' lang='lat'><strong>8.</strong></span> <span class='ocrx_word' id='word_1_658' title='bbox 2432 5365 2496 5377; x_wconf 92' lang='lat'><em>-</em></span> <span class='ocrx_word' id='word_1_659' title='bbox 2535 5342 2575 5376; x_wconf 89' lang='lat'><strong>¹⁰</strong></span> <span class='ocrx_word' id='word_1_660' title='bbox 2598 5341 2736 5406; x_wconf 67' lang='lat' dir='ltr'><strong>Act„</strong></span> <span class='ocrx_word' id='word_1_661' title='bbox 2764 5354 2891 5408; x_wconf 81' lang='lat' dir='ltr'><strong>vm,</strong></span> <span class='ocrx_word' id='word_1_662' title='bbox 2917 5344 2996 5394; x_wconf 81' lang='lat'><strong>20.</strong></span> <span class='ocrx_word' id='word_1_663' title='bbox 3024 5369 3089 5380; x_wconf 97' lang='lat'><strong>—</strong></span> <span class='ocrx_word' id='word_1_664' title='bbox 3127 5346 3160 5375; x_wconf 83' lang='lat'><strong>¹¹</strong></span> <span class='ocrx_word' id='word_1_665' title='bbox 3189 5347 3209 5396; x_wconf 91' lang='lat'>1</span> <span class='ocrx_word' id='word_1_666' title='bbox 3237 5346 3398 5409; x_wconf 60' lang='lat' dir='ltr'><strong>Petra,</strong></span> <span class='ocrx_word' id='word_1_667' title='bbox 3434 5362 3505 5414; x_wconf 74' lang='grc' dir='ltr'><strong>ιν,</strong></span> 
     </span>
     <span class='ocr_line' id='line_1_98' title="bbox 1966 5411 3504 5489; baseline 0.01 -27"><span class='ocrx_word' id='word_1_668' title='bbox 1966 5416 2041 5463; x_wconf 73' lang='lat'><strong>10.</strong></span> <span class='ocrx_word' id='word_1_669' title='bbox 2067 5438 2121 5448; x_wconf 94' lang='lat'>—</span> <span class='ocrx_word' id='word_1_670' title='bbox 2157 5412 2195 5442; x_wconf 87' lang='lat'><strong>¹²</strong></span> <span class='ocrx_word' id='word_1_671' title='bbox 2217 5411 2393 5477; x_wconf 66' lang='lat' dir='ltr'><strong>Dion„</strong></span> <span class='ocrx_word' id='word_1_672' title='bbox 2417 5412 2480 5463; x_wconf 80' lang='lat' dir='ltr'><strong>dc</strong></span> <span class='ocrx_word' id='word_1_673' title='bbox 2502 5412 2625 5465; x_wconf 79' lang='lat' dir='ltr'><strong>Coez.</strong></span> <span class='ocrx_word' id='word_1_674' title='bbox 2653 5416 2814 5480; x_wconf 66' lang='lat' dir='ltr'><strong>Hier„</strong></span> <span class='ocrx_word' id='word_1_675' title='bbox 2843 5430 2892 5467; x_wconf 89' lang='lat' dir='ltr'><strong>c.</strong></span> <span class='ocrx_word' id='word_1_676' title='bbox 2919 5428 3009 5467; x_wconf 84' lang='lat' dir='ltr'><strong>xv.</strong></span> <span class='ocrx_word' id='word_1_677' title='bbox 3037 5443 3100 5456; x_wconf 92' lang='lat'>—</span> <span class='ocrx_word' id='word_1_678' title='bbox 3129 5417 3172 5454; x_wconf 83' lang='lat'><strong>¹⁸</strong></span> <span class='ocrx_word' id='word_1_679' title='bbox 3197 5419 3213 5468; x_wconf 88' lang='lat' dir='ltr'><strong>l</strong></span> <span class='ocrx_word' id='word_1_680' title='bbox 3237 5421 3403 5489; x_wconf 62' lang='lat' dir='ltr'><strong>loon„</strong></span> <span class='ocrx_word' id='word_1_681' title='bbox 3423 5437 3504 5488; x_wconf 90' lang='lat'><strong>111,</strong></span> 
     </span>
     <span class='ocr_line' id='line_1_99' title="bbox 1965 5483 3087 5553; baseline 0.008 -19"><span class='ocrx_word' id='word_1_682' title='bbox 1965 5487 2043 5535; x_wconf 75' lang='grc' dir='ltr'><strong>Π.</strong></span> <span class='ocrx_word' id='word_1_683' title='bbox 2070 5509 2132 5523; x_wconf 90' lang='grc'><strong>-</strong></span> <span class='ocrx_word' id='word_1_684' title='bbox 2162 5483 2204 5520; x_wconf 72' lang='lat'><strong>¹⁸</strong></span> <span class='ocrx_word' id='word_1_685' title='bbox 2230 5483 2390 5547; x_wconf 69' lang='lat' dir='ltr'><strong>Rom„</strong></span> <span class='ocrx_word' id='word_1_686' title='bbox 2417 5496 2470 5549; x_wconf 88' lang='lat' dir='ltr'><strong>v,</strong></span> <span class='ocrx_word' id='word_1_687' title='bbox 2501 5489 2547 5539; x_wconf 79' lang='lat'><strong>¹.</strong></span> <span class='ocrx_word' id='word_1_688' title='bbox 2577 5512 2639 5526; x_wconf 89' lang='lat'><em>-</em></span> <span class='ocrx_word' id='word_1_689' title='bbox 2669 5489 2705 5519; x_wconf 78' lang='lat'><strong>¹⁵</strong></span> <span class='ocrx_word' id='word_1_690' title='bbox 2729 5489 2887 5553; x_wconf 67' lang='lat' dir='ltr'><strong>Rom„</strong></span> <span class='ocrx_word' id='word_1_691' title='bbox 2915 5501 2973 5553; x_wconf 80' lang='grc' dir='ltr'><strong>ιι,</strong></span> <span class='ocrx_word' id='word_1_692' title='bbox 3008 5492 3087 5543; x_wconf 78' lang='grc'><strong>23.</strong></span> 
     </span>
    </p>
   </div>
  </div>
 </body>
</html>
