4196 6294
1587 456 1952 525 PSALMUS
1994 459 2254 526 cxvm.

3393 469 3508 534 aw

1525 776 1841 837 ALTERA
1893 776 2326 838 EXPOSITIO

1090 981 1686 1066 EJUSDEM
1769 982 2244 1069 PSALMI
2338 983 2755 1071 CXVIII

1703 1453 2154 1521 ARGUMENTUM

1592 1591 1703 1658 (Ex
1732 1591 1943 1644 editione
1980 1592 2264 1658 Vaticana.)

401 1735 524 1796 Qnae
560 1738 614 1787 et
648 1734 896 1799 temporis
927 1734 1168 1786 diuturno
1204 1748 1329 1799 usn,
1366 1737 1418 1785 et
1458 1734 1690 1785 omnium
1727 1735 2072 1800 comprobatis
2108 1748 2362 1788 consensu
2399 1736 2573 1787 multis
2611 1735 2799 1789 abhinc
2835 1738 2985 1789 annis
3021 1738 3076 1789 in
3107 1739 3275 1791 lucem
3309 1734 3515 1806 prodiit.

340 1811 488 1871 Quod
525 1812 569 1862 sl
608 1810 839 1875 pluribus
873 1811 1062 1876 scripta
1090 1815 1197 1875 est,
1235 1824 1390 1876 quam
1425 1811 1687 1875 superior,
1722 1811 1774 1863 id
1807 1826 1915 1864 non
1949 1813 2176 1865 alienum
2215 1815 2295 1864 est
2324 1827 2358 1864 a
2385 1826 2648 1865 sacrarum
2682 1813 2966 1866 litterarum
2999 1814 3389 1884 interpretibus,
3428 1817 3518 1885 qui

339 1899 695 1951 saepenumero
724 1887 904 1942 eadem
931 1886 1086 1940 modo
1112 1886 1302 1950 fusius,
1331 1886 1488 1940 modo
1515 1887 1725 1941 brevius
1750 1889 2084 1954 explicarunt.

919 2113 1290 2174 PROLOGUS.

723 2263 934 2320 Rullus
967 2265 1176 2321 Psalmi
1193 2282 1211 2319 ε
1241 2264 1502 2320 Alleluia.

345 2386 355 2398 '
417 2395 435 2431 ¹
457 2394 723 2466 Alleluia,
773 2398 892 2452 laus
928 2403 979 2454 et
1007 2399 1215 2470 qloria,
1254 2402 1306 2453 et
1330 2400 1505 2454 virtus
1538 2398 1643 2453 Deo
1678 2400 1874 2453 nostro.

341 2486 480 2556 Quis
500 2486 723 2560 titulus,
744 2489 878 2563 quis
902 2494 1164 2560 ornatus,
1184 2488 1319 2563 quis
1345 2487 1565 2548 fructus
1589 2491 1881 2547 astruatur

339 2583 640 2658 praesentis
675 2585 922 2659 psalmi,
951 2585 1287 2658 apostolicis
1319 2585 1664 2644 instruimur
1695 2585 1880 2643 docu-

341 2678 574 2735 mentis.
600 2678 823 2736 Titulus
852 2681 1075 2753 spectat
1108 2678 1187 2736 ad
1214 2694 1453 2738 causam
1481 2680 1877 2751 materialem,

343 2777 585 2831 ornatus
605 2772 685 2832 ad
705 2772 1052 2845 formalem,
1078 2772 1299 2831 fructus
1326 2773 1406 2832 ad
1432 2772 1692 2833 finalem.

846 2903 1125 2988 Articulus
1153 2934 1388 3004 primus.

416 3059 708 3127 Quantum
736 3056 814 3114 ad
840 3057 1119 3131 primum,
1146 3057 1227 3115 ait
1247 3056 1589 3132 Apostolus:
1618 3060 1881 3130 Alleluia,

346 3152 412 3209 id
444 3156 557 3223 est,
598 3152 853 3209 Laudate
880 3152 1214 3210 Dominum.
1245 3156 1389 3211 Ecce
1431 3152 1785 3210 clarissimus
1813 3152 1886 3209 ti-

346 3246 504 3303 tulus
531 3263 546 3302 :
592 3262 726 3304 ecee
772 3245 1092 3304 clarissima
1131 3246 1378 3305 materia
1422 3245 1636 3320 psalmi
1684 3246 1881 3318 hujus.

347 3339 488 3407 Quis
521 3340 683 3397 enim
713 3339 930 3397 clarior
968 3340 1169 3398 titulus
1185 3382 1206 3412 ,
1248 3353 1433 3414 quam
1471 3339 1601 3397 laus
1644 3338 1888 3398 divina?

348 3447 484 3505 quae
512 3433 728 3490 clarior
768 3433 1045 3503 materia,
1074 3449 1258 3508 quam
1293 3432 1615 3491 laudabilis
1640 3448 1888 3492 conver·

347 3525 591 3584 sationis
626 3525 937 3584 doctrina?
969 3529 1040 3585 Et
1071 3529 1245 3598 nota,
1288 3526 1455 3600 quod
1494 3525 1643 3584 sicut
1678 3526 1889 3600 legitur

349 3618 412 3677 in
430 3619 745 3693 Scriptura,
764 3621 1027 3689 Alleluia,
1052 3619 1175 3677 sive
1198 3619 1554 3679 laudationis
1578 3619 1890 3679 dominicae

345 3711 662 3770 harmonia
689 3716 775 3770 est
802 3711 1082 3783 dicenda,
1111 3712 1413 3784 iteranda,
1449 3713 1774 3773 cantanda:
1804 3713 1890 3771 uti

345 3804 630 3865 referatur
649 3804 828 3865 dictio
849 3806 930 3865 ad
955 3806 1336 3878 intellectum,
1358 3807 1584 3866 iteratio
1611 3807 1691 3865 ad
1718 3806 1891 3866 affec·

347 3901 497 3969 tum,
526 3899 780 3957 cantatio
809 3899 890 3957 ad
917 3899 1188 3958 effectum
1204 3920 1224 3956 ε
1252 3899 1395 3974 quia
1422 3900 1753 3959 secundum
1774 3900 1891 3959 elo·

348 3992 558 4066 quium
592 3992 910 4050 tullianum
937 3996 996 4064 ¹,
1041 3992 1274 4051 dulcior
1311 3996 1399 4051 est
1443 3998 1760 4054 concentus
1797 4009 1891 4052 ac·

349 4090 539 4160 tuum,
568 4102 751 4161 quam
768 4103 1078 4147 sonorum.
1097 4089 1177 4147 De
1202 4087 1398 4161 primo
1412 4090 1466 4147 ⁸:
1493 4106 1523 4142 α
1544 4087 1894 4147 Ceciderunt

349 4180 817 4254 vigintiquatuor
838 4180 1120 4254 senioreS,
1145 4184 1205 4239 et
1227 4184 1483 4255 quatuor
1507 4180 1809 4254 animalia,
1835 4183 1895 4239 et

350 4273 752 4333 adoraverunt
773 4274 1092 4335 sedentem
1127 4290 1306 4349 super
1341 4275 1654 4345 thronum,
1694 4273 1894 4332 dicen·

351 4371 477 4425 tes:
510 4371 716 4440 Amen,
759 4368 1000 4426 alleluia
1024 4387 1039 4425 ι
1059 4388 1087 4424 n
1124 4368 1222 4425 hic
1261 4368 1474 4426 dicitur
1514 4369 1738 4426 alleluia
1769 4367 1893 4426 dic·

352 4461 514 4519 tione
543 4460 918 4520 intellectiva.
951 4464 1031 4521 De
1058 4462 1322 4521 secundo
1350 4478 1533 4537 supra
1557 4461 1771 4520 eodem
1797 4478 1895 4521 ca·

354 4554 548 4630 pitulo
582 4555 668 4613 sic
701 4555 954 4614 habetur
978 4557 1038 4613 ⁴:
1083 4577 1112 4609 «
1145 4559 1357 4615 lterum
1393 4556 1703 4613 dixerunt:
1747 4555 1897 4613 Alle-

353 4647 500 4708 luia.
525 4668 555 4704 »
589 4650 690 4706 llic
726 4648 969 4706 iteratur
999 4648 1239 4707 alleluia
1263 4650 1568 4709 iteratione
1605 4648 1892 4708 affectiva.

357 4745 436 4801 De
450 4743 621 4801 tertio
641 4744 661 4780 ⁸
677 4760 693 4800 z
711 4762 740 4797 α
754 4745 862 4800 Per
888 4742 1052 4799 vicos
1077 4747 1209 4801 tuos
1227 4744 1468 4802 alleluia
1484 4742 1845 4802 cantabitur:
1862 4761 1892 4797 ιι

357 4836 456 4894 hic
479 4840 744 4897 cantatur
768 4833 1013 4895 alleluia
1040 4836 1370 4897 cantatione
1396 4836 1685 4896 effectiva.

827 4995 1118 5054 Articulus
1150 4996 1426 5054 secundus.

422 5122 719 5194 Quantumj
728 5118 1143 5178 adsecundum
1155 5118 1642 5194 additapostolus
1664 5121 1899 5191 tamus,

363 5219 422 5275 et
443 5214 656 5287 gloria,
681 5218 741 5274 et
764 5213 978 5275 virtus:
1006 5232 1039 5271 π
1069 5228 1205 5274 ecce
1229 5212 1418 5291 trinus
1441 5217 1708 5275 ornatus.
1736 5213 1902 5273 Unde

431 5414 451 5449 ²
491 5414 658 5479 apoc„
702 5426 824 5478 nx,
867 5419 916 5466 ¹.
951 5439 1014 5453 -
1056 5414 1077 5444 ²
1112 5412 1170 5465 ld
1207 5376 1313 5477 est,
1350 5411 1497 5463 Tullii
1538 5412 1815 5465 Ciceronis.
1842 5438 1905 5453 -

1986 2114 2221 2173 videtur
2254 2116 2360 2174 iste
2383 2114 2649 2190 psalmus
2675 2117 2848 2192 quasi
2873 2118 3058 2178 trinus
3087 2122 3145 2178 et
3166 2134 3351 2192 unus,
3380 2119 3523 2195 quia

1984 2208 2173 2267 uinus
2213 2212 2446 2281 ornatu,
2490 2208 2599 2268 sed
2637 2225 2789 2268 unus
2824 2215 3093 2274 tractatu.
3134 2212 3379 2273 Trinitas
3413 2214 3523 2274 ista

1984 2303 2330 2378 perhibetur
2362 2305 2675 2364 consistere
2700 2307 2764 2364 in
2806 2304 3016 2379 laude,
3053 2307 3274 2381 gloria,
3322 2311 3381 2367 et
3404 2306 3522 2366 vir-

1986 2399 2137 2455 tute:
2165 2396 2440 2457 videlicet
2464 2399 2529 2456 in
2553 2398 2731 2458 laude
2758 2400 3227 2471 mensurationis,
3253 2400 3316 2458 in
3333 2400 3525 2476 gloria

1986 2491 2437 2564 numerationis,
2474 2492 2538 2550 in
2563 2492 2773 2550 virtute
2808 2492 3272 2567 ponderationis.
3300 2496 3524 2554 Mensu-

1985 2589 2151 2643 ratur
2176 2584 2335 2643 enim
2356 2585 2708 2659 geometrice
2732 2586 2951 2646 circulo
2981 2586 3357 2648 elementario
3370 2607 3390 2662 3
3414 2605 3524 2648 nu-

1988 2682 2249 2739 meratur
2271 2670 2629 2741 arithmetice
2656 2698 2906 2742 numero
2931 2682 3237 2743 octonario
3248 2702 3268 2758 ;
3297 2684 3523 2759 ponde·

1988 2776 2155 2833 ratur
2178 2773 2430 2847 musice,
2468 2774 2592 2835 sive
2618 2775 2885 2848 metrice,
2918 2777 3061 2851 quia
3096 2779 3284 2836 metra
3310 2777 3525 2836 dicitnr
3622 2798 3761 2843 κω..

1991 2866 2269 2942 quaedam
2321 2868 2546 2926 musica
2596 2868 2943 2929 harmonico
2994 2870 3221 2944 pedum
3266 2872 3520 2931 senario·
3550 2862 3673 2916 quid.

1990 2960 2222 3028 Quanta
2261 2959 2337 3018 sit
2370 2960 2501 3020 laus
2545 2961 2749 3020 circuli
2789 2965 3209 3037 mensurantis,
3248 2969 3409 3039 patet
3450 2981 3524 3024 ex

1991 3052 2182 3126 figura
2210 3053 2693 3127 deiformissima,
2722 3056 2866 3130 quia
2899 3056 3360 3131 simplicissima,
3384 3059 3527 3133 quia

1989 3147 2439 3223 perfectissima,
2482 3150 2624 3225 quia
2658 3151 3059 3224 capacissima,
3105 3150 3249 3226 quia
3284 3153 3528 3211 nobilis-

1994 3242 2164 3301 sima.
2205 3245 2431 3312 Quanta
2469 3243 2661 3316 gloria
2698 3243 2773 3303 sit
2811 3245 3095 3304 octonarii
3134 3249 3525 3321 numerantis,

1993 3335 2182 3411 liquet
2204 3353 2277 3394 ex
2303 3352 2399 3409 eo,
2428 3336 2596 3412 quod
2622 3337 2716 3395 bis
2736 3336 2858 3396 duo
2891 3338 2984 3398 bis
3008 3339 3205 3398 valent
3229 3343 3394 3409 octo,
3422 3340 3529 3399 ubi

1995 3446 2278 3489 numerus
2304 3446 2460 3489 unus
2485 3434 2541 3489 et
2563 3430 2791 3504 primus
2816 3448 2924 3506 per
2949 3448 3291 3506 processum
3318 3433 3530 3491 binum

1994 3523 2062 3582 fit
2084 3525 2293 3582 trinus.
2321 3526 2548 3594 Quanta
2572 3523 2647 3583 sit
2671 3524 2856 3584 virtus
2877 3526 3092 3585 senarii
3123 3526 3529 3601 ponderantiS,

1997 3622 2244 3692 apparet
2267 3618 2331 3677 in
2356 3633 2451 3692 eo,
2479 3617 2649 3693 quod
2674 3633 2956 3677 numerus
2977 3620 3287 3694 perlectus,
3314 3626 3374 3680 et
3398 3638 3532 3697 per·

1994 3709 2285 3771 sectorum
2306 3711 2533 3786 primus
2542 3753 2564 3784 ,
2601 3711 2820 3771 trinam
2857 3712 3066 3787 recipit
3098 3712 3530 3774 distinctionem

1994 3808 2211 3878 praeter
2236 3821 2534 3864 excessu-m
2574 3807 2633 3862 et
2668 3804 3137 3864 diminutionem.
3184 3809 3251 3866 Et
3284 3810 3428 3868 nota
3453 3810 3530 3868 de

1996 3896 2252 3957 trinitate
2286 3898 2511 3969 laudis,
2541 3897 2745 3971 gloriae
2771 3902 2829 3957 et
2856 3897 3111 3971 virtutis,
3144 3900 3309 3974 quod
3343 3904 3533 3976 potest

1999 3989 2218 4048 divinis
2243 3990 2512 4066 adaptari
2537 3991 2804 4066 personis
2818 4032 2840 4063 ,
2868 3992 3011 4067 quia
3045 3992 3197 4052 sicut
3230 4011 3306 4053 ex
3343 3996 3533 4072 Scrip-

1998 4084 2145 4143 turis
2169 4083 2493 4158 colligitur,
2533 4085 2667 4143 laus
2693 4085 2874 4158 Patri,
2913 4085 3104 4161 gloria
3142 4087 3323 4162 Filio,
3347 4089 3534 4150 virtus

1998 4178 2235 4252 Spiritui
2261 4181 2463 4237 sancto
2488 4178 2861 4237 adscribitur.

2071 4270 2331 4329 Primum
2356 4274 2516 4346 patet
2539 4287 2650 4346 per
2672 4271 2823 4330 illud
2848 4272 3133 4347 Sapientis
3155 4274 3459 4350 eloquium
3472 4278 3531 4335 ⁸:

2008 4384 2037 4419 α
2064 4365 2217 4423 Patri
2244 4365 2515 4423 omnium
2539 4365 2614 4440 (a)
2648 4364 3031 4427 decantantes
3061 4368 3291 4429 laudes.
3326 4389 3359 4426 w
3384 4375 3533 4430 Ecce

2000 4456 2132 4518 laus
2157 4457 2309 4516 Patri
2333 4457 2647 4533 adscripta.
3332 4482 3342 4489 ·

2071 4551 2409 4610 Secundum
2450 4551 2639 4626 liquet
2686 4567 2797 4628 per
2840 4552 2992 4613 illud
3035 4556 3443 4631 evangelicum
3471 4560 3530 4617 ⁷:

2008 4662 2039 4700 a
2064 4644 2333 4703 Vidimus
2369 4645 2622 4718 gloriam
2659 4648 2819 4719 ejuS,
2846 4648 3108 4720 gloriam
3134 4652 3304 4725 quasi
3334 4651 3540 4725 unige-

2001 4737 2110 4797 niti
2137 4754 2175 4796 a
2197 4740 2401 4796 Patre:
2431 4758 2461 4793 n
2493 4755 2629 4798 ecce
2655 4739 2846 4813 gloria
2870 4741 3016 4801 Filio
3042 4742 3337 4802 attributa.

2070 4831 2329 4889 Tertium
2381 4835 2627 4907 apparet
2674 4849 2784 4907 per
2833 4832 2985 4892 illud
3034 4836 3450 4911 propheticum
3472 4839 3537 4898 ⁸:

2011 4942 2042 4979 a
2070 4924 2287 4999 Spiritu
2314 4924 2433 4987 oris
2458 4925 2614 4998 eJus,
2644 4926 2839 4985 omnis
2860 4928 3046 4989 virtus
3072 4924 3318 4990 eorum:
3344 4952 3375 4987 n
3407 4948 3543 4993 ecce

2003 5017 2191 5078 virtus
2215 5017 2452 5093 Spiritui
2474 5022 2680 5080 sancto
2707 5020 2964 5083 addicta.

2009 5177 2028 5208 ³
2054 5176 2228 5242 Apoc„
2251 5187 2345 5241 vu,
2374 5180 2451 5235 11.
2480 5202 2536 5211 -
2567 5177 2590 5212 δ
2612 5177 2786 5241 Δροσ.,
2810 5188 2923 5243 xlx,
2943 5180 2991 5230 3.
3013 5204 3077 5218 --
3104 5180 3122 5210 ⁸
3154 5178 3289 5245 Tob„
3314 5192 3435 5244 ¹111,
3462 5188 3542 5249 22.

2007 5273 2072 5287 —
2115 5248 2138 5283 ⁸
2174 5247 2316 5312 Sap„
2362 5258 2525 5312 xvm,
2563 5249 2610 5299 9.
2651 5273 2714 5286 —
2764 5248 2782 5278 ⁹
2823 5248 2989 5311 lom„
3032 5260 3083 5312 1,
3121 5252 3195 5303 ss.
3240 5278 3302 5293 -
3342 5252 3367 5288 ⁸
3402 5248 3542 5306 Psal.

2003 5329 2181 5383 mu,
2206 5320 2257 5369 6.

2073 5411 2144 5475 (a)
2183 5407 2331 5473 neq.
2358 5407 2563 5459 patrum
2590 5407 2711 5473 jam.
