<?xml version="1.0" encoding="UTF-8"?>
<!DOCTYPE html PUBLIC "-//W3C//DTD XHTML 1.0 Transitional//EN"
    "http://www.w3.org/TR/xhtml1/DTD/xhtml1-transitional.dtd">
<html xmlns="http://www.w3.org/1999/xhtml" xml:lang="en" lang="en">
 <head>
  <title>
</title>
<meta http-equiv="Content-Type" content="text/html;charset=utf-8" />
  <meta name='ocr-system' content='tesseract 3.04.00' />
  <meta name='ocr-capabilities' content='ocr_page ocr_carea ocr_par ocr_line ocrx_word'/>
</head>
<body>
  <div class='ocr_page' id='page_1' title='image "./srecardinalissb00cargoog_0455.png"; bbox 0 0 4196 6294; ppageno 0'>
   <div class='ocr_carea' id='block_1_1' title="bbox 1583 486 2248 561">
    <p class='ocr_par' dir='ltr' id='par_1_1' title="bbox 1583 486 2248 561">
     <span class='ocr_line' id='line_1_1' title="bbox 1583 486 2248 561; baseline 0 -3"><span class='ocrx_word' id='word_1_1' title='bbox 1583 490 1945 559; x_wconf 77' lang='lat' dir='ltr'>PSALMUS</span> <span class='ocrx_word' id='word_1_2' title='bbox 1988 486 2248 561; x_wconf 75' lang='lat' dir='ltr'>CXVIII.</span> 
     </span>
    </p>
   </div>
   <div class='ocr_carea' id='block_1_2' title="bbox 309 625 1858 1170">
    <p class='ocr_par' dir='ltr' id='par_1_2' title="bbox 309 625 1858 1170">
     <span class='ocr_line' id='line_1_2' title="bbox 314 625 1858 703; baseline 0.002 -19"><span class='ocrx_word' id='word_1_3' title='bbox 314 625 676 685; x_wconf 76' lang='lat' dir='ltr'><strong>Hierusalem</strong></span> <span class='ocrx_word' id='word_1_4' title='bbox 700 626 1046 686; x_wconf 80' lang='lat' dir='ltr'>introducit:</span> <span class='ocrx_word' id='word_1_5' title='bbox 1078 628 1274 687; x_wconf 78' lang='lat' dir='ltr'>educit</span> <span class='ocrx_word' id='word_1_6' title='bbox 1297 628 1519 703; x_wconf 84' lang='lat' dir='ltr'>quippe</span> <span class='ocrx_word' id='word_1_7' title='bbox 1545 627 1609 686; x_wconf 90' lang='lat' dir='ltr'>in</span> <span class='ocrx_word' id='word_1_8' title='bbox 1636 628 1858 687; x_wconf 80' lang='lat' dir='ltr'>confes·</span> 
     </span>
     <span class='ocr_line' id='line_1_3' title="bbox 312 720 1858 794; baseline 0.001 -16"><span class='ocrx_word' id='word_1_9' title='bbox 312 720 477 779; x_wconf 91' lang='lat' dir='ltr'>sione</span> <span class='ocrx_word' id='word_1_10' title='bbox 492 739 512 793; x_wconf 69' lang='grc' dir='ltr'><strong><em>ς</em></strong></span> <span class='ocrx_word' id='word_1_11' title='bbox 569 720 811 779; x_wconf 80' lang='lat' dir='ltr'>deducit</span> <span class='ocrx_word' id='word_1_12' title='bbox 853 721 916 779; x_wconf 90' lang='lat' dir='ltr'>in</span> <span class='ocrx_word' id='word_1_13' title='bbox 960 721 1349 780; x_wconf 78' lang='lat' dir='ltr'>satisfactione</span> <span class='ocrx_word' id='word_1_14' title='bbox 1365 741 1383 794; x_wconf 84' lang='lat'>3</span> <span class='ocrx_word' id='word_1_15' title='bbox 1432 721 1752 781; x_wconf 79' lang='lat' dir='ltr'>introducit</span> <span class='ocrx_word' id='word_1_16' title='bbox 1793 722 1858 779; x_wconf 93' lang='lat' dir='ltr'>in</span> 
     </span>
     <span class='ocr_line' id='line_1_4' title="bbox 312 814 1857 889; baseline 0.001 -18"><span class='ocrx_word' id='word_1_17' title='bbox 312 814 847 872; x_wconf 89' lang='lat' dir='ltr'>consummatione.</span> <span class='ocrx_word' id='word_1_18' title='bbox 880 816 957 872; x_wconf 88' lang='lat' dir='ltr'>De</span> <span class='ocrx_word' id='word_1_19' title='bbox 983 814 1181 889; x_wconf 90' lang='lat' dir='ltr'>primo</span> <span class='ocrx_word' id='word_1_20' title='bbox 1208 815 1255 873; x_wconf 90' lang='lat'>¹:</span> <span class='ocrx_word' id='word_1_21' title='bbox 1294 835 1322 869; x_wconf 78' lang='grc' dir='ltr'>α</span> <span class='ocrx_word' id='word_1_22' title='bbox 1348 819 1413 874; x_wconf 91' lang='lat' dir='ltr'>In</span> <span class='ocrx_word' id='word_1_23' title='bbox 1440 815 1683 873; x_wconf 85' lang='lat' dir='ltr'>veritate</span> <span class='ocrx_word' id='word_1_24' title='bbox 1713 814 1857 872; x_wconf 90' lang='lat' dir='ltr'>edu-</span> 
     </span>
     <span class='ocr_line' id='line_1_5' title="bbox 312 909 1857 985; baseline 0.001 -18"><span class='ocrx_word' id='word_1_25' title='bbox 312 913 405 967; x_wconf 86' lang='lat' dir='ltr'>cet</span> <span class='ocrx_word' id='word_1_26' title='bbox 424 909 755 984; x_wconf 89' lang='lat' dir='ltr'>judicium:</span> <span class='ocrx_word' id='word_1_27' title='bbox 785 926 909 967; x_wconf 91' lang='lat' dir='ltr'>non</span> <span class='ocrx_word' id='word_1_28' title='bbox 939 910 1046 967; x_wconf 89' lang='lat' dir='ltr'>erit</span> <span class='ocrx_word' id='word_1_29' title='bbox 1083 909 1289 981; x_wconf 79' lang='lat' dir='ltr'>tristiS,</span> <span class='ocrx_word' id='word_1_30' title='bbox 1320 927 1514 985; x_wconf 85' lang='lat' dir='ltr'>neque</span> <span class='ocrx_word' id='word_1_31' title='bbox 1547 909 1857 968; x_wconf 87' lang='lat' dir='ltr'>turbulen-</span> 
     </span>
     <span class='ocr_line' id='line_1_6' title="bbox 309 1002 1856 1077; baseline 0.001 -17"><span class='ocrx_word' id='word_1_32' title='bbox 309 1006 437 1075; x_wconf 88' lang='lat' dir='ltr'>tus;</span> <span class='ocrx_word' id='word_1_33' title='bbox 466 1023 496 1057; x_wconf 66' lang='lat' dir='ltr'><em>w</em></span> <span class='ocrx_word' id='word_1_34' title='bbox 529 1002 701 1077; x_wconf 86' lang='lat' dir='ltr'>quasi</span> <span class='ocrx_word' id='word_1_35' title='bbox 734 1002 1026 1061; x_wconf 85' lang='lat' dir='ltr'>diceretur</span> <span class='ocrx_word' id='word_1_36' title='bbox 1063 1005 1298 1076; x_wconf 85' lang='lat' dir='ltr'>aperte3</span> <span class='ocrx_word' id='word_1_37' title='bbox 1338 1004 1399 1061; x_wconf 94' lang='lat' dir='ltr'>in</span> <span class='ocrx_word' id='word_1_38' title='bbox 1435 1003 1677 1062; x_wconf 87' lang='lat' dir='ltr'>veritate</span> <span class='ocrx_word' id='word_1_39' title='bbox 1715 1019 1856 1061; x_wconf 91' lang='lat' dir='ltr'>con-</span> 
     </span>
     <span class='ocr_line' id='line_1_7' title="bbox 310 1096 1858 1170; baseline 0 -16"><span class='ocrx_word' id='word_1_40' title='bbox 310 1096 615 1155; x_wconf 82' lang='lat' dir='ltr'>scientiam</span> <span class='ocrx_word' id='word_1_41' title='bbox 637 1096 961 1170; x_wconf 79' lang='lat' dir='ltr'>judicante,</span> <span class='ocrx_word' id='word_1_42' title='bbox 992 1096 1202 1155; x_wconf 86' lang='lat' dir='ltr'>educet</span> <span class='ocrx_word' id='word_1_43' title='bbox 1222 1096 1514 1170; x_wconf 72' lang='lat' dir='ltr'>iudicium</span> <span class='ocrx_word' id='word_1_44' title='bbox 1543 1097 1605 1154; x_wconf 93' lang='lat' dir='ltr'>in</span> <span class='ocrx_word' id='word_1_45' title='bbox 1634 1098 1858 1156; x_wconf 82' lang='lat' dir='ltr'>confes·</span> 
     </span>
    </p>
   </div>
   <div class='ocr_carea' id='block_1_3' title="bbox 309 1188 1891 1266">
    <p class='ocr_par' dir='ltr' id='par_1_3' title="bbox 309 1188 1891 1266">
     <span class='ocr_line' id='line_1_8' title="bbox 309 1188 1891 1266; baseline 0.001 -19"><span class='ocrx_word' id='word_1_46' title='bbox 309 1191 511 1264; x_wconf 83' lang='lat' dir='ltr'>sione3</span> <span class='ocrx_word' id='word_1_47' title='bbox 558 1206 683 1249; x_wconf 92' lang='lat' dir='ltr'>non</span> <span class='ocrx_word' id='word_1_48' title='bbox 733 1191 842 1249; x_wconf 88' lang='lat' dir='ltr'>erit</span> <span class='ocrx_word' id='word_1_49' title='bbox 880 1190 1084 1263; x_wconf 88' lang='lat' dir='ltr'>tristis,</span> <span class='ocrx_word' id='word_1_50' title='bbox 1129 1206 1325 1266; x_wconf 84' lang='lat' dir='ltr'>neque</span> <span class='ocrx_word' id='word_1_51' title='bbox 1379 1191 1749 1249; x_wconf 89' lang='lat' dir='ltr'>turbulentus</span> <span class='ocrx_word' id='word_1_52' title='bbox 1793 1188 1891 1249; x_wconf 82' lang='lat' dir='ltr'>in&#39;</span> 
     </span>
    </p>
   </div>
   <div class='ocr_carea' id='block_1_4' title="bbox 302 1284 1858 2298">
    <p class='ocr_par' dir='ltr' id='par_1_4' title="bbox 302 1284 1858 2298">
     <span class='ocr_line' id='line_1_9' title="bbox 309 1284 1858 1360; baseline 0.001 -18"><span class='ocrx_word' id='word_1_53' title='bbox 309 1284 721 1343; x_wconf 85' lang='lat' dir='ltr'>satisfactione.</span> <span class='ocrx_word' id='word_1_54' title='bbox 754 1288 831 1342; x_wconf 91' lang='lat' dir='ltr'>De</span> <span class='ocrx_word' id='word_1_55' title='bbox 874 1285 1137 1344; x_wconf 88' lang='lat' dir='ltr'>secundo</span> <span class='ocrx_word' id='word_1_56' title='bbox 1166 1286 1438 1344; x_wconf 86' lang='lat' dir='ltr'>scribitur</span> <span class='ocrx_word' id='word_1_57' title='bbox 1464 1289 1525 1344; x_wconf 80' lang='lat'>²:</span> <span class='ocrx_word' id='word_1_58' title='bbox 1562 1305 1590 1340; x_wconf 80' lang='grc' dir='ltr'><strong>α</strong></span> <span class='ocrx_word' id='word_1_59' title='bbox 1615 1289 1858 1360; x_wconf 88' lang='lat' dir='ltr'>Propter</span> 
     </span>
     <span class='ocr_line' id='line_1_10' title="bbox 310 1379 1857 1453; baseline 0.001 -16"><span class='ocrx_word' id='word_1_60' title='bbox 310 1379 648 1450; x_wconf 86' lang='lat' dir='ltr'>veritatem,</span> <span class='ocrx_word' id='word_1_61' title='bbox 682 1382 739 1437; x_wconf 89' lang='lat' dir='ltr'>et</span> <span class='ocrx_word' id='word_1_62' title='bbox 773 1379 1318 1451; x_wconf 87' lang='lat' dir='ltr'>mansuetudinem,</span> <span class='ocrx_word' id='word_1_63' title='bbox 1362 1384 1419 1437; x_wconf 91' lang='lat' dir='ltr'>et</span> <span class='ocrx_word' id='word_1_64' title='bbox 1437 1379 1725 1453; x_wconf 89' lang='lat' dir='ltr'>justitiam</span> <span class='ocrx_word' id='word_1_65' title='bbox 1755 1380 1857 1438; x_wconf 89' lang='lat' dir='ltr'>de·</span> 
     </span>
     <span class='ocr_line' id='line_1_11' title="bbox 310 1473 1855 1533; baseline -0.001 -1"><span class='ocrx_word' id='word_1_66' title='bbox 310 1474 487 1533; x_wconf 86' lang='lat' dir='ltr'>ducet</span> <span class='ocrx_word' id='word_1_67' title='bbox 531 1478 586 1532; x_wconf 92' lang='lat' dir='ltr'>te</span> <span class='ocrx_word' id='word_1_68' title='bbox 629 1473 978 1532; x_wconf 88' lang='lat' dir='ltr'>mirabiliter</span> <span class='ocrx_word' id='word_1_69' title='bbox 1023 1474 1266 1532; x_wconf 87' lang='lat' dir='ltr'>dextera</span> <span class='ocrx_word' id='word_1_70' title='bbox 1309 1476 1454 1531; x_wconf 86' lang='lat' dir='ltr'>tua:</span> <span class='ocrx_word' id='word_1_71' title='bbox 1492 1493 1522 1529; x_wconf 67' lang='lat' dir='ltr'><strong>n</strong></span> <span class='ocrx_word' id='word_1_72' title='bbox 1567 1489 1701 1531; x_wconf 89' lang='lat' dir='ltr'>ecce</span> <span class='ocrx_word' id='word_1_73' title='bbox 1743 1473 1855 1531; x_wconf 90' lang='lat' dir='ltr'>tria</span> 
     </span>
     <span class='ocr_line' id='line_1_12' title="bbox 302 1567 1854 1642; baseline 0 -17"><span class='ocrx_word' id='word_1_74' title='bbox 302 1568 528 1640; x_wconf 68' lang='lat' dir='ltr'>¹iustum</span> <span class='ocrx_word' id='word_1_75' title='bbox 551 1567 935 1626; x_wconf 85' lang='lat' dir='ltr'>deducentia:</span> <span class='ocrx_word' id='word_1_76' title='bbox 962 1569 1175 1626; x_wconf 88' lang='lat' dir='ltr'>veritas</span> <span class='ocrx_word' id='word_1_77' title='bbox 1198 1567 1545 1641; x_wconf 87' lang='lat' dir='ltr'>judicativa,</span> <span class='ocrx_word' id='word_1_78' title='bbox 1569 1567 1854 1642; x_wconf 69' lang='lat' dir='ltr'>poeniten-</span> 
     </span>
     <span class='ocr_line' id='line_1_13' title="bbox 307 1660 1853 1735; baseline 0.001 -17"><span class='ocrx_word' id='word_1_79' title='bbox 307 1662 461 1719; x_wconf 90' lang='lat' dir='ltr'>tialis</span> <span class='ocrx_word' id='word_1_80' title='bbox 490 1661 702 1735; x_wconf 89' lang='lat' dir='ltr'>judicii</span> <span class='ocrx_word' id='word_1_81' title='bbox 730 1661 1035 1733; x_wconf 88' lang='lat' dir='ltr'>eductiva;</span> <span class='ocrx_word' id='word_1_82' title='bbox 1074 1660 1498 1732; x_wconf 90' lang='lat' dir='ltr'>mansuetudo,</span> <span class='ocrx_word' id='word_1_83' title='bbox 1529 1661 1725 1720; x_wconf 88' lang='lat' dir='ltr'>educti</span> <span class='ocrx_word' id='word_1_84' title='bbox 1757 1663 1853 1735; x_wconf 87' lang='lat' dir='ltr'>ju·</span> 
     </span>
     <span class='ocr_line' id='line_1_14' title="bbox 308 1754 1856 1830; baseline 0.002 -18"><span class='ocrx_word' id='word_1_85' title='bbox 308 1755 447 1813; x_wconf 90' lang='lat' dir='ltr'>dicii</span> <span class='ocrx_word' id='word_1_86' title='bbox 470 1756 834 1830; x_wconf 83' lang='lat' dir='ltr'>susceptiva3</span> <span class='ocrx_word' id='word_1_87' title='bbox 856 1759 912 1813; x_wconf 92' lang='lat' dir='ltr'>et</span> <span class='ocrx_word' id='word_1_88' title='bbox 932 1754 1177 1828; x_wconf 75' lang='lat' dir='ltr'>iustitia,</span> <span class='ocrx_word' id='word_1_89' title='bbox 1206 1754 1460 1829; x_wconf 90' lang='lat' dir='ltr'>suscepti</span> <span class='ocrx_word' id='word_1_90' title='bbox 1482 1755 1694 1828; x_wconf 83' lang='lat' dir='ltr'>judicii</span> <span class='ocrx_word' id='word_1_91' title='bbox 1722 1773 1856 1815; x_wconf 87' lang='lat' dir='ltr'>exe-</span> 
     </span>
     <span class='ocr_line' id='line_1_15' title="bbox 309 1849 1854 1926; baseline 0.003 -20"><span class='ocrx_word' id='word_1_92' title='bbox 309 1849 523 1908; x_wconf 89' lang='lat' dir='ltr'>cutiva.</span> <span class='ocrx_word' id='word_1_93' title='bbox 561 1853 640 1909; x_wconf 89' lang='lat' dir='ltr'>De</span> <span class='ocrx_word' id='word_1_94' title='bbox 674 1850 842 1909; x_wconf 89' lang='lat' dir='ltr'>tertio</span> <span class='ocrx_word' id='word_1_95' title='bbox 866 1852 926 1907; x_wconf 79' lang='lat'>⁸:</span> <span class='ocrx_word' id='word_1_96' title='bbox 965 1870 993 1904; x_wconf 75' lang='grc' dir='ltr'><strong>α</strong></span> <span class='ocrx_word' id='word_1_97' title='bbox 1024 1850 1253 1926; x_wconf 75' lang='lat' dir='ltr'>Aperite</span> <span class='ocrx_word' id='word_1_98' title='bbox 1290 1854 1522 1925; x_wconf 80' lang='lat' dir='ltr'>portas,</span> <span class='ocrx_word' id='word_1_99' title='bbox 1563 1854 1620 1908; x_wconf 90' lang='lat' dir='ltr'>et</span> <span class='ocrx_word' id='word_1_100' title='bbox 1656 1852 1854 1926; x_wconf 86' lang='lat' dir='ltr'>ingre·</span> 
     </span>
     <span class='ocr_line' id='line_1_16' title="bbox 309 1942 1847 2018; baseline 0.001 -18"><span class='ocrx_word' id='word_1_101' title='bbox 309 1942 505 2002; x_wconf 89' lang='lat' dir='ltr'>diatur</span> <span class='ocrx_word' id='word_1_102' title='bbox 536 1945 605 2018; x_wconf 82' lang='lat' dir='ltr'>(a)</span> <span class='ocrx_word' id='word_1_103' title='bbox 634 1961 778 2017; x_wconf 90' lang='lat' dir='ltr'>gens</span> <span class='ocrx_word' id='word_1_104' title='bbox 799 1946 986 2018; x_wconf 88' lang='lat' dir='ltr'>justa,</span> <span class='ocrx_word' id='word_1_105' title='bbox 1010 1948 1068 2003; x_wconf 93' lang='lat' dir='ltr'>et</span> <span class='ocrx_word' id='word_1_106' title='bbox 1100 1945 1436 2003; x_wconf 88' lang='lat' dir='ltr'>custodiens</span> <span class='ocrx_word' id='word_1_107' title='bbox 1462 1946 1787 2004; x_wconf 89' lang='lat' dir='ltr'>veritatem.</span> <span class='ocrx_word' id='word_1_108' title='bbox 1819 1967 1847 2001; x_wconf 87' lang='lat'>»</span> 
     </span>
     <span class='ocr_line' id='line_1_17' title="bbox 308 2036 1855 2114; baseline 0.003 -19"><span class='ocrx_word' id='word_1_109' title='bbox 308 2036 426 2095; x_wconf 90' lang='lat' dir='ltr'>lllis</span> <span class='ocrx_word' id='word_1_110' title='bbox 452 2037 752 2113; x_wconf 86' lang='lat' dir='ltr'>siquidem</span> <span class='ocrx_word' id='word_1_111' title='bbox 787 2044 960 2113; x_wconf 87' lang='lat' dir='ltr'>porta</span> <span class='ocrx_word' id='word_1_112' title='bbox 1000 2055 1269 2114; x_wconf 82' lang='lat' dir='ltr'>supernae</span> <span class='ocrx_word' id='word_1_113' title='bbox 1317 2037 1675 2098; x_wconf 83' lang='lat' dir='ltr'>Hierusalem</span> <span class='ocrx_word' id='word_1_114' title='bbox 1708 2040 1855 2099; x_wconf 87' lang='lat' dir='ltr'>fina-</span> 
     </span>
     <span class='ocr_line' id='line_1_18' title="bbox 307 2130 1852 2207; baseline 0.004 -20"><span class='ocrx_word' id='word_1_115' title='bbox 307 2130 436 2189; x_wconf 84' lang='lat' dir='ltr'>liter</span> <span class='ocrx_word' id='word_1_116' title='bbox 483 2131 764 2206; x_wconf 89' lang='lat' dir='ltr'>aperitur,</span> <span class='ocrx_word' id='word_1_117' title='bbox 816 2149 853 2192; x_wconf 91' lang='lat' dir='ltr'>a</span> <span class='ocrx_word' id='word_1_118' title='bbox 912 2132 1132 2207; x_wconf 86' lang='lat' dir='ltr'>quibus</span> <span class='ocrx_word' id='word_1_119' title='bbox 1182 2132 1399 2191; x_wconf 87' lang='lat' dir='ltr'>veritas</span> <span class='ocrx_word' id='word_1_120' title='bbox 1446 2148 1571 2192; x_wconf 92' lang='lat' dir='ltr'>non</span> <span class='ocrx_word' id='word_1_121' title='bbox 1622 2138 1852 2193; x_wconf 91' lang='lat' dir='ltr'>tantum</span> 
     </span>
     <span class='ocr_line' id='line_1_19' title="bbox 307 2224 1493 2298; baseline 0.004 -18"><span class='ocrx_word' id='word_1_122' title='bbox 307 2224 561 2285; x_wconf 83' lang='lat' dir='ltr'>scientiae</span> <span class='ocrx_word' id='word_1_123' title='bbox 575 2268 594 2298; x_wconf 90' lang='lat'><em>‚</em></span> <span class='ocrx_word' id='word_1_124' title='bbox 622 2227 729 2285; x_wconf 87' lang='lat' dir='ltr'>sed</span> <span class='ocrx_word' id='word_1_125' title='bbox 752 2227 1121 2286; x_wconf 79' lang='lat' dir='ltr'>conscientiae</span> <span class='ocrx_word' id='word_1_126' title='bbox 1148 2227 1493 2286; x_wconf 90' lang='lat' dir='ltr'>custoditur.</span> 
     </span>
    </p>
   </div>
   <div class='ocr_carea' id='block_1_5' title="bbox 715 2387 1364 2458">
    <p class='ocr_par' dir='ltr' id='par_1_5' title="bbox 715 2387 1364 2458">
     <span class='ocr_line' id='line_1_20' title="bbox 715 2387 1364 2458; baseline 0.003 -15"><span class='ocrx_word' id='word_1_127' title='bbox 715 2430 718 2434; x_wconf 19' lang='grc' dir='ltr'><strong><em>ι</em></strong></span> <span class='ocrx_word' id='word_1_128' title='bbox 796 2387 1082 2444; x_wconf 78' lang='lat' dir='ltr'>Articulus</span> <span class='ocrx_word' id='word_1_129' title='bbox 1118 2392 1364 2458; x_wconf 73' lang='lat' dir='ltr'>quartus.</span> 
     </span>
    </p>
   </div>
   <div class='ocr_carea' id='block_1_6' title="bbox 308 2510 1850 2680">
    <p class='ocr_par' dir='ltr' id='par_1_6' title="bbox 308 2510 1850 2680">
     <span class='ocr_line' id='line_1_21' title="bbox 379 2510 1847 2587; baseline 0.003 -19"><span class='ocrx_word' id='word_1_130' title='bbox 379 2510 471 2569; x_wconf 82' lang='lat' dir='ltr'>Ad</span> <span class='ocrx_word' id='word_1_131' title='bbox 498 2516 774 2585; x_wconf 84' lang='lat' dir='ltr'>quartum</span> <span class='ocrx_word' id='word_1_132' title='bbox 796 2511 1087 2586; x_wconf 90' lang='lat' dir='ltr'>pertinere</span> <span class='ocrx_word' id='word_1_133' title='bbox 1117 2512 1502 2585; x_wconf 85' lang='lat' dir='ltr'>dignoscitur,</span> <span class='ocrx_word' id='word_1_134' title='bbox 1520 2514 1687 2587; x_wconf 87' lang='lat' dir='ltr'>quod</span> <span class='ocrx_word' id='word_1_135' title='bbox 1712 2529 1847 2572; x_wconf 88' lang='lat' dir='ltr'>con-</span> 
     </span>
     <span class='ocr_line' id='line_1_22' title="bbox 308 2606 1850 2680; baseline 0.003 -18"><span class='ocrx_word' id='word_1_136' title='bbox 308 2610 620 2680; x_wconf 87' lang='lat' dir='ltr'>sequenter</span> <span class='ocrx_word' id='word_1_137' title='bbox 661 2606 916 2663; x_wconf 89' lang='lat' dir='ltr'>dicitur:</span> <span class='ocrx_word' id='word_1_138' title='bbox 969 2608 1298 2664; x_wconf 82' lang='lat' dir='ltr'>Humiliasti</span> <span class='ocrx_word' id='word_1_139' title='bbox 1331 2623 1433 2665; x_wconf 86' lang='lat' dir='ltr'>me.</span> <span class='ocrx_word' id='word_1_140' title='bbox 1487 2610 1614 2665; x_wconf 81' lang='lat' dir='ltr'>Haec</span> <span class='ocrx_word' id='word_1_141' title='bbox 1652 2609 1850 2667; x_wconf 92' lang='lat' dir='ltr'>humi-</span> 
     </span>
    </p>
   </div>
   <div class='ocr_carea' id='block_1_7' title="bbox 61 2699 1853 2870">
    <p class='ocr_par' dir='ltr' id='par_1_7' title="bbox 61 2699 1853 2870">
     <span class='ocr_line' id='line_1_23' title="bbox 103 2699 1851 2774; baseline 0 -14"><span class='ocrx_word' id='word_1_142' title='bbox 103 2727 280 2771; x_wconf 53' lang='lat' dir='ltr'>veffl„</span> <span class='ocrx_word' id='word_1_143' title='bbox 307 2699 472 2757; x_wconf 91' lang='lat' dir='ltr'>liatio</span> <span class='ocrx_word' id='word_1_144' title='bbox 507 2703 592 2757; x_wconf 90' lang='lat' dir='ltr'>est</span> <span class='ocrx_word' id='word_1_145' title='bbox 617 2700 891 2757; x_wconf 83' lang='lat' dir='ltr'>vanitatis</span> <span class='ocrx_word' id='word_1_146' title='bbox 920 2701 1197 2774; x_wconf 87' lang='lat' dir='ltr'>expiatio.</span> <span class='ocrx_word' id='word_1_147' title='bbox 1229 2703 1447 2759; x_wconf 86' lang='lat' dir='ltr'>Veritas</span> <span class='ocrx_word' id='word_1_148' title='bbox 1473 2707 1732 2760; x_wconf 89' lang='lat' dir='ltr'>mentem</span> <span class='ocrx_word' id='word_1_149' title='bbox 1761 2708 1851 2761; x_wconf 91' lang='lat' dir='ltr'>tu-</span> 
     </span>
     <span class='ocr_line' id='line_1_24' title="bbox 61 2792 1853 2870; baseline 0 -16"><span class='ocrx_word' id='word_1_150' title='bbox 61 2792 256 2862; x_wconf 61' lang='lat' dir='ltr'>¹¹²⁶¹²¹P3¹²</span> <span class='ocrx_word' id='word_1_151' title='bbox 305 2797 563 2851; x_wconf 90' lang='lat' dir='ltr'>mentem</span> <span class='ocrx_word' id='word_1_152' title='bbox 589 2793 883 2864; x_wconf 89' lang='lat' dir='ltr'>humiliat,</span> <span class='ocrx_word' id='word_1_153' title='bbox 923 2795 1167 2868; x_wconf 86' lang='lat' dir='ltr'>quando</span> <span class='ocrx_word' id='word_1_154' title='bbox 1207 2801 1504 2853; x_wconf 89' lang='lat' dir='ltr'>tumorem</span> <span class='ocrx_word' id='word_1_155' title='bbox 1537 2796 1752 2870; x_wconf 82' lang='lat' dir='ltr'>expiat.</span> <span class='ocrx_word' id='word_1_156' title='bbox 1786 2798 1853 2855; x_wconf 84' lang='lat' dir='ltr'>Et</span> 
     </span>
    </p>
   </div>
   <div class='ocr_carea' id='block_1_8' title="bbox 72 2852 280 2896">
    <p class='ocr_par' dir='ltr' id='par_1_8' title="bbox 72 2852 280 2896">
     <span class='ocr_line' id='line_1_25' title="bbox 72 2852 280 2896; baseline 0.019 -4"><span class='ocrx_word' id='word_1_157' title='bbox 72 2852 280 2896; x_wconf 64' lang='lat' dir='ltr'>humma:</span> 
     </span>
    </p>
   </div>
   <div class='ocr_carea' id='block_1_9' title="bbox 299 2887 1852 3699">
    <p class='ocr_par' dir='ltr' id='par_1_9' title="bbox 299 2887 1852 3699">
     <span class='ocr_line' id='line_1_26' title="bbox 304 2887 1852 2963; baseline 0.003 -20"><span class='ocrx_word' id='word_1_158' title='bbox 304 2891 480 2953; x_wconf 86' lang='lat' dir='ltr'>nota,</span> <span class='ocrx_word' id='word_1_159' title='bbox 510 2887 676 2962; x_wconf 86' lang='lat' dir='ltr'>quod</span> <span class='ocrx_word' id='word_1_160' title='bbox 711 2887 925 2945; x_wconf 88' lang='lat' dir='ltr'>veritas</span> <span class='ocrx_word' id='word_1_161' title='bbox 964 2888 1239 2946; x_wconf 90' lang='lat' dir='ltr'>humiliat</span> <span class='ocrx_word' id='word_1_162' title='bbox 1277 2892 1534 2946; x_wconf 88' lang='lat' dir='ltr'>mentem</span> <span class='ocrx_word' id='word_1_163' title='bbox 1571 2904 1680 2963; x_wconf 91' lang='lat' dir='ltr'>per</span> <span class='ocrx_word' id='word_1_164' title='bbox 1705 2906 1852 2948; x_wconf 89' lang='lat' dir='ltr'>moe-</span> 
     </span>
     <span class='ocr_line' id='line_1_27' title="bbox 303 2980 1851 3056; baseline 0.003 -19"><span class='ocrx_word' id='word_1_165' title='bbox 303 2996 522 3053; x_wconf 89' lang='lat' dir='ltr'>rorem,</span> <span class='ocrx_word' id='word_1_166' title='bbox 552 2980 871 3056; x_wconf 91' lang='lat' dir='ltr'>pudorem,</span> <span class='ocrx_word' id='word_1_167' title='bbox 899 2981 1203 3041; x_wconf 88' lang='lat' dir='ltr'>laborem:</span> <span class='ocrx_word' id='word_1_168' title='bbox 1235 2999 1455 3041; x_wconf 86' lang='lat' dir='ltr'>moeror</span> <span class='ocrx_word' id='word_1_169' title='bbox 1487 2983 1761 3042; x_wconf 91' lang='lat' dir='ltr'>humiliat</span> <span class='ocrx_word' id='word_1_170' title='bbox 1786 2983 1851 3042; x_wconf 84' lang='lat' dir='ltr'>in</span> 
     </span>
     <span class='ocr_line' id='line_1_28' title="bbox 305 3075 1849 3152; baseline 0.003 -20"><span class='ocrx_word' id='word_1_171' title='bbox 305 3075 653 3134; x_wconf 91' lang='lat' dir='ltr'>contritione</span> <span class='ocrx_word' id='word_1_172' title='bbox 666 3094 685 3147; x_wconf 83' lang='lat'><em>3</em></span> <span class='ocrx_word' id='word_1_173' title='bbox 731 3075 950 3152; x_wconf 88' lang='lat' dir='ltr'>pudor,</span> <span class='ocrx_word' id='word_1_174' title='bbox 1000 3076 1062 3133; x_wconf 91' lang='lat' dir='ltr'>in</span> <span class='ocrx_word' id='word_1_175' title='bbox 1102 3076 1468 3135; x_wconf 80' lang='lat' dir='ltr'>confessione</span> <span class='ocrx_word' id='word_1_176' title='bbox 1480 3097 1498 3150; x_wconf 79' lang='lat'><em>3</em></span> <span class='ocrx_word' id='word_1_177' title='bbox 1545 3076 1738 3152; x_wconf 89' lang='lat' dir='ltr'>labor,</span> <span class='ocrx_word' id='word_1_178' title='bbox 1786 3078 1849 3137; x_wconf 89' lang='lat' dir='ltr'>in</span> 
     </span>
     <span class='ocr_line' id='line_1_29' title="bbox 301 3170 1849 3245; baseline 0.003 -18"><span class='ocrx_word' id='word_1_179' title='bbox 301 3170 713 3229; x_wconf 82' lang='lat' dir='ltr'>satisfactione.</span> <span class='ocrx_word' id='word_1_180' title='bbox 739 3173 815 3228; x_wconf 91' lang='lat' dir='ltr'>De</span> <span class='ocrx_word' id='word_1_181' title='bbox 844 3170 1041 3245; x_wconf 85' lang='lat' dir='ltr'>primo</span> <span class='ocrx_word' id='word_1_182' title='bbox 1059 3171 1111 3227; x_wconf 71' lang='lat'>¹’:</span> <span class='ocrx_word' id='word_1_183' title='bbox 1143 3190 1171 3225; x_wconf 75' lang='grc' dir='ltr'><strong>α</strong></span> <span class='ocrx_word' id='word_1_184' title='bbox 1200 3173 1413 3229; x_wconf 82' lang='lat' dir='ltr'>Moeror</span> <span class='ocrx_word' id='word_1_185' title='bbox 1439 3170 1500 3228; x_wconf 90' lang='lat' dir='ltr'>in</span> <span class='ocrx_word' id='word_1_186' title='bbox 1528 3173 1707 3230; x_wconf 89' lang='lat' dir='ltr'>corde</span> <span class='ocrx_word' id='word_1_187' title='bbox 1739 3173 1849 3231; x_wconf 88' lang='lat' dir='ltr'>viri</span> 
     </span>
     <span class='ocr_line' id='line_1_30' title="bbox 300 3264 1848 3339; baseline 0.003 -18"><span class='ocrx_word' id='word_1_188' title='bbox 300 3264 637 3324; x_wconf 86' lang='lat' dir='ltr'>humiliabit</span> <span class='ocrx_word' id='word_1_189' title='bbox 664 3283 822 3339; x_wconf 89' lang='lat' dir='ltr'>eum,</span> <span class='ocrx_word' id='word_1_190' title='bbox 851 3287 879 3320; x_wconf 67' lang='grc' dir='ltr'>ι)</span> <span class='ocrx_word' id='word_1_191' title='bbox 910 3265 1131 3323; x_wconf 89' lang='lat' dir='ltr'>scilicet</span> <span class='ocrx_word' id='word_1_192' title='bbox 1157 3264 1219 3322; x_wconf 86' lang='lat' dir='ltr'>in</span> <span class='ocrx_word' id='word_1_193' title='bbox 1252 3265 1623 3324; x_wconf 85' lang='lat' dir='ltr'>contritione.</span> <span class='ocrx_word' id='word_1_194' title='bbox 1656 3268 1734 3325; x_wconf 88' lang='lat' dir='ltr'>De</span> <span class='ocrx_word' id='word_1_195' title='bbox 1763 3284 1848 3326; x_wconf 89' lang='lat' dir='ltr'>se-</span> 
     </span>
     <span class='ocr_line' id='line_1_31' title="bbox 302 3358 1842 3434; baseline 0.001 -18"><span class='ocrx_word' id='word_1_196' title='bbox 302 3358 499 3417; x_wconf 90' lang='lat' dir='ltr'>cundo</span> <span class='ocrx_word' id='word_1_197' title='bbox 518 3360 574 3416; x_wconf 82' lang='lat'>⁸:</span> <span class='ocrx_word' id='word_1_198' title='bbox 606 3380 634 3414; x_wconf 71' lang='lat' dir='ltr'>a</span> <span class='ocrx_word' id='word_1_199' title='bbox 657 3359 1001 3434; x_wconf 81' lang='lat' dir='ltr'>Presbytero</span> <span class='ocrx_word' id='word_1_200' title='bbox 1028 3358 1280 3417; x_wconf 90' lang='lat' dir='ltr'>humilia</span> <span class='ocrx_word' id='word_1_201' title='bbox 1297 3360 1579 3424; x_wconf 76' lang='lat' dir='ltr'>‚animam</span> <span class='ocrx_word' id='word_1_202' title='bbox 1605 3363 1789 3434; x_wconf 88' lang='lat' dir='ltr'>tuam,</span> <span class='ocrx_word' id='word_1_203' title='bbox 1812 3383 1842 3417; x_wconf 74' lang='lat' dir='ltr'>n</span> 
     </span>
     <span class='ocr_line' id='line_1_32' title="bbox 300 3452 1844 3514; baseline 0.003 -5"><span class='ocrx_word' id='word_1_204' title='bbox 300 3453 521 3511; x_wconf 86' lang='lat' dir='ltr'>scilicet</span> <span class='ocrx_word' id='word_1_205' title='bbox 574 3453 634 3511; x_wconf 90' lang='lat' dir='ltr'>in</span> <span class='ocrx_word' id='word_1_206' title='bbox 688 3452 1076 3512; x_wconf 82' lang='lat' dir='ltr'>confessione.</span> <span class='ocrx_word' id='word_1_207' title='bbox 1135 3456 1212 3510; x_wconf 85' lang='lat' dir='ltr'>Dc</span> <span class='ocrx_word' id='word_1_208' title='bbox 1265 3455 1435 3514; x_wconf 86' lang='lat' dir='ltr'>tertio</span> <span class='ocrx_word' id='word_1_209' title='bbox 1475 3455 1750 3514; x_wconf 87' lang='lat' dir='ltr'>scribitur</span> <span class='ocrx_word' id='word_1_210' title='bbox 1782 3458 1803 3493; x_wconf 79' lang='lat'>⁸</span> <span class='ocrx_word' id='word_1_211' title='bbox 1828 3475 1844 3514; x_wconf 94' lang='lat'>:</span> 
     </span>
     <span class='ocr_line' id='line_1_33' title="bbox 305 3547 1849 3622; baseline 0.006 -23"><span class='ocrx_word' id='word_1_212' title='bbox 305 3565 335 3599; x_wconf 72' lang='grc' dir='ltr'>ι(</span> <span class='ocrx_word' id='word_1_213' title='bbox 361 3547 761 3605; x_wconf 79' lang='lat' dir='ltr'>Humiliabam</span> <span class='ocrx_word' id='word_1_214' title='bbox 788 3547 851 3605; x_wconf 90' lang='lat' dir='ltr'>in</span> <span class='ocrx_word' id='word_1_215' title='bbox 882 3547 1109 3621; x_wconf 88' lang='lat' dir='ltr'>jejunio</span> <span class='ocrx_word' id='word_1_216' title='bbox 1138 3547 1400 3606; x_wconf 88' lang='lat' dir='ltr'>animam</span> <span class='ocrx_word' id='word_1_217' title='bbox 1429 3564 1661 3622; x_wconf 90' lang='lat' dir='ltr'>meam,</span> <span class='ocrx_word' id='word_1_218' title='bbox 1686 3570 1713 3606; x_wconf 84' lang='lat'><strong>»</strong></span> <span class='ocrx_word' id='word_1_219' title='bbox 1738 3550 1849 3608; x_wconf 90' lang='lat' dir='ltr'>sci·</span> 
     </span>
     <span class='ocr_line' id='line_1_34' title="bbox 299 3639 966 3699; baseline 0 -2"><span class='ocrx_word' id='word_1_220' title='bbox 299 3639 436 3698; x_wconf 90' lang='lat' dir='ltr'>licet</span> <span class='ocrx_word' id='word_1_221' title='bbox 460 3639 523 3697; x_wconf 91' lang='lat' dir='ltr'>in</span> <span class='ocrx_word' id='word_1_222' title='bbox 551 3639 966 3699; x_wconf 73' lang='lat' dir='ltr'>satisfactione.</span> 
     </span>
    </p>
   </div>
   <div class='ocr_carea' id='block_1_10' title="bbox 945 3805 1206 3872">
    <p class='ocr_par' dir='ltr' id='par_1_10' title="bbox 945 3805 1206 3872">
     <span class='ocr_line' id='line_1_35' title="bbox 945 3805 1206 3872; baseline -0.004 -17"><span class='ocrx_word' id='word_1_223' title='bbox 945 3805 1206 3872; x_wconf 81' lang='lat' dir='ltr'>Epilogus.</span> 
     </span>
    </p>
   </div>
   <div class='ocr_carea' id='block_1_11' title="bbox 298 3923 1847 4660">
    <p class='ocr_par' dir='ltr' id='par_1_11' title="bbox 298 3923 1847 4660">
     <span class='ocr_line' id='line_1_36' title="bbox 371 3923 1847 4001; baseline 0.003 -22"><span class='ocrx_word' id='word_1_224' title='bbox 371 3923 460 3980; x_wconf 78' lang='lat' dir='ltr'>Ait</span> <span class='ocrx_word' id='word_1_225' title='bbox 506 3940 649 3998; x_wconf 89' lang='lat' dir='ltr'>ergo</span> <span class='ocrx_word' id='word_1_226' title='bbox 702 3927 1010 4001; x_wconf 88' lang='lat' dir='ltr'>Propheta,</span> <span class='ocrx_word' id='word_1_227' title='bbox 1052 3926 1349 3999; x_wconf 86' lang='lat' dir='ltr'>judicium</span> <span class='ocrx_word' id='word_1_228' title='bbox 1398 3926 1656 3986; x_wconf 89' lang='lat' dir='ltr'>veritatis</span> <span class='ocrx_word' id='word_1_229' title='bbox 1710 3927 1847 3985; x_wconf 89' lang='lat' dir='ltr'>insi·</span> 
     </span>
     <span class='ocr_line' id='line_1_37' title="bbox 299 4021 1845 4095; baseline 0.003 -21"><span class='ocrx_word' id='word_1_230' title='bbox 299 4033 492 4075; x_wconf 88' lang='lat' dir='ltr'>nuans</span> <span class='ocrx_word' id='word_1_231' title='bbox 515 4035 623 4093; x_wconf 91' lang='lat' dir='ltr'>per</span> <span class='ocrx_word' id='word_1_232' title='bbox 646 4021 772 4078; x_wconf 80' lang='lat' dir='ltr'>hoec</span> <span class='ocrx_word' id='word_1_233' title='bbox 800 4022 1020 4079; x_wconf 87' lang='lat' dir='ltr'>verba:</span> <span class='ocrx_word' id='word_1_234' title='bbox 1059 4023 1290 4092; x_wconf 66' lang='lat' dir='ltr'>Cognovi</span> <span class='ocrx_word' id='word_1_235' title='bbox 1305 4064 1323 4092; x_wconf 90' lang='lat'>‚</span> <span class='ocrx_word' id='word_1_236' title='bbox 1354 4024 1602 4093; x_wconf 75' lang='lat' dir='ltr'>Domine,</span> <span class='ocrx_word' id='word_1_237' title='bbox 1636 4021 1698 4078; x_wconf 91' lang='lat' dir='ltr'>in</span> <span class='ocrx_word' id='word_1_238' title='bbox 1723 4036 1845 4095; x_wconf 89' lang='lat' dir='ltr'>quo</span> 
     </span>
     <span class='ocr_line' id='line_1_38' title="bbox 298 4110 1844 4189; baseline 0.004 -23"><span class='ocrx_word' id='word_1_239' title='bbox 298 4110 513 4168; x_wconf 88' lang='lat' dir='ltr'>veritas</span> <span class='ocrx_word' id='word_1_240' title='bbox 568 4112 886 4172; x_wconf 89' lang='lat' dir='ltr'>indicativa</span> <span class='ocrx_word' id='word_1_241' title='bbox 903 4157 922 4186; x_wconf 92' lang='lat'>,</span> <span class='ocrx_word' id='word_1_242' title='bbox 971 4130 1104 4189; x_wconf 71' lang='lat' dir='ltr'>qua:</span> <span class='ocrx_word' id='word_1_243' title='bbox 1153 4116 1374 4187; x_wconf 74' lang='lat' dir='ltr'>spectat</span> <span class='ocrx_word' id='word_1_244' title='bbox 1417 4113 1497 4172; x_wconf 91' lang='lat' dir='ltr'>ad</span> <span class='ocrx_word' id='word_1_245' title='bbox 1543 4113 1844 4189; x_wconf 88' lang='lat' dir='ltr'>notitiam;</span> 
     </span>
     <span class='ocr_line' id='line_1_39' title="bbox 299 4204 1847 4282; baseline 0.003 -22"><span class='ocrx_word' id='word_1_246' title='bbox 299 4204 444 4272; x_wconf 81' lang='lat' dir='ltr'>Quia</span> <span class='ocrx_word' id='word_1_247' title='bbox 469 4210 702 4277; x_wconf 69' lang='lat' dir='ltr'>:equitas</span> <span class='ocrx_word' id='word_1_248' title='bbox 730 4208 950 4279; x_wconf 75' lang='lat' dir='ltr'>judicia</span> <span class='ocrx_word' id='word_1_249' title='bbox 979 4213 1108 4280; x_wconf 80' lang='lat' dir='ltr'>tua,</span> <span class='ocrx_word' id='word_1_250' title='bbox 1139 4208 1201 4265; x_wconf 91' lang='lat' dir='ltr'>in</span> <span class='ocrx_word' id='word_1_251' title='bbox 1230 4224 1351 4282; x_wconf 84' lang='lat' dir='ltr'>quo</span> <span class='ocrx_word' id='word_1_252' title='bbox 1380 4208 1616 4267; x_wconf 88' lang='lat' dir='ltr'>decreta</span> <span class='ocrx_word' id='word_1_253' title='bbox 1644 4208 1847 4266; x_wconf 88' lang='lat' dir='ltr'>coeles·</span> 
     </span>
     <span class='ocr_line' id='line_1_40' title="bbox 300 4299 1843 4376; baseline 0.004 -21"><span class='ocrx_word' id='word_1_254' title='bbox 300 4299 400 4371; x_wconf 89' lang='lat' dir='ltr'>tia,</span> <span class='ocrx_word' id='word_1_255' title='bbox 421 4315 553 4373; x_wconf 81' lang='lat' dir='ltr'>quae</span> <span class='ocrx_word' id='word_1_256' title='bbox 579 4305 845 4375; x_wconf 86' lang='lat' dir='ltr'>spectant</span> <span class='ocrx_word' id='word_1_257' title='bbox 863 4303 945 4361; x_wconf 90' lang='lat' dir='ltr'>ad</span> <span class='ocrx_word' id='word_1_258' title='bbox 964 4302 1252 4376; x_wconf 89' lang='lat' dir='ltr'>justitiam</span> <span class='ocrx_word' id='word_1_259' title='bbox 1268 4322 1286 4376; x_wconf 92' lang='lat'>;</span> <span class='ocrx_word' id='word_1_260' title='bbox 1310 4306 1381 4362; x_wconf 84' lang='lat' dir='ltr'>Et</span> <span class='ocrx_word' id='word_1_261' title='bbox 1396 4307 1457 4360; x_wconf 82' lang='lat' dir='ltr'>in</span> <span class='ocrx_word' id='word_1_262' title='bbox 1473 4308 1708 4361; x_wconf 83' lang='lat' dir='ltr'>veritate</span> <span class='ocrx_word' id='word_1_263' title='bbox 1725 4309 1843 4374; x_wconf 84' lang='lat' dir='ltr'>tua,</span> 
     </span>
     <span class='ocr_line' id='line_1_41' title="bbox 298 4393 1847 4473; baseline 0.003 -23"><span class='ocrx_word' id='word_1_264' title='bbox 298 4393 363 4450; x_wconf 93' lang='lat' dir='ltr'>in</span> <span class='ocrx_word' id='word_1_265' title='bbox 389 4410 512 4468; x_wconf 85' lang='lat' dir='ltr'>quo</span> <span class='ocrx_word' id='word_1_266' title='bbox 547 4395 761 4454; x_wconf 86' lang='lat' dir='ltr'>veritas</span> <span class='ocrx_word' id='word_1_267' title='bbox 781 4396 1143 4470; x_wconf 85' lang='lat' dir='ltr'>jndicativa,</span> <span class='ocrx_word' id='word_1_268' title='bbox 1184 4414 1319 4473; x_wconf 78' lang='lat' dir='ltr'>quae</span> <span class='ocrx_word' id='word_1_269' title='bbox 1356 4401 1577 4472; x_wconf 90' lang='lat' dir='ltr'>spectat</span> <span class='ocrx_word' id='word_1_270' title='bbox 1612 4397 1691 4455; x_wconf 89' lang='lat' dir='ltr'>ad</span> <span class='ocrx_word' id='word_1_271' title='bbox 1720 4412 1847 4455; x_wconf 89' lang='lat' dir='ltr'>sen·</span> 
     </span>
     <span class='ocr_line' id='line_1_42' title="bbox 299 4488 1845 4567; baseline 0.005 -23"><span class='ocrx_word' id='word_1_272' title='bbox 299 4488 539 4544; x_wconf 84' lang='lat' dir='ltr'>tentiam</span> <span class='ocrx_word' id='word_1_273' title='bbox 548 4507 567 4560; x_wconf 90' lang='lat'>;</span> <span class='ocrx_word' id='word_1_274' title='bbox 598 4490 921 4546; x_wconf 79' lang='lat' dir='ltr'>Humiliasti</span> <span class='ocrx_word' id='word_1_275' title='bbox 946 4506 1049 4563; x_wconf 88' lang='lat' dir='ltr'>me,</span> <span class='ocrx_word' id='word_1_276' title='bbox 1070 4491 1134 4548; x_wconf 91' lang='lat' dir='ltr'>in</span> <span class='ocrx_word' id='word_1_277' title='bbox 1156 4508 1279 4567; x_wconf 83' lang='lat' dir='ltr'>quo</span> <span class='ocrx_word' id='word_1_278' title='bbox 1300 4490 1514 4551; x_wconf 90' lang='lat' dir='ltr'>delicta</span> <span class='ocrx_word' id='word_1_279' title='bbox 1533 4493 1845 4566; x_wconf 88' lang='lat' dir='ltr'>terrestria,</span> 
     </span>
     <span class='ocr_line' id='line_1_43' title="bbox 299 4584 1393 4660; baseline 0.001 -20"><span class='ocrx_word' id='word_1_280' title='bbox 299 4597 433 4656; x_wconf 74' lang='lat' dir='ltr'>quae</span> <span class='ocrx_word' id='word_1_281' title='bbox 460 4587 725 4657; x_wconf 88' lang='lat' dir='ltr'>spectant</span> <span class='ocrx_word' id='word_1_282' title='bbox 749 4584 832 4644; x_wconf 92' lang='lat' dir='ltr'>ad</span> <span class='ocrx_word' id='word_1_283' title='bbox 855 4585 1094 4645; x_wconf 89' lang='lat' dir='ltr'>inanem</span> <span class='ocrx_word' id='word_1_284' title='bbox 1122 4586 1393 4660; x_wconf 80' lang='lat' dir='ltr'>gloriam.</span> 
     </span>
    </p>
   </div>
   <div class='ocr_carea' id='block_1_12' title="bbox 828 4809 1311 4854">
    <p class='ocr_par' dir='ltr' id='par_1_12' title="bbox 828 4809 1311 4854">
     <span class='ocr_line' id='line_1_44' title="bbox 828 4809 1311 4854; baseline 0 -1"><span class='ocrx_word' id='word_1_285' title='bbox 828 4810 1162 4854; x_wconf 76' lang='lat' dir='ltr'>mslcums</span> <span class='ocrx_word' id='word_1_286' title='bbox 1209 4809 1311 4853; x_wconf 80' lang='lat'>111.</span> 
     </span>
    </p>
   </div>
   <div class='ocr_carea' id='block_1_13' title="bbox 296 4966 1846 5375">
    <p class='ocr_par' dir='ltr' id='par_1_13' title="bbox 296 4966 1846 5228">
     <span class='ocr_line' id='line_1_45' title="bbox 370 4966 1846 5045; baseline 0.004 -22"><span class='ocrx_word' id='word_1_287' title='bbox 370 4966 458 5023; x_wconf 81' lang='grc'><strong>76.</strong></span> <span class='ocrx_word' id='word_1_288' title='bbox 488 4966 617 5022; x_wconf 82' lang='lat' dir='ltr'>Fiat</span> <span class='ocrx_word' id='word_1_289' title='bbox 635 4966 1009 5023; x_wconf 78' lang='lat' dir='ltr'>misericordia</span> <span class='ocrx_word' id='word_1_290' title='bbox 1031 4969 1142 5032; x_wconf 79' lang='lat' dir='ltr'>tua,</span> <span class='ocrx_word' id='word_1_291' title='bbox 1168 4971 1274 5026; x_wconf 89' lang='lat' dir='ltr'>etc.</span> <span class='ocrx_word' id='word_1_292' title='bbox 1298 4968 1518 5027; x_wconf 86' lang='lat' dir='ltr'>Veritas</span> <span class='ocrx_word' id='word_1_293' title='bbox 1538 4968 1846 5045; x_wconf 88' lang='lat' dir='ltr'>superiora</span> 
     </span>
     <span class='ocr_line' id='line_1_46' title="bbox 296 5058 1846 5138; baseline 0.005 -22"><span class='ocrx_word' id='word_1_294' title='bbox 296 5059 595 5132; x_wconf 89' lang='lat' dir='ltr'>indicans,</span> <span class='ocrx_word' id='word_1_295' title='bbox 652 5058 944 5117; x_wconf 82' lang='lat' dir='ltr'>exteriora</span> <span class='ocrx_word' id='word_1_296' title='bbox 988 5058 1322 5133; x_wconf 84' lang='lat' dir='ltr'>loetificans,</span> <span class='ocrx_word' id='word_1_297' title='bbox 1359 5061 1641 5125; x_wconf 88' lang='lat' dir='ltr'>interiora</span> <span class='ocrx_word' id='word_1_298' title='bbox 1683 5063 1846 5138; x_wconf 88' lang='lat' dir='ltr'>judi-</span> 
     </span>
     <span class='ocr_line' id='line_1_47' title="bbox 299 5152 1842 5228; baseline 0.003 -15"><span class='ocrx_word' id='word_1_299' title='bbox 299 5169 469 5227; x_wconf 88' lang='lat' dir='ltr'>cans,</span> <span class='ocrx_word' id='word_1_300' title='bbox 509 5152 794 5214; x_wconf 87' lang='lat' dir='ltr'>hactenus</span> <span class='ocrx_word' id='word_1_301' title='bbox 838 5154 1083 5228; x_wconf 82' lang='lat' dir='ltr'>claruit3</span> <span class='ocrx_word' id='word_1_302' title='bbox 1132 5154 1348 5215; x_wconf 88' lang='lat' dir='ltr'>veritas</span> <span class='ocrx_word' id='word_1_303' title='bbox 1392 5156 1672 5218; x_wconf 78' lang='lat' dir='ltr'>inferiora</span> <span class='ocrx_word' id='word_1_304' title='bbox 1713 5175 1842 5218; x_wconf 91' lang='lat' dir='ltr'>rec-</span> 
     </span>
    </p>

    <p class='ocr_par' dir='ltr' id='par_1_14' title="bbox 365 5302 1842 5375">
     <span class='ocr_line' id='line_1_48' title="bbox 365 5302 1842 5375; baseline 0.005 -21"><span class='ocrx_word' id='word_1_305' title='bbox 365 5306 377 5334; x_wconf 83' lang='grc'><em>·</em></span> <span class='ocrx_word' id='word_1_306' title='bbox 406 5304 524 5366; x_wconf 63' lang='lat' dir='ltr'>Ita„</span> <span class='ocrx_word' id='word_1_307' title='bbox 563 5315 694 5369; x_wconf 78' lang='lat' dir='ltr'>xm,</span> <span class='ocrx_word' id='word_1_308' title='bbox 723 5306 772 5367; x_wconf 81' lang='lat'>3,</span> <span class='ocrx_word' id='word_1_309' title='bbox 802 5306 849 5355; x_wconf 72' lang='grc'><strong>4.</strong></span> <span class='ocrx_word' id='word_1_310' title='bbox 870 5329 931 5342; x_wconf 91' lang='grc'><strong>-</strong></span> <span class='ocrx_word' id='word_1_311' title='bbox 958 5305 977 5336; x_wconf 84' lang='lat'>²</span> <span class='ocrx_word' id='word_1_312' title='bbox 1005 5302 1143 5356; x_wconf 74' lang='lat' dir='ltr'>Psat.</span> <span class='ocrx_word' id='word_1_313' title='bbox 1170 5316 1313 5368; x_wconf 78' lang='lat' dir='ltr'>xuv,</span> <span class='ocrx_word' id='word_1_314' title='bbox 1343 5308 1392 5356; x_wconf 85' lang='lat'>5.</span> <span class='ocrx_word' id='word_1_315' title='bbox 1414 5330 1477 5345; x_wconf 90' lang='lat'>·-—</span> <span class='ocrx_word' id='word_1_316' title='bbox 1503 5308 1524 5343; x_wconf 82' lang='lat'>⁸</span> <span class='ocrx_word' id='word_1_317' title='bbox 1552 5309 1670 5374; x_wconf 60' lang='lat' dir='ltr'>lea„</span> <span class='ocrx_word' id='word_1_318' title='bbox 1698 5321 1842 5375; x_wconf 70' lang='lat' dir='ltr'>xxvi,</span> 
     </span>
    </p>
   </div>
   <div class='ocr_carea' id='block_1_14' title="bbox 300 5375 1841 5518">
    <p class='ocr_par' dir='ltr' id='par_1_15' title="bbox 300 5375 1841 5518">
     <span class='ocr_line' id='line_1_49' title="bbox 300 5375 1841 5442; baseline 0.006 -19"><span class='ocrx_word' id='word_1_319' title='bbox 300 5377 349 5425; x_wconf 82' lang='lat'>2.</span> <span class='ocrx_word' id='word_1_320' title='bbox 375 5400 438 5412; x_wconf 92' lang='lat'><em>-</em></span> <span class='ocrx_word' id='word_1_321' title='bbox 477 5375 501 5409; x_wconf 71' lang='lat'><strong>⁴</strong></span> <span class='ocrx_word' id='word_1_322' title='bbox 533 5377 705 5439; x_wconf 67' lang='lat' dir='ltr'>Pron„</span> <span class='ocrx_word' id='word_1_323' title='bbox 741 5386 837 5435; x_wconf 80' lang='lat'>111,</span> <span class='ocrx_word' id='word_1_324' title='bbox 879 5378 961 5426; x_wconf 82' lang='grc'><strong>25.</strong></span> <span class='ocrx_word' id='word_1_325' title='bbox 988 5402 1050 5415; x_wconf 88' lang='lat'>--</span> <span class='ocrx_word' id='word_1_326' title='bbox 1088 5375 1111 5410; x_wconf 82' lang='lat'>⁸</span> <span class='ocrx_word' id='word_1_327' title='bbox 1140 5375 1315 5440; x_wconf 66' lang='lat' dir='ltr'>Eccli„</span> <span class='ocrx_word' id='word_1_328' title='bbox 1357 5388 1427 5442; x_wconf 76' lang='lat' dir='ltr'>nt,</span> <span class='ocrx_word' id='word_1_329' title='bbox 1464 5380 1515 5427; x_wconf 80' lang='grc'>’1.</span> <span class='ocrx_word' id='word_1_330' title='bbox 1548 5406 1612 5417; x_wconf 91' lang='lat'><em>-</em></span> <span class='ocrx_word' id='word_1_331' title='bbox 1646 5382 1669 5416; x_wconf 78' lang='lat'>⁸</span> <span class='ocrx_word' id='word_1_332' title='bbox 1702 5381 1841 5433; x_wconf 77' lang='lat' dir='ltr'>Psal.</span> 
     </span>
     <span class='ocr_line' id='line_1_50' title="bbox 303 5444 1839 5518; baseline 0.007 -24"><span class='ocrx_word' id='word_1_333' title='bbox 303 5454 482 5510; x_wconf 78' lang='lat' dir='ltr'>xxxiv,</span> <span class='ocrx_word' id='word_1_334' title='bbox 513 5447 589 5497; x_wconf 80' lang='lat'>¹3.</span> <span class='ocrx_word' id='word_1_335' title='bbox 618 5472 680 5483; x_wconf 89' lang='lat'>—</span> <span class='ocrx_word' id='word_1_336' title='bbox 707 5445 731 5482; x_wconf 81' lang='lat'>⁷</span> <span class='ocrx_word' id='word_1_337' title='bbox 759 5445 800 5496; x_wconf 85' lang='lat' dir='ltr'>ll</span> <span class='ocrx_word' id='word_1_338' title='bbox 828 5444 1004 5510; x_wconf 54' lang='lat' dir='ltr'>Beda,</span> <span class='ocrx_word' id='word_1_339' title='bbox 1034 5457 1119 5511; x_wconf 78' lang='lat'>1¹,</span> <span class='ocrx_word' id='word_1_340' title='bbox 1149 5447 1230 5511; x_wconf 79' lang='grc'>27,</span> <span class='ocrx_word' id='word_1_341' title='bbox 1258 5450 1339 5500; x_wconf 78' lang='grc'><strong>28.</strong></span> <span class='ocrx_word' id='word_1_342' title='bbox 1372 5474 1435 5486; x_wconf 91' lang='grc'><strong>-</strong></span> <span class='ocrx_word' id='word_1_343' title='bbox 1467 5448 1491 5484; x_wconf 84' lang='lat'>⁸</span> <span class='ocrx_word' id='word_1_344' title='bbox 1516 5450 1660 5502; x_wconf 65' lang='lat' dir='ltr'>Ptol.</span> <span class='ocrx_word' id='word_1_345' title='bbox 1688 5464 1839 5518; x_wconf 83' lang='lat' dir='ltr'>xcm,</span> 
     </span>
    </p>
   </div>
   <div class='ocr_carea' id='block_1_15' title="bbox 3388 502 3508 565">
    <p class='ocr_par' dir='ltr' id='par_1_16' title="bbox 3388 502 3508 565">
     <span class='ocr_line' id='line_1_51' title="bbox 3388 502 3508 565; baseline 0 0"><span class='ocrx_word' id='word_1_346' title='bbox 3388 502 3508 565; x_wconf 70' lang='lat'>4¹5</span> 
     </span>
    </p>
   </div>
   <div class='ocr_carea' id='block_1_16' title="bbox 1967 627 3513 801">
    <p class='ocr_par' dir='ltr' id='par_1_17' title="bbox 1967 627 3513 801">
     <span class='ocr_line' id='line_1_52' title="bbox 1968 627 3509 707; baseline 0.006 -21"><span class='ocrx_word' id='word_1_347' title='bbox 1968 627 2198 687; x_wconf 82' lang='lat' dir='ltr'>tificans</span> <span class='ocrx_word' id='word_1_348' title='bbox 2232 628 2329 687; x_wconf 92' lang='lat' dir='ltr'>hic</span> <span class='ocrx_word' id='word_1_349' title='bbox 2365 629 2631 687; x_wconf 85' lang='lat' dir='ltr'>clarescit</span> <span class='ocrx_word' id='word_1_350' title='bbox 2660 647 2676 686; x_wconf 96' lang='lat'>:</span> <span class='ocrx_word' id='word_1_351' title='bbox 2716 630 2867 688; x_wconf 90' lang='lat' dir='ltr'>sicut</span> <span class='ocrx_word' id='word_1_352' title='bbox 2900 630 3062 689; x_wconf 88' lang='lat' dir='ltr'>enim</span> <span class='ocrx_word' id='word_1_353' title='bbox 3102 631 3397 707; x_wconf 76' lang='lat' dir='ltr'>colligitur</span> <span class='ocrx_word' id='word_1_354' title='bbox 3435 652 3509 695; x_wconf 79' lang='lat' dir='ltr'>ex</span> 
     </span>
     <span class='ocr_line' id='line_1_53' title="bbox 1967 722 3513 801; baseline 0.005 -21"><span class='ocrx_word' id='word_1_355' title='bbox 1967 728 2226 797; x_wconf 85' lang='lat' dir='ltr'>quatuor</span> <span class='ocrx_word' id='word_1_356' title='bbox 2252 722 2506 782; x_wconf 90' lang='lat' dir='ltr'>articulis</span> <span class='ocrx_word' id='word_1_357' title='bbox 2533 739 2738 781; x_wconf 87' lang='lat' dir='ltr'>versus</span> <span class='ocrx_word' id='word_1_358' title='bbox 2764 725 3084 800; x_wconf 66' lang='lat' dir='ltr'>prementis,</span> <span class='ocrx_word' id='word_1_359' title='bbox 3103 730 3240 801; x_wconf 85' lang='lat' dir='ltr'>post</span> <span class='ocrx_word' id='word_1_360' title='bbox 3253 727 3513 787; x_wconf 86' lang='lat' dir='ltr'>veritatis</span> 
     </span>
    </p>
   </div>
   <div class='ocr_carea' id='block_1_17' title="bbox 1961 816 3511 895">
    <p class='ocr_par' dir='ltr' id='par_1_18' title="bbox 1961 816 3511 895">
     <span class='ocr_line' id='line_1_54' title="bbox 1961 816 3511 895; baseline 0.005 -22"><span class='ocrx_word' id='word_1_361' title='bbox 1961 816 2278 888; x_wconf 82' lang='lat' dir='ltr'>judicium,</span> <span class='ocrx_word' id='word_1_362' title='bbox 2307 817 2572 891; x_wconf 84' lang='lat' dir='ltr'>sequitur</span> <span class='ocrx_word' id='word_1_363' title='bbox 2595 817 2712 875; x_wconf 91' lang='lat' dir='ltr'>hoc</span> <span class='ocrx_word' id='word_1_364' title='bbox 2740 817 3119 892; x_wconf 82' lang='lat' dir='ltr'>beneficium,</span> <span class='ocrx_word' id='word_1_365' title='bbox 3141 820 3310 895; x_wconf 85' lang='lat' dir='ltr'>quod</span> <span class='ocrx_word' id='word_1_366' title='bbox 3335 821 3511 880; x_wconf 82' lang='lat' dir='ltr'>affec-</span> 
     </span>
    </p>
   </div>
   <div class='ocr_carea' id='block_1_18' title="bbox 1963 909 3513 1450">
    <p class='ocr_par' dir='ltr' id='par_1_19' title="bbox 1963 909 3513 1450">
     <span class='ocr_line' id='line_1_55' title="bbox 1967 909 3511 988; baseline 0.006 -23"><span class='ocrx_word' id='word_1_367' title='bbox 1967 913 2060 966; x_wconf 90' lang='lat' dir='ltr'>tus</span> <span class='ocrx_word' id='word_1_368' title='bbox 2092 914 2427 968; x_wconf 89' lang='lat' dir='ltr'>contractus</span> <span class='ocrx_word' id='word_1_369' title='bbox 2465 909 2709 968; x_wconf 79' lang='lat' dir='ltr'>inferius</span> <span class='ocrx_word' id='word_1_370' title='bbox 2726 953 2744 983; x_wconf 91' lang='lat'>‚</span> <span class='ocrx_word' id='word_1_371' title='bbox 2780 914 2839 968; x_wconf 91' lang='lat' dir='ltr'>et</span> <span class='ocrx_word' id='word_1_372' title='bbox 2874 914 3219 972; x_wconf 88' lang='lat' dir='ltr'>constrictus</span> <span class='ocrx_word' id='word_1_373' title='bbox 3245 915 3511 988; x_wconf 88' lang='lat' dir='ltr'>interius,</span> 
     </span>
     <span class='ocr_line' id='line_1_56' title="bbox 1968 1002 3512 1078; baseline 0.005 -18"><span class='ocrx_word' id='word_1_374' title='bbox 1968 1002 2315 1061; x_wconf 83' lang='lat' dir='ltr'>sublevatur</span> <span class='ocrx_word' id='word_1_375' title='bbox 2343 1002 2642 1077; x_wconf 73' lang='lat' dir='ltr'>superine,</span> <span class='ocrx_word' id='word_1_376' title='bbox 2672 1007 2730 1061; x_wconf 89' lang='lat' dir='ltr'>et</span> <span class='ocrx_word' id='word_1_377' title='bbox 2754 1002 3029 1063; x_wconf 88' lang='lat' dir='ltr'>dilatatur</span> <span class='ocrx_word' id='word_1_378' title='bbox 3056 1007 3330 1066; x_wconf 61' lang='lat' dir='ltr'>exterius</span> <span class='ocrx_word' id='word_1_379' title='bbox 3358 1009 3512 1078; x_wconf 86' lang='lat' dir='ltr'>Quid</span> 
     </span>
     <span class='ocr_line' id='line_1_57' title="bbox 1966 1096 3512 1175; baseline 0.005 -21"><span class='ocrx_word' id='word_1_380' title='bbox 1966 1097 2260 1155; x_wconf 85' lang='lat' dir='ltr'>contrahit</span> <span class='ocrx_word' id='word_1_381' title='bbox 2298 1097 2493 1171; x_wconf 84' lang='lat' dir='ltr'>ipsum</span> <span class='ocrx_word' id='word_1_382' title='bbox 2529 1096 2819 1155; x_wconf 76' lang='lat' dir='ltr'>interius?</span> <span class='ocrx_word' id='word_1_383' title='bbox 2865 1098 3063 1158; x_wconf 89' lang='lat' dir='ltr'>Timor</span> <span class='ocrx_word' id='word_1_384' title='bbox 3102 1117 3312 1175; x_wconf 80' lang='lat' dir='ltr'>poenoe.</span> <span class='ocrx_word' id='word_1_385' title='bbox 3358 1103 3512 1173; x_wconf 85' lang='lat' dir='ltr'>Quid</span> 
     </span>
     <span class='ocr_line' id='line_1_58' title="bbox 1967 1190 3513 1274; baseline 0.006 -28"><span class='ocrx_word' id='word_1_386' title='bbox 1967 1190 2312 1274; x_wconf 80' lang='lat' dir='ltr'>constringit</span> <span class='ocrx_word' id='word_1_387' title='bbox 2344 1190 2629 1248; x_wconf 74' lang='lat' dir='ltr'>interius?</span> <span class='ocrx_word' id='word_1_388' title='bbox 2670 1190 2847 1250; x_wconf 90' lang='lat' dir='ltr'>Dolor</span> <span class='ocrx_word' id='word_1_389' title='bbox 2884 1193 3093 1266; x_wconf 83' lang='lat' dir='ltr'>culpoe.</span> <span class='ocrx_word' id='word_1_390' title='bbox 3122 1194 3277 1264; x_wconf 85' lang='lat' dir='ltr'>Quid</span> <span class='ocrx_word' id='word_1_391' title='bbox 3315 1197 3513 1256; x_wconf 88' lang='lat' dir='ltr'>suble-</span> 
     </span>
     <span class='ocr_line' id='line_1_59' title="bbox 1966 1283 3510 1358; baseline 0.006 -18"><span class='ocrx_word' id='word_1_392' title='bbox 1966 1287 2068 1342; x_wconf 87' lang='lat' dir='ltr'>vat</span> <span class='ocrx_word' id='word_1_393' title='bbox 2089 1283 2402 1358; x_wconf 76' lang='lat' dir='ltr'>superius?</span> <span class='ocrx_word' id='word_1_394' title='bbox 2426 1286 2568 1358; x_wconf 86' lang='lat' dir='ltr'>Spes</span> <span class='ocrx_word' id='word_1_395' title='bbox 2593 1284 2802 1343; x_wconf 68' lang='lat' dir='ltr'>veniae.</span> <span class='ocrx_word' id='word_1_396' title='bbox 2816 1286 2970 1356; x_wconf 91' lang='lat' dir='ltr'>Quid</span> <span class='ocrx_word' id='word_1_397' title='bbox 2988 1286 3196 1347; x_wconf 88' lang='lat' dir='ltr'>dilatat</span> <span class='ocrx_word' id='word_1_398' title='bbox 3219 1291 3510 1349; x_wconf 72' lang='lat' dir='ltr'>exterius?</span> 
     </span>
     <span class='ocr_line' id='line_1_60' title="bbox 1963 1377 2412 1450; baseline 0 -15"><span class='ocrx_word' id='word_1_399' title='bbox 1963 1382 2144 1436; x_wconf 71' lang='lat' dir='ltr'>Amor</span> <span class='ocrx_word' id='word_1_400' title='bbox 2162 1377 2412 1450; x_wconf 80' lang='lat' dir='ltr'>justitioe.</span> 
     </span>
    </p>
   </div>
   <div class='ocr_carea' id='block_1_19' title="bbox 2459 1530 3011 1604">
    <p class='ocr_par' dir='ltr' id='par_1_20' title="bbox 2459 1530 3011 1604">
     <span class='ocr_line' id='line_1_61' title="bbox 2459 1530 3011 1604; baseline 0.013 -18"><span class='ocrx_word' id='word_1_401' title='bbox 2459 1530 2746 1588; x_wconf 81' lang='lat' dir='ltr'>Articulus</span> <span class='ocrx_word' id='word_1_402' title='bbox 2778 1534 3011 1604; x_wconf 76' lang='lat' dir='ltr'>primus.</span> 
     </span>
    </p>
   </div>
   <div class='ocr_carea' id='block_1_20' title="bbox 1963 1660 3510 2206">
    <p class='ocr_par' dir='ltr' id='par_1_21' title="bbox 1963 1660 3510 2206">
     <span class='ocr_line' id='line_1_62' title="bbox 2036 1660 3508 1742; baseline 0.009 -24"><span class='ocrx_word' id='word_1_403' title='bbox 2036 1660 2299 1720; x_wconf 90' lang='lat' dir='ltr'>Primum</span> <span class='ocrx_word' id='word_1_404' title='bbox 2341 1663 2586 1737; x_wconf 90' lang='lat' dir='ltr'>quidem</span> <span class='ocrx_word' id='word_1_405' title='bbox 2630 1666 2944 1725; x_wconf 86' lang='lat' dir='ltr'>articulum</span> <span class='ocrx_word' id='word_1_406' title='bbox 2978 1670 3327 1742; x_wconf 80' lang='lat' dir='ltr'>proenotavit</span> <span class='ocrx_word' id='word_1_407' title='bbox 3369 1674 3508 1731; x_wconf 89' lang='lat' dir='ltr'>Pro·</span> 
     </span>
     <span class='ocr_line' id='line_1_63' title="bbox 1965 1753 3506 1839; baseline 0.008 -28"><span class='ocrx_word' id='word_1_408' title='bbox 1965 1753 2167 1829; x_wconf 88' lang='lat' dir='ltr'>pheta,</span> <span class='ocrx_word' id='word_1_409' title='bbox 2191 1770 2329 1812; x_wconf 90' lang='lat' dir='ltr'>cum</span> <span class='ocrx_word' id='word_1_410' title='bbox 2348 1755 2458 1813; x_wconf 89' lang='lat' dir='ltr'>ait:</span> <span class='ocrx_word' id='word_1_411' title='bbox 2478 1759 2605 1815; x_wconf 85' lang='lat' dir='ltr'>Fiat</span> <span class='ocrx_word' id='word_1_412' title='bbox 2624 1761 3001 1818; x_wconf 78' lang='lat' dir='ltr'>misericordia</span> <span class='ocrx_word' id='word_1_413' title='bbox 3020 1768 3146 1829; x_wconf 77' lang='lat' dir='ltr'>tua,-</span> <span class='ocrx_word' id='word_1_414' title='bbox 3164 1763 3308 1837; x_wconf 89' lang='lat' dir='ltr'>quia</span> <span class='ocrx_word' id='word_1_415' title='bbox 3329 1765 3506 1839; x_wconf 90' lang='lat' dir='ltr'>plane</span> 
     </span>
     <span class='ocr_line' id='line_1_64' title="bbox 1963 1847 3506 1928; baseline 0.009 -24"><span class='ocrx_word' id='word_1_416' title='bbox 1963 1862 2085 1905; x_wconf 85' lang='lat' dir='ltr'>vox</span> <span class='ocrx_word' id='word_1_417' title='bbox 2110 1847 2222 1906; x_wconf 90' lang='lat' dir='ltr'>ista</span> <span class='ocrx_word' id='word_1_418' title='bbox 2247 1850 2516 1923; x_wconf 86' lang='lat' dir='ltr'>procedit</span> <span class='ocrx_word' id='word_1_419' title='bbox 2543 1867 2616 1908; x_wconf 82' lang='lat' dir='ltr'>ex</span> <span class='ocrx_word' id='word_1_420' title='bbox 2643 1852 2853 1911; x_wconf 91' lang='lat' dir='ltr'>timore</span> <span class='ocrx_word' id='word_1_421' title='bbox 2877 1871 3067 1928; x_wconf 82' lang='lat' dir='ltr'>poenae</span> <span class='ocrx_word' id='word_1_422' title='bbox 3092 1856 3336 1916; x_wconf 71' lang='lat' dir='ltr'>inferius</span> <span class='ocrx_word' id='word_1_423' title='bbox 3360 1876 3506 1918; x_wconf 89' lang='lat' dir='ltr'>con-</span> 
     </span>
     <span class='ocr_line' id='line_1_65' title="bbox 1963 1941 3510 2029; baseline 0.01 -32"><span class='ocrx_word' id='word_1_424' title='bbox 1963 1941 2255 1999; x_wconf 86' lang='lat' dir='ltr'>trahente:</span> <span class='ocrx_word' id='word_1_425' title='bbox 2273 1941 2384 1999; x_wconf 88' lang='lat' dir='ltr'>nisi</span> <span class='ocrx_word' id='word_1_426' title='bbox 2399 1943 2557 2001; x_wconf 91' lang='lat' dir='ltr'>enim</span> <span class='ocrx_word' id='word_1_427' title='bbox 2570 1943 2945 2006; x_wconf 79' lang='lat' dir='ltr'>formidasset</span> <span class='ocrx_word' id='word_1_428' title='bbox 2956 1951 3275 2023; x_wconf 86' lang='lat' dir='ltr'>miseriam,</span> <span class='ocrx_word' id='word_1_429' title='bbox 3286 1969 3510 2029; x_wconf 87' lang='lat' dir='ltr'>nequa-</span> 
     </span>
     <span class='ocr_line' id='line_1_66' title="bbox 1965 2036 3508 2122; baseline 0.01 -30"><span class='ocrx_word' id='word_1_430' title='bbox 1965 2050 2149 2109; x_wconf 85' lang='lat' dir='ltr'>quam</span> <span class='ocrx_word' id='word_1_431' title='bbox 2183 2036 2534 2111; x_wconf 87' lang='lat' dir='ltr'>postulasset</span> <span class='ocrx_word' id='word_1_432' title='bbox 2555 2039 3042 2112; x_wconf 88' lang='lat' dir='ltr'>misericordiam.</span> <span class='ocrx_word' id='word_1_433' title='bbox 3064 2048 3130 2102; x_wconf 88' lang='lat' dir='ltr'>Et</span> <span class='ocrx_word' id='word_1_434' title='bbox 3149 2051 3312 2117; x_wconf 88' lang='lat' dir='ltr'>nota,</span> <span class='ocrx_word' id='word_1_435' title='bbox 3341 2048 3508 2122; x_wconf 89' lang='lat' dir='ltr'>quod</span> 
     </span>
     <span class='ocr_line' id='line_1_67' title="bbox 1964 2130 3509 2206; baseline 0.009 -19"><span class='ocrx_word' id='word_1_436' title='bbox 1964 2132 2053 2187; x_wconf 88' lang='lat' dir='ltr'>est</span> <span class='ocrx_word' id='word_1_437' title='bbox 2070 2130 2479 2190; x_wconf 89' lang='lat' dir='ltr'>misericordia</span> <span class='ocrx_word' id='word_1_438' title='bbox 2491 2131 2797 2206; x_wconf 87' lang='lat' dir='ltr'>tripartita,</span> <span class='ocrx_word' id='word_1_439' title='bbox 2814 2135 3090 2196; x_wconf 86' lang='lat' dir='ltr'>videlicet</span> <span class='ocrx_word' id='word_1_440' title='bbox 3105 2140 3509 2201; x_wconf 89' lang='lat' dir='ltr'>misericordia</span> 
     </span>
    </p>
   </div>
   <div class='ocr_carea' id='block_1_21' title="bbox 3575 2174 3744 2217">
    <p class='ocr_par' dir='ltr' id='par_1_22' title="bbox 3575 2174 3744 2217">
     <span class='ocr_line' id='line_1_68' title="bbox 3575 2174 3744 2217; baseline 0 0"><span class='ocrx_word' id='word_1_441' title='bbox 3575 2176 3620 2217; x_wconf 79' lang='lat' dir='ltr'><strong>M</strong></span> <span class='ocrx_word' id='word_1_442' title='bbox 3626 2174 3744 2217; x_wconf 74' lang='lat' dir='ltr'>iscri-</span> 
     </span>
    </p>
   </div>
   <div class='ocr_carea' id='block_1_22' title="bbox 1963 2220 3706 2309">
    <p class='ocr_par' dir='ltr' id='par_1_23' title="bbox 1963 2220 3706 2309">
     <span class='ocr_line' id='line_1_69' title="bbox 1963 2220 3706 2309; baseline 0.009 -30"><span class='ocrx_word' id='word_1_443' title='bbox 1963 2220 2244 2296; x_wconf 87' lang='lat' dir='ltr'>liberans,</span> <span class='ocrx_word' id='word_1_444' title='bbox 2271 2224 2583 2297; x_wconf 87' lang='lat' dir='ltr'>adjuvans,</span> <span class='ocrx_word' id='word_1_445' title='bbox 2607 2230 2665 2284; x_wconf 91' lang='lat' dir='ltr'>et</span> <span class='ocrx_word' id='word_1_446' title='bbox 2690 2242 3009 2287; x_wconf 90' lang='lat' dir='ltr'>coronans:</span> <span class='ocrx_word' id='word_1_447' title='bbox 3031 2247 3286 2305; x_wconf 87' lang='lat' dir='ltr'>quarum</span> <span class='ocrx_word' id='word_1_448' title='bbox 3313 2235 3506 2309; x_wconf 88' lang='lat' dir='ltr'>prima</span> <span class='ocrx_word' id='word_1_449' title='bbox 3559 2238 3706 2280; x_wconf 71' lang='lat' dir='ltr'>cordia</span> 
     </span>
    </p>
   </div>
   <div class='ocr_carea' id='block_1_23' title="bbox 1954 2318 3505 3431">
    <p class='ocr_par' dir='ltr' id='par_1_24' title="bbox 1954 2318 3505 3431">
     <span class='ocr_line' id='line_1_70' title="bbox 1964 2318 3502 2402; baseline 0.009 -29"><span class='ocrx_word' id='word_1_450' title='bbox 1964 2320 2051 2374; x_wconf 90' lang='lat' dir='ltr'>est</span> <span class='ocrx_word' id='word_1_451' title='bbox 2074 2318 2405 2376; x_wconf 87' lang='lat' dir='ltr'>necessaria</span> <span class='ocrx_word' id='word_1_452' title='bbox 2433 2319 2932 2393; x_wconf 83' lang='lat' dir='ltr'>regredientibus,</span> <span class='ocrx_word' id='word_1_453' title='bbox 2968 2324 3230 2383; x_wconf 87' lang='lat' dir='ltr'>secunda</span> <span class='ocrx_word' id='word_1_454' title='bbox 3254 2343 3502 2402; x_wconf 86' lang='lat' dir='ltr'>progre-</span> 
     </span>
     <span class='ocr_line' id='line_1_71' title="bbox 1962 2409 3505 2492; baseline 0.01 -25"><span class='ocrx_word' id='word_1_455' title='bbox 1962 2409 2284 2483; x_wconf 89' lang='lat' dir='ltr'>dientibus,</span> <span class='ocrx_word' id='word_1_456' title='bbox 2295 2411 2465 2470; x_wconf 90' lang='lat' dir='ltr'>tertia</span> <span class='ocrx_word' id='word_1_457' title='bbox 2479 2413 2933 2485; x_wconf 86' lang='lat' dir='ltr'>egredientibus.</span> <span class='ocrx_word' id='word_1_458' title='bbox 2949 2418 3028 2475; x_wconf 88' lang='lat' dir='ltr'>De</span> <span class='ocrx_word' id='word_1_459' title='bbox 3042 2418 3238 2492; x_wconf 91' lang='lat' dir='ltr'>prima</span> <span class='ocrx_word' id='word_1_460' title='bbox 3253 2419 3302 2478; x_wconf 80' lang='lat'>⁷:</span> <span class='ocrx_word' id='word_1_461' title='bbox 3321 2444 3349 2473; x_wconf 91' lang='lat'>«</span> <span class='ocrx_word' id='word_1_462' title='bbox 3360 2424 3505 2481; x_wconf 89' lang='lat' dir='ltr'>Con·</span> 
     </span>
     <span class='ocr_line' id='line_1_72' title="bbox 1960 2505 3504 2584; baseline 0.01 -24"><span class='ocrx_word' id='word_1_463' title='bbox 1960 2505 2118 2561; x_wconf 87' lang='lat' dir='ltr'>versi</span> <span class='ocrx_word' id='word_1_464' title='bbox 2152 2508 2320 2576; x_wconf 67' lang='lat' dir='ltr'>sunt„</span> <span class='ocrx_word' id='word_1_465' title='bbox 2360 2510 2417 2563; x_wconf 93' lang='lat' dir='ltr'>et</span> <span class='ocrx_word' id='word_1_466' title='bbox 2441 2506 2858 2579; x_wconf 78' lang='lat' dir='ltr'>[clamaverunt</span> <span class='ocrx_word' id='word_1_467' title='bbox 2882 2509 2963 2567; x_wconf 89' lang='lat' dir='ltr'>ad</span> <span class='ocrx_word' id='word_1_468' title='bbox 2991 2514 3076 2584; x_wconf 76' lang='lat' dir='ltr'>te:</span> <span class='ocrx_word' id='word_1_469' title='bbox 3105 2515 3169 2570; x_wconf 91' lang='lat' dir='ltr'>tu</span> <span class='ocrx_word' id='word_1_470' title='bbox 3206 2518 3401 2573; x_wconf 88' lang='lat' dir='ltr'>autem</span> <span class='ocrx_word' id='word_1_471' title='bbox 3428 2516 3504 2576; x_wconf 90' lang='lat' dir='ltr'>de</span> 
     </span>
     <span class='ocr_line' id='line_1_73' title="bbox 1961 2598 3505 2670; baseline 0.01 -16"><span class='ocrx_word' id='word_1_472' title='bbox 1961 2598 2114 2655; x_wconf 86' lang='lat' dir='ltr'>coelo</span> <span class='ocrx_word' id='word_1_473' title='bbox 2143 2598 2454 2670; x_wconf 82' lang='lat' dir='ltr'>exaudisti,</span> <span class='ocrx_word' id='word_1_474' title='bbox 2478 2604 2535 2658; x_wconf 90' lang='lat' dir='ltr'>et</span> <span class='ocrx_word' id='word_1_475' title='bbox 2558 2599 2818 2659; x_wconf 88' lang='lat' dir='ltr'>liberasti</span> <span class='ocrx_word' id='word_1_476' title='bbox 2868 2619 2971 2662; x_wconf 91' lang='lat' dir='ltr'>eos</span> <span class='ocrx_word' id='word_1_477' title='bbox 2997 2605 3060 2662; x_wconf 91' lang='lat' dir='ltr'>in</span> <span class='ocrx_word' id='word_1_478' title='bbox 3087 2606 3505 2669; x_wconf 89' lang='lat' dir='ltr'>misericordiis</span> 
     </span>
     <span class='ocr_line' id='line_1_74' title="bbox 1959 2693 3501 2772; baseline 0.008 -21"><span class='ocrx_word' id='word_1_479' title='bbox 1959 2693 2112 2751; x_wconf 88' lang='lat' dir='ltr'>tuis:</span> <span class='ocrx_word' id='word_1_480' title='bbox 2137 2714 2166 2748; x_wconf 72' lang='lat' dir='ltr'>n</span> <span class='ocrx_word' id='word_1_481' title='bbox 2191 2711 2327 2753; x_wconf 89' lang='lat' dir='ltr'>ecce</span> <span class='ocrx_word' id='word_1_482' title='bbox 2355 2696 2759 2756; x_wconf 88' lang='lat' dir='ltr'>misericordia</span> <span class='ocrx_word' id='word_1_483' title='bbox 2784 2700 3184 2772; x_wconf 87' lang='lat' dir='ltr'>regredientes</span> <span class='ocrx_word' id='word_1_484' title='bbox 3220 2704 3501 2764; x_wconf 88' lang='lat' dir='ltr'>liberans.</span> 
     </span>
     <span class='ocr_line' id='line_1_75' title="bbox 1959 2788 3498 2866; baseline 0.011 -23"><span class='ocrx_word' id='word_1_485' title='bbox 1959 2788 2039 2844; x_wconf 90' lang='lat' dir='ltr'>De</span> <span class='ocrx_word' id='word_1_486' title='bbox 2079 2788 2343 2847; x_wconf 86' lang='lat' dir='ltr'>secunda</span> <span class='ocrx_word' id='word_1_487' title='bbox 2378 2790 2574 2862; x_wconf 84' lang='lat' dir='ltr'>psallit</span> <span class='ocrx_word' id='word_1_488' title='bbox 2617 2793 2908 2866; x_wconf 86' lang='lat' dir='ltr'>Propheta</span> <span class='ocrx_word' id='word_1_489' title='bbox 2933 2795 2993 2851; x_wconf 82' lang='lat'>⁸:</span> <span class='ocrx_word' id='word_1_490' title='bbox 3042 2814 3072 2848; x_wconf 76' lang='grc' dir='ltr'><strong>α</strong></span> <span class='ocrx_word' id='word_1_491' title='bbox 3099 2796 3158 2855; x_wconf 91' lang='lat' dir='ltr'>Si</span> <span class='ocrx_word' id='word_1_492' title='bbox 3186 2797 3498 2860; x_wconf 86' lang='lat' dir='ltr'>dicebam:</span> 
     </span>
     <span class='ocr_line' id='line_1_76' title="bbox 1964 2883 3502 2966; baseline 0.008 -27"><span class='ocrx_word' id='word_1_493' title='bbox 1964 2883 2155 2939; x_wconf 81' lang='lat' dir='ltr'>Motus</span> <span class='ocrx_word' id='word_1_494' title='bbox 2178 2886 2264 2939; x_wconf 91' lang='lat' dir='ltr'>est</span> <span class='ocrx_word' id='word_1_495' title='bbox 2287 2899 2392 2958; x_wconf 92' lang='lat' dir='ltr'>pes</span> <span class='ocrx_word' id='word_1_496' title='bbox 2418 2901 2608 2957; x_wconf 87' lang='lat' dir='ltr'>meus,</span> <span class='ocrx_word' id='word_1_497' title='bbox 2640 2886 3046 2947; x_wconf 89' lang='lat' dir='ltr'>misericordia</span> <span class='ocrx_word' id='word_1_498' title='bbox 3073 2894 3204 2962; x_wconf 87' lang='lat' dir='ltr'>tua,</span> <span class='ocrx_word' id='word_1_499' title='bbox 3236 2893 3502 2966; x_wconf 88' lang='lat' dir='ltr'>Domine,</span> 
     </span>
     <span class='ocr_line' id='line_1_77' title="bbox 1957 2974 3503 3059; baseline 0.008 -26"><span class='ocrx_word' id='word_1_500' title='bbox 1957 2974 2286 3048; x_wconf 87' lang='lat' dir='ltr'>adjuvabat</span> <span class='ocrx_word' id='word_1_501' title='bbox 2310 2991 2406 3034; x_wconf 92' lang='lat' dir='ltr'>me</span> <span class='ocrx_word' id='word_1_502' title='bbox 2426 2996 2441 3034; x_wconf 96' lang='lat'>:</span> <span class='ocrx_word' id='word_1_503' title='bbox 2464 2999 2491 3031; x_wconf 72' lang='lat' dir='ltr'>n</span> <span class='ocrx_word' id='word_1_504' title='bbox 2527 2993 2661 3036; x_wconf 89' lang='lat' dir='ltr'>ecce</span> <span class='ocrx_word' id='word_1_505' title='bbox 2691 2979 3093 3041; x_wconf 87' lang='lat' dir='ltr'>misericordia</span> <span class='ocrx_word' id='word_1_506' title='bbox 3117 2986 3503 3059; x_wconf 89' lang='lat' dir='ltr'>progredien-</span> 
     </span>
     <span class='ocr_line' id='line_1_78' title="bbox 1955 3069 3501 3152; baseline 0.009 -26"><span class='ocrx_word' id='word_1_507' title='bbox 1955 3072 2042 3126; x_wconf 89' lang='lat' dir='ltr'>tes</span> <span class='ocrx_word' id='word_1_508' title='bbox 2068 3069 2382 3142; x_wconf 80' lang='lat' dir='ltr'>adJ‘uvans.</span> <span class='ocrx_word' id='word_1_509' title='bbox 2413 3073 2491 3129; x_wconf 91' lang='lat' dir='ltr'>De</span> <span class='ocrx_word' id='word_1_510' title='bbox 2520 3072 2688 3130; x_wconf 87' lang='lat' dir='ltr'>tertia</span> <span class='ocrx_word' id='word_1_511' title='bbox 2722 3074 2879 3132; x_wconf 86' lang='lat' dir='ltr'>canit</span> <span class='ocrx_word' id='word_1_512' title='bbox 2912 3076 3216 3136; x_wconf 85' lang='lat' dir='ltr'>Psalmista</span> <span class='ocrx_word' id='word_1_513' title='bbox 3241 3081 3302 3137; x_wconf 76' lang='lat'>⁹:</span> <span class='ocrx_word' id='word_1_514' title='bbox 3337 3098 3366 3134; x_wconf 73' lang='grc' dir='ltr'><strong>α</strong></span> <span class='ocrx_word' id='word_1_515' title='bbox 3393 3083 3501 3152; x_wconf 87' lang='lat' dir='ltr'>Qui</span> 
     </span>
     <span class='ocr_line' id='line_1_79' title="bbox 1957 3164 3501 3239; baseline 0.008 -19"><span class='ocrx_word' id='word_1_516' title='bbox 1957 3167 2205 3222; x_wconf 91' lang='lat' dir='ltr'>coronat</span> <span class='ocrx_word' id='word_1_517' title='bbox 2230 3168 2285 3222; x_wconf 88' lang='lat' dir='ltr'>te</span> <span class='ocrx_word' id='word_1_518' title='bbox 2313 3164 2375 3223; x_wconf 92' lang='lat' dir='ltr'>in</span> <span class='ocrx_word' id='word_1_519' title='bbox 2409 3165 2844 3239; x_wconf 89' lang='lat' dir='ltr'>misericordia,</span> <span class='ocrx_word' id='word_1_520' title='bbox 2874 3191 2901 3221; x_wconf 71' lang='grc' dir='ltr'>ι»</span> <span class='ocrx_word' id='word_1_521' title='bbox 2934 3174 3076 3228; x_wconf 91' lang='lat' dir='ltr'>etc.:</span> <span class='ocrx_word' id='word_1_522' title='bbox 3108 3188 3242 3231; x_wconf 91' lang='lat' dir='ltr'>ecce</span> <span class='ocrx_word' id='word_1_523' title='bbox 3269 3172 3501 3233; x_wconf 89' lang='lat' dir='ltr'>miseri-</span> 
     </span>
     <span class='ocr_line' id='line_1_80' title="bbox 1956 3256 3501 3332; baseline 0.009 -19"><span class='ocrx_word' id='word_1_524' title='bbox 1956 3256 2165 3315; x_wconf 92' lang='lat' dir='ltr'>cordia</span> <span class='ocrx_word' id='word_1_525' title='bbox 2216 3257 2614 3330; x_wconf 83' lang='lat' dir='ltr'>egredientes‘</span> <span class='ocrx_word' id='word_1_526' title='bbox 2642 3276 2965 3332; x_wconf 88' lang='lat' dir='ltr'>coronans,</span> <span class='ocrx_word' id='word_1_527' title='bbox 3017 3265 3113 3322; x_wconf 92' lang='lat' dir='ltr'>vel</span> <span class='ocrx_word' id='word_1_528' title='bbox 3173 3266 3501 3327; x_wconf 88' lang='lat' dir='ltr'>secundum</span> 
     </span>
     <span class='ocr_line' id='line_1_81' title="bbox 1954 3339 3037 3431; baseline 0.008 -24"><span class='ocrx_word' id='word_1_529' title='bbox 1954 3365 2113 3421; x_wconf 92' lang='lat' dir='ltr'>rem,</span> <span class='ocrx_word' id='word_1_530' title='bbox 2142 3352 2238 3410; x_wconf 89' lang='lat' dir='ltr'>vel</span> <span class='ocrx_word' id='word_1_531' title='bbox 2260 3339 2467 3411; x_wconf 83' lang='lat' dir='ltr'>saltem</span> <span class='ocrx_word' id='word_1_532' title='bbox 2492 3355 2823 3414; x_wconf 86' lang='lat' dir='ltr'>secundum</span> <span class='ocrx_word' id='word_1_533' title='bbox 2849 3373 3037 3431; x_wconf 89' lang='lat' dir='ltr'>spem.</span> 
     </span>
    </p>
   </div>
   <div class='ocr_carea' id='block_1_24' title="bbox 2433 3514 3024 3574">
    <p class='ocr_par' dir='ltr' id='par_1_25' title="bbox 2433 3514 3024 3574">
     <span class='ocr_line' id='line_1_82' title="bbox 2433 3514 3024 3574; baseline 0.01 -6"><span class='ocrx_word' id='word_1_534' title='bbox 2433 3514 2709 3570; x_wconf 77' lang='lat' dir='ltr'>Articulus</span> <span class='ocrx_word' id='word_1_535' title='bbox 2743 3515 3024 3574; x_wconf 76' lang='lat' dir='ltr'>secundus.</span> 
     </span>
    </p>
   </div>
   <div class='ocr_carea' id='block_1_25' title="bbox 1952 3633 3500 4564">
    <p class='ocr_par' dir='ltr' id='par_1_26' title="bbox 1952 3633 3500 4564">
     <span class='ocr_line' id='line_1_83' title="bbox 2025 3633 3488 3712; baseline 0.009 -21"><span class='ocrx_word' id='word_1_536' title='bbox 2025 3633 2362 3692; x_wconf 90' lang='lat' dir='ltr'>Secundum</span> <span class='ocrx_word' id='word_1_537' title='bbox 2391 3636 2704 3695; x_wconf 87' lang='lat' dir='ltr'>articulum</span> <span class='ocrx_word' id='word_1_538' title='bbox 2731 3638 3092 3712; x_wconf 86' lang='lat' dir='ltr'>subnotavit,</span> <span class='ocrx_word' id='word_1_539' title='bbox 3121 3657 3259 3700; x_wconf 91' lang='lat' dir='ltr'>cum</span> <span class='ocrx_word' id='word_1_540' title='bbox 3277 3643 3488 3703; x_wconf 89' lang='lat' dir='ltr'>subdi-</span> 
     </span>
     <span class='ocr_line' id='line_1_84' title="bbox 1956 3726 3500 3807; baseline 0.009 -24"><span class='ocrx_word' id='word_1_541' title='bbox 1956 3726 2042 3785; x_wconf 89' lang='lat' dir='ltr'>dit</span> <span class='ocrx_word' id='word_1_542' title='bbox 2051 3728 2148 3801; x_wconf 59' lang='grc' dir='ltr'><strong>(αἱ.</strong></span> <span class='ocrx_word' id='word_1_543' title='bbox 2161 3729 2228 3785; x_wconf 85' lang='lat' dir='ltr'>Ut</span> <span class='ocrx_word' id='word_1_544' title='bbox 2238 3731 2534 3787; x_wconf 78' lang='lat' dir='ltr'>consoletur</span> <span class='ocrx_word' id='word_1_545' title='bbox 2544 3747 2645 3802; x_wconf 85' lang='lat' dir='ltr'>me,</span> <span class='ocrx_word' id='word_1_546' title='bbox 2658 3734 2861 3789; x_wconf 89' lang='lat' dir='ltr'>contra</span> <span class='ocrx_word' id='word_1_547' title='bbox 2869 3732 3058 3807; x_wconf 84' lang='lat' dir='ltr'>culpoe</span> <span class='ocrx_word' id='word_1_548' title='bbox 3068 3732 3339 3795; x_wconf 89' lang='lat' dir='ltr'>dolorem</span> <span class='ocrx_word' id='word_1_549' title='bbox 3357 3737 3500 3798; x_wconf 90' lang='lat' dir='ltr'>inte-</span> 
     </span>
     <span class='ocr_line' id='line_1_85' title="bbox 1953 3821 3499 3895; baseline 0.01 -18"><span class='ocrx_word' id='word_1_550' title='bbox 1953 3822 2075 3879; x_wconf 92' lang='lat' dir='ltr'>rius</span> <span class='ocrx_word' id='word_1_551' title='bbox 2113 3821 2603 3895; x_wconf 88' lang='lat' dir='ltr'>constringentem</span> <span class='ocrx_word' id='word_1_552' title='bbox 2629 3842 2644 3882; x_wconf 91' lang='lat'>:</span> <span class='ocrx_word' id='word_1_553' title='bbox 2673 3840 2812 3883; x_wconf 92' lang='lat' dir='ltr'>cum</span> <span class='ocrx_word' id='word_1_554' title='bbox 2846 3825 3007 3884; x_wconf 90' lang='lat' dir='ltr'>enim</span> <span class='ocrx_word' id='word_1_555' title='bbox 3033 3829 3499 3892; x_wconf 89' lang='lat' dir='ltr'>consolationem</span> 
     </span>
     <span class='ocr_line' id='line_1_86' title="bbox 1954 3914 3493 3997; baseline 0.009 -25"><span class='ocrx_word' id='word_1_556' title='bbox 1954 3914 2240 3990; x_wconf 89' lang='lat' dir='ltr'>deposcit,</span> <span class='ocrx_word' id='word_1_557' title='bbox 2261 3916 2692 3980; x_wconf 82' lang='lat' dir='ltr'>desolationem</span> <span class='ocrx_word' id='word_1_558' title='bbox 2708 3918 3084 3978; x_wconf 87' lang='lat' dir='ltr'>intrinsecam</span> <span class='ocrx_word' id='word_1_559' title='bbox 3109 3927 3493 3997; x_wconf 87' lang='lat' dir='ltr'>recognoscit.</span> 
     </span>
     <span class='ocr_line' id='line_1_87' title="bbox 1952 4010 3499 4089; baseline 0.008 -23"><span class='ocrx_word' id='word_1_560' title='bbox 1952 4010 2019 4067; x_wconf 84' lang='lat' dir='ltr'>Et</span> <span class='ocrx_word' id='word_1_561' title='bbox 2069 4013 2243 4080; x_wconf 90' lang='lat' dir='ltr'>nota,</span> <span class='ocrx_word' id='word_1_562' title='bbox 2291 4010 2458 4084; x_wconf 91' lang='lat' dir='ltr'>quod</span> <span class='ocrx_word' id='word_1_563' title='bbox 2505 4011 2674 4069; x_wconf 89' lang='lat' dir='ltr'>aliter</span> <span class='ocrx_word' id='word_1_564' title='bbox 2727 4014 3066 4072; x_wconf 88' lang='lat' dir='ltr'>consolatur</span> <span class='ocrx_word' id='word_1_565' title='bbox 3104 4019 3286 4089; x_wconf 87' lang='lat' dir='ltr'>Deus,</span> <span class='ocrx_word' id='word_1_566' title='bbox 3331 4019 3499 4079; x_wconf 82' lang='lat' dir='ltr'>aliter</span> 
     </span>
     <span class='ocr_line' id='line_1_88' title="bbox 1952 4101 3495 4185; baseline 0.008 -25"><span class='ocrx_word' id='word_1_567' title='bbox 1952 4101 2158 4174; x_wconf 82' lang='lat' dir='ltr'>home,</span> <span class='ocrx_word' id='word_1_568' title='bbox 2180 4102 2348 4161; x_wconf 89' lang='lat' dir='ltr'>aliter</span> <span class='ocrx_word' id='word_1_569' title='bbox 2363 4103 2673 4162; x_wconf 84' lang='lat' dir='ltr'>diabolus:</span> <span class='ocrx_word' id='word_1_570' title='bbox 2697 4108 2867 4178; x_wconf 90' lang='lat' dir='ltr'>Deus,</span> <span class='ocrx_word' id='word_1_571' title='bbox 2887 4107 3233 4181; x_wconf 87' lang='lat' dir='ltr'>inspirando</span> <span class='ocrx_word' id='word_1_572' title='bbox 3245 4132 3264 4185; x_wconf 85' lang='lat'>;</span> <span class='ocrx_word' id='word_1_573' title='bbox 3288 4112 3495 4185; x_wconf 88' lang='lat' dir='ltr'>homo,</span> 
     </span>
     <span class='ocr_line' id='line_1_89' title="bbox 1952 4197 3499 4281; baseline 0.01 -30"><span class='ocrx_word' id='word_1_574' title='bbox 1952 4197 2407 4256; x_wconf 81' lang='lat' dir='ltr'>sermocinando</span> <span class='ocrx_word' id='word_1_575' title='bbox 2419 4216 2437 4269; x_wconf 87' lang='lat'>3</span> <span class='ocrx_word' id='word_1_576' title='bbox 2478 4198 2787 4271; x_wconf 78' lang='lat' dir='ltr'>diaboluS,</span> <span class='ocrx_word' id='word_1_577' title='bbox 2823 4203 3198 4263; x_wconf 90' lang='lat' dir='ltr'>somniando.</span> <span class='ocrx_word' id='word_1_578' title='bbox 3257 4209 3333 4265; x_wconf 87' lang='lat' dir='ltr'>De</span> <span class='ocrx_word' id='word_1_579' title='bbox 3380 4208 3499 4281; x_wconf 91' lang='lat' dir='ltr'>pri-</span> 
     </span>
     <span class='ocr_line' id='line_1_90' title="bbox 1952 4291 3493 4367; baseline 0.01 -21"><span class='ocrx_word' id='word_1_580' title='bbox 1952 4305 2055 4348; x_wconf 93' lang='lat' dir='ltr'>mo</span> <span class='ocrx_word' id='word_1_581' title='bbox 2090 4291 2177 4348; x_wconf 87' lang='lat'>¹⁰:</span> <span class='ocrx_word' id='word_1_582' title='bbox 2210 4308 2240 4344; x_wconf 72' lang='grc' dir='ltr'><strong>α</strong></span> <span class='ocrx_word' id='word_1_583' title='bbox 2266 4291 2568 4366; x_wconf 86' lang='lat' dir='ltr'>Numquid</span> <span class='ocrx_word' id='word_1_584' title='bbox 2597 4294 2821 4367; x_wconf 86' lang='lat' dir='ltr'>grande</span> <span class='ocrx_word' id='word_1_585' title='bbox 2844 4297 2950 4367; x_wconf 89' lang='lat' dir='ltr'>est,</span> <span class='ocrx_word' id='word_1_586' title='bbox 2976 4301 3043 4355; x_wconf 92' lang='lat' dir='ltr'>ut</span> <span class='ocrx_word' id='word_1_587' title='bbox 3075 4299 3413 4359; x_wconf 86' lang='lat' dir='ltr'>consoletur</span> <span class='ocrx_word' id='word_1_588' title='bbox 3440 4307 3493 4362; x_wconf 90' lang='lat' dir='ltr'>te</span> 
     </span>
     <span class='ocr_line' id='line_1_91' title="bbox 1952 4386 3492 4454; baseline 0.009 -13"><span class='ocrx_word' id='word_1_589' title='bbox 1952 4386 2104 4442; x_wconf 87' lang='lat' dir='ltr'>Deus</span> <span class='ocrx_word' id='word_1_590' title='bbox 2121 4386 2152 4442; x_wconf 68' lang='lat' dir='ltr'>i</span> <span class='ocrx_word' id='word_1_591' title='bbox 2178 4404 2208 4438; x_wconf 73' lang='lat' dir='ltr'>n</span> <span class='ocrx_word' id='word_1_592' title='bbox 2244 4401 2375 4444; x_wconf 89' lang='lat' dir='ltr'>ecce</span> <span class='ocrx_word' id='word_1_593' title='bbox 2404 4387 2734 4446; x_wconf 89' lang='lat' dir='ltr'>consolatio</span> <span class='ocrx_word' id='word_1_594' title='bbox 2763 4388 2986 4448; x_wconf 87' lang='lat' dir='ltr'>divina.</span> <span class='ocrx_word' id='word_1_595' title='bbox 3020 4394 3096 4449; x_wconf 87' lang='lat' dir='ltr'>De</span> <span class='ocrx_word' id='word_1_596' title='bbox 3122 4395 3385 4454; x_wconf 88' lang='lat' dir='ltr'>secundo</span> <span class='ocrx_word' id='word_1_597' title='bbox 3415 4396 3492 4454; x_wconf 87' lang='lat'>¹¹:</span> 
     </span>
     <span class='ocr_line' id='line_1_92' title="bbox 1958 4480 3493 4564; baseline 0.01 -29"><span class='ocrx_word' id='word_1_598' title='bbox 1958 4497 1988 4533; x_wconf 74' lang='grc' dir='ltr'><strong>α</strong></span> <span class='ocrx_word' id='word_1_599' title='bbox 2015 4480 2246 4538; x_wconf 86' lang='lat' dir='ltr'>Utinam</span> <span class='ocrx_word' id='word_1_600' title='bbox 2282 4487 2431 4540; x_wconf 87' lang='lat' dir='ltr'>esset</span> <span class='ocrx_word' id='word_1_601' title='bbox 2469 4483 2670 4544; x_wconf 90' lang='lat' dir='ltr'>anima</span> <span class='ocrx_word' id='word_1_602' title='bbox 2704 4490 2894 4545; x_wconf 83' lang='lat' dir='ltr'>vestra</span> <span class='ocrx_word' id='word_1_603' title='bbox 2930 4504 3043 4563; x_wconf 91' lang='lat' dir='ltr'>pro</span> <span class='ocrx_word' id='word_1_604' title='bbox 3085 4489 3285 4548; x_wconf 89' lang='lat' dir='ltr'>anima</span> <span class='ocrx_word' id='word_1_605' title='bbox 3326 4507 3493 4564; x_wconf 91' lang='lat' dir='ltr'>mea,</span> 
     </span>
    </p>
   </div>
   <div class='ocr_carea' id='block_1_26' title="bbox 1924 4574 3492 4650">
    <p class='ocr_par' dir='ltr' id='par_1_27' title="bbox 1924 4574 3492 4650">
     <span class='ocr_line' id='line_1_93' title="bbox 1924 4574 3492 4650; baseline 0.008 -19"><span class='ocrx_word' id='word_1_606' title='bbox 1924 4601 1927 4606; x_wconf 85' lang='lat'><em>-</em></span> <span class='ocrx_word' id='word_1_607' title='bbox 1952 4574 2294 4635; x_wconf 87' lang='lat' dir='ltr'>consolarer</span> <span class='ocrx_word' id='word_1_608' title='bbox 2319 4579 2377 4634; x_wconf 91' lang='lat' dir='ltr'>et</span> <span class='ocrx_word' id='word_1_609' title='bbox 2402 4592 2515 4650; x_wconf 87' lang='lat' dir='ltr'>ego</span> <span class='ocrx_word' id='word_1_610' title='bbox 2536 4593 2648 4637; x_wconf 87' lang='lat' dir='ltr'>vos</span> <span class='ocrx_word' id='word_1_611' title='bbox 2672 4581 3090 4640; x_wconf 87' lang='lat' dir='ltr'>sermonibus:</span> <span class='ocrx_word' id='word_1_612' title='bbox 3133 4604 3162 4636; x_wconf 71' lang='grc' dir='ltr'>»ι</span> <span class='ocrx_word' id='word_1_613' title='bbox 3188 4598 3324 4643; x_wconf 88' lang='lat' dir='ltr'>ecce</span> <span class='ocrx_word' id='word_1_614' title='bbox 3353 4600 3492 4643; x_wconf 89' lang='lat' dir='ltr'>con·</span> 
     </span>
    </p>
   </div>
   <div class='ocr_carea' id='block_1_27' title="bbox 1950 4666 3495 5011">
    <p class='ocr_par' dir='ltr' id='par_1_28' title="bbox 1950 4666 3495 5011">
     <span class='ocr_line' id='line_1_94' title="bbox 1951 4666 3495 4740; baseline 0.008 -13"><span class='ocrx_word' id='word_1_615' title='bbox 1951 4666 2164 4727; x_wconf 84' lang='lat' dir='ltr'>solatio</span> <span class='ocrx_word' id='word_1_616' title='bbox 2190 4667 2473 4728; x_wconf 87' lang='lat' dir='ltr'>humana.</span> <span class='ocrx_word' id='word_1_617' title='bbox 2519 4673 2598 4729; x_wconf 87' lang='lat' dir='ltr'>De</span> <span class='ocrx_word' id='word_1_618' title='bbox 2623 4673 2794 4733; x_wconf 89' lang='lat' dir='ltr'>tertio</span> <span class='ocrx_word' id='word_1_619' title='bbox 2823 4676 2909 4733; x_wconf 81' lang='lat'>¹²:</span> <span class='ocrx_word' id='word_1_620' title='bbox 2947 4694 2976 4730; x_wconf 75' lang='grc' dir='ltr'><strong>α</strong></span> <span class='ocrx_word' id='word_1_621' title='bbox 3002 4675 3192 4734; x_wconf 86' lang='lat' dir='ltr'>Divini</span> <span class='ocrx_word' id='word_1_622' title='bbox 3217 4677 3495 4740; x_wconf 86' lang='lat' dir='ltr'>viderunt</span> 
     </span>
     <span class='ocr_line' id='line_1_95' title="bbox 1952 4762 3489 4849; baseline 0.01 -29"><span class='ocrx_word' id='word_1_623' title='bbox 1952 4762 2351 4838; x_wconf 89' lang='lat' dir='ltr'>mendacium,</span> <span class='ocrx_word' id='word_1_624' title='bbox 2382 4769 2439 4825; x_wconf 91' lang='lat' dir='ltr'>et</span> <span class='ocrx_word' id='word_1_625' title='bbox 2465 4767 2856 4828; x_wconf 88' lang='lat' dir='ltr'>somniatores</span> <span class='ocrx_word' id='word_1_626' title='bbox 2880 4771 3061 4830; x_wconf 89' lang='lat' dir='ltr'>locuti</span> <span class='ocrx_word' id='word_1_627' title='bbox 3087 4776 3224 4832; x_wconf 87' lang='lat' dir='ltr'>sunt</span> <span class='ocrx_word' id='word_1_628' title='bbox 3247 4775 3489 4849; x_wconf 83' lang='lat' dir='ltr'>frustra,</span> 
     </span>
     <span class='ocr_line' id='line_1_96' title="bbox 1950 4858 3492 4931; baseline 0.012 -18"><span class='ocrx_word' id='word_1_629' title='bbox 1950 4872 2103 4915; x_wconf 87' lang='lat' dir='ltr'>vane</span> <span class='ocrx_word' id='word_1_630' title='bbox 2130 4858 2589 4919; x_wconf 89' lang='lat' dir='ltr'>consolabantur</span> <span class='ocrx_word' id='word_1_631' title='bbox 2608 4880 2667 4920; x_wconf 71' lang='lat' dir='ltr'>:n</span> <span class='ocrx_word' id='word_1_632' title='bbox 2690 4878 2825 4923; x_wconf 88' lang='lat' dir='ltr'>ecce</span> <span class='ocrx_word' id='word_1_633' title='bbox 2851 4866 3178 4928; x_wconf 86' lang='lat' dir='ltr'>consolatio</span> <span class='ocrx_word' id='word_1_634' title='bbox 3192 4867 3492 4931; x_wconf 87' lang='lat' dir='ltr'>diabolica</span> 
     </span>
     <span class='ocr_line' id='line_1_97' title="bbox 1952 4953 2212 5011; baseline 0.012 -3"><span class='ocrx_word' id='word_1_635' title='bbox 1952 4953 2011 5008; x_wconf 85' lang='lat' dir='ltr'>et</span> <span class='ocrx_word' id='word_1_636' title='bbox 2035 4966 2212 5011; x_wconf 87' lang='lat' dir='ltr'>vana.</span> 
     </span>
    </p>
   </div>
   <div class='ocr_carea' id='block_1_28' title="bbox 2449 5055 2998 5119">
    <p class='ocr_par' dir='ltr' id='par_1_29' title="bbox 2449 5055 2998 5119">
     <span class='ocr_line' id='line_1_98' title="bbox 2449 5055 2998 5119; baseline 0.013 -7"><span class='ocrx_word' id='word_1_637' title='bbox 2449 5055 2735 5116; x_wconf 63' lang='lat' dir='ltr'>Articulum</span> <span class='ocrx_word' id='word_1_638' title='bbox 2787 5063 2998 5119; x_wconf 77' lang='lat' dir='ltr'>tertius.</span> 
     </span>
    </p>
   </div>
   <div class='ocr_carea' id='block_1_29' title="bbox 2022 5186 3489 5264">
    <p class='ocr_par' dir='ltr' id='par_1_30' title="bbox 2022 5186 3489 5264">
     <span class='ocr_line' id='line_1_99' title="bbox 2022 5186 3489 5264; baseline 0.012 -20"><span class='ocrx_word' id='word_1_639' title='bbox 2022 5186 2279 5246; x_wconf 88' lang='lat' dir='ltr'>Tertium</span> <span class='ocrx_word' id='word_1_640' title='bbox 2323 5192 2657 5264; x_wconf 81' lang='lat' dir='ltr'>annotavit,</span> <span class='ocrx_word' id='word_1_641' title='bbox 2697 5208 2835 5252; x_wconf 89' lang='lat' dir='ltr'>cum</span> <span class='ocrx_word' id='word_1_642' title='bbox 2873 5194 3109 5260; x_wconf 86' lang='lat' dir='ltr'>addidit</span> <span class='ocrx_word' id='word_1_643' title='bbox 3141 5217 3158 5257; x_wconf 92' lang='lat'>:</span> <span class='ocrx_word' id='word_1_644' title='bbox 3188 5199 3489 5261; x_wconf 70' lang='lat' dir='ltr'>Secundum</span> 
     </span>
    </p>
   </div>
   <div class='ocr_carea' id='block_1_30' title="bbox 1950 5313 3489 5520">
    <p class='ocr_par' dir='ltr' id='par_1_31' title="bbox 1950 5313 3489 5520">
     <span class='ocr_line' id='line_1_100' title="bbox 1954 5313 3487 5393; baseline 0.012 -31"><span class='ocrx_word' id='word_1_645' title='bbox 1954 5314 2029 5364; x_wconf 86' lang='lat'>18.</span> <span class='ocrx_word' id='word_1_646' title='bbox 2054 5339 2118 5350; x_wconf 92' lang='lat'><strong>—</strong></span> <span class='ocrx_word' id='word_1_647' title='bbox 2146 5314 2169 5350; x_wconf 68' lang='grc' dir='ltr'><strong>θ</strong></span> <span class='ocrx_word' id='word_1_648' title='bbox 2193 5313 2332 5365; x_wconf 75' lang='lat' dir='ltr'>Psal.</span> <span class='ocrx_word' id='word_1_649' title='bbox 2360 5327 2458 5381; x_wconf 84' lang='lat' dir='ltr'>cn,</span> <span class='ocrx_word' id='word_1_650' title='bbox 2505 5320 2550 5370; x_wconf 71' lang='lat' dir='ltr'>t.</span> <span class='ocrx_word' id='word_1_651' title='bbox 2579 5343 2641 5357; x_wconf 91' lang='lat'><em>—</em></span> <span class='ocrx_word' id='word_1_652' title='bbox 2669 5320 2711 5355; x_wconf 84' lang='lat'>¹⁰</span> <span class='ocrx_word' id='word_1_653' title='bbox 2736 5318 2849 5381; x_wconf 79' lang='lat' dir='ltr'>Iob,</span> <span class='ocrx_word' id='word_1_654' title='bbox 2876 5332 2963 5387; x_wconf 80' lang='lat' dir='ltr'>xv,</span> <span class='ocrx_word' id='word_1_655' title='bbox 2995 5327 3071 5375; x_wconf 72' lang='grc' dir='ltr'>ιι.</span> <span class='ocrx_word' id='word_1_656' title='bbox 3093 5351 3156 5363; x_wconf 89' lang='grc'>-</span> <span class='ocrx_word' id='word_1_657' title='bbox 3181 5327 3218 5361; x_wconf 85' lang='lat'>¹¹</span> <span class='ocrx_word' id='word_1_658' title='bbox 3240 5327 3352 5393; x_wconf 81' lang='lat' dir='ltr'>Job,</span> <span class='ocrx_word' id='word_1_659' title='bbox 3381 5342 3487 5393; x_wconf 86' lang='lat' dir='ltr'>xv1,</span> 
     </span>
     <span class='ocr_line' id='line_1_101' title="bbox 1954 5386 3489 5462; baseline 0.011 -27"><span class='ocrx_word' id='word_1_660' title='bbox 1954 5387 2000 5436; x_wconf 75' lang='lat'>4.</span> <span class='ocrx_word' id='word_1_661' title='bbox 2024 5411 2087 5423; x_wconf 94' lang='lat'><strong>—</strong></span> <span class='ocrx_word' id='word_1_662' title='bbox 2116 5386 2152 5421; x_wconf 82' lang='lat'>¹¹</span> <span class='ocrx_word' id='word_1_663' title='bbox 2177 5386 2348 5451; x_wconf 64' lang='lat' dir='ltr'>Zaeh„</span> <span class='ocrx_word' id='word_1_664' title='bbox 2377 5400 2430 5454; x_wconf 76' lang='lat' dir='ltr'>x,</span> <span class='ocrx_word' id='word_1_665' title='bbox 2454 5391 2504 5441; x_wconf 92' lang='grc'><strong>2.</strong></span> <span class='ocrx_word' id='word_1_666' title='bbox 2538 5417 2600 5430; x_wconf 89' lang='grc'>-</span> <span class='ocrx_word' id='word_1_667' title='bbox 2629 5391 2696 5457; x_wconf 84' lang='grc' dir='ltr'>(α)</span> <span class='ocrx_word' id='word_1_668' title='bbox 2733 5391 2874 5445; x_wconf 74' lang='lat' dir='ltr'>Edit.</span> <span class='ocrx_word' id='word_1_669' title='bbox 2914 5395 3029 5447; x_wconf 80' lang='lat' dir='ltr'>Ven.</span> <span class='ocrx_word' id='word_1_670' title='bbox 3068 5397 3395 5462; x_wconf 86' lang='lat' dir='ltr'>ingredietur.</span> <span class='ocrx_word' id='word_1_671' title='bbox 3426 5428 3489 5440; x_wconf 93' lang='lat'>—</span> 
     </span>
     <span class='ocr_line' id='line_1_102' title="bbox 1950 5454 2384 5520; baseline 0.016 -15"><span class='ocrx_word' id='word_1_672' title='bbox 1950 5454 2016 5520; x_wconf 86' lang='lat' dir='ltr'>(b)</span> <span class='ocrx_word' id='word_1_673' title='bbox 2048 5458 2170 5509; x_wconf 80' lang='lat' dir='ltr'>Item</span> <span class='ocrx_word' id='word_1_674' title='bbox 2199 5459 2384 5512; x_wconf 85' lang='lat' dir='ltr'>subdit.</span> 
     </span>
    </p>
   </div>
   <div class='ocr_carea' id='block_1_31' title="bbox 3561 2296 3736 2351">
    <p class='ocr_par' dir='ltr' id='par_1_32' title="bbox 3561 2296 3736 2351">
     <span class='ocr_line' id='line_1_103' title="bbox 3561 2296 3736 2351; baseline 0.017 -12"><span class='ocrx_word' id='word_1_675' title='bbox 3561 2296 3736 2351; x_wconf 76' lang='lat' dir='ltr'>triplex.</span> 
     </span>
    </p>
   </div>
  </div>
 </body>
</html>
