4196 6294
880 927 1149 998 SIXTI
1212 928 1674 999 SENENSIS
1736 930 2410 1003 BIBLIOTHECAE
2470 932 2870 1003 SANCTAE

1523 1123 1597 1173 Ex
1628 1122 1759 1173 libro
1791 1126 2000 1189 quarto,
2034 1138 2086 1189 p.
2121 1125 2229 1175 346.

350 1344 808 1413 Bonaventura
826 1394 847 1427 ,
884 1345 1001 1430 qui
1035 1350 1099 1412 et
1136 1346 1493 1432 Eutycbius
1528 1367 1742 1433 graeca
1774 1369 1930 1417 voce
1969 1351 2176 1417 dictus
2218 1355 2315 1417 est
2328 1399 2346 1431 ,
2387 1350 2721 1435 episcopus
2753 1348 3131 1414 Albanensis
3149 1352 3181 1430 ,'
3211 1348 3466 1415 natione

273 1463 630 1530 Hetruscus
698 1483 775 1530 ex
840 1464 1074 1548 oppido
1114 1464 1350 1532 Balneo
1391 1467 1590 1550 Regio
1605 1517 1623 1548 ‚
1662 1471 1925 1534 octavus
1959 1468 2285 1534 Generalis
2327 1467 2576 1534 Ordinis
2618 1466 2936 1533 Minorum
2953 1516 2974 1547 ,
3015 1467 3098 1531 ob
3157 1465 3465 1532 eximiam

273 1581 647 1648 divinarum
673 1601 899 1648 rerum
938 1583 1356 1650 eruditionem
1385 1603 1424 1649 a
1453 1584 1758 1668 Gregorio
1786 1584 1875 1666 X,
1910 1584 2210 1651 Pontiflce
2241 1586 2549 1664 maximo,
2576 1585 2646 1649 in
2673 1584 3020 1666 collegium
3045 1582 3467 1649 cardinalium

274 1705 678 1784 assumptus,
726 1705 969 1767 tentam
1006 1720 1151 1767 cum
1193 1720 1447 1767 summa
1488 1702 1874 1768 scholasticae
1922 1702 2263 1785 theologiae
2311 1722 2385 1768 ac
2434 1702 2851 1786 philosophiae
2909 1701 3272 1784 cognitione
3319 1700 3469 1766 vitae

276 1819 711 1899 sanctitatem,
742 1825 807 1885 et
835 1839 1093 1887 morum
1119 1821 1554 1900 integritatem
1570 1822 1925 1907 conjunxit,
1957 1824 2031 1885 ut
2060 1820 2618 1905 praestantissimus
2642 1820 2745 1886 vir
2770 1819 3131 1885 Alexander
3158 1817 3467 1897 HalensiS,

274 1940 639 2021 praeceptor
664 1940 827 2021 ejus,
857 1957 1027 2022 saepe
1064 1939 1139 2004 de
1174 1938 1311 2022 ipso
1350 1939 1559 2005 dicere
1585 1938 2004 2016 consueverit,
2050 1937 2253 2003 videri
2288 1937 2406 2001 sibi
2432 1937 2750 2003 Adamum
2777 1938 2845 2001 in
2869 1936 3318 2001 Bonaventura
3340 1952 3472 1999 non

271 2070 596 2134 peoeasse.
623 2052 738 2118 Hic
766 2056 931 2119 inter
952 2055 1155 2121 multa
1170 2056 1456 2139 piissima
1480 2054 1802 2139 opuscula,
1836 2073 1984 2139 quae
2013 2055 2226 2119 verbis
2255 2054 2710 2120 ardentissimis
2737 2058 2800 2120 et
2827 2053 3152 2118 altissimis
3178 2051 3472 2116 sensibus

270 2169 356 2233 ad
384 2169 842 2236 illuminandos
877 2172 1128 2238 animos
1148 2223 1167 2255 ,
1212 2178 1277 2239 et
1312 2173 1803 2240 inflammandas
1835 2174 2198 2239 voluntates
2242 2172 2601 2255 legentium
2628 2171 2848 2237 divino
2878 2186 3223 2235 succensus
3253 2186 3472 2234 amore

272 2287 670 2370 composuit,
712 2289 925 2354 nobile
953 2308 1212 2375 quoque
1247 2309 1409 2375 opus
1446 2293 1517 2357 in
1553 2292 1994 2357 Hexaemeron
2031 2290 2403 2357 scholastico
2439 2290 2734 2356 dictionis
2770 2307 3008 2372 genere
3033 2287 3323 2367 dictavit,
3370 2288 3472 2351 cui

270 2402 374 2467 De
412 2402 873 2470 Luminoeibus
911 2408 1250 2489 Ecclesiae,
1292 2410 1426 2476 sive
1469 2412 1565 2476 De
1599 2410 2220 2491 illuminationibus,
2250 2411 2387 2474 sive
2413 2409 2508 2473 De
2533 2414 2820 2493 quinque
2857 2406 3204 2471 visionibus
3240 2404 3473 2470 idcirco

271 2517 509 2583 titulus
535 2525 656 2600 aet,
687 2521 837 2605 quia
864 2523 939 2589 in
968 2543 1047 2590 eo
1073 2525 1484 2609 potissimum
1517 2531 1935 2611 exponuntur
1960 2526 2247 2610 quinque
2275 2525 2402 2590 illae
2429 2524 2708 2590 visiones
2742 2522 2873 2602 Dei,
2904 2520 3421 2605 comprehensae
3405 2537 3473 2582 ιιι

270 2653 350 2700 ea
370 2638 693 2705 sententia
718 2639 972 2725 Moysis,
1015 2642 1187 2711 Vidit
1208 2645 1404 2735 Deus,
1430 2644 1611 2729 quod
1644 2653 1801 2710 esset
1827 2626 2097 2722 bonum,
2131 2648 2249 2708 etc.
2269 2640 2663 2726 ,quinquies
2698 2639 2768 2704 in
2809 2637 3121 2722 principio
3163 2630 3473 2702 Geneseos

268 2753 568 2835 repetita.
610 2753 871 2822 Initium
926 2759 1139 2842 operis
1184 2764 1317 2841 est,
1369 2762 1452 2827 In
1504 2761 1714 2826 medio
1763 2761 2067 2829 Ecclesioe
2105 2760 2366 2844 aperuit
2414 2776 2483 2823 os
2525 2757 2685 2840 eius,
2731 2760 2851 2822 etc.
2902 2756 3215 2821 Dividitur
3256 2758 3469 2820 autem

264 2871 661 2939 universum
687 2893 848 2959 opus
876 2876 948 2943 in
971 2896 1299 2945 sermones
1324 2879 1564 2962 viginti
1590 2884 1752 2961 tres,
1781 2879 2198 2965 tropologicis
2225 2877 2550 2956 sensibus,
2578 2874 3002 2957 flagrantibus
3028 2874 3384 2953 sententiis,
3408 2878 3472 2939 et

259 2988 590 3055 abstrusis
616 2991 1005 3062 scholasticae
1030 2997 1446 3082 mysticaeque
1476 2997 1822 3080 theologiae
1849 2997 2102 3064 arcanis
2129 2994 2599 3062 refertissimos.

342 3096 625 3194 ‘Scripsit
663 3111 812 3178 item
856 3114 927 3180 in
964 3114 1295 3183 Psalmum
1331 3136 1525 3184 cxvm
1557 3117 1996 3184 scholasticam
2042 3115 2363 3201 postillam
2381 3164 2403 3197 ,
2444 3115 2848 3201 incipientem
2880 3137 2895 3180 :
2930 3114 3288 3196 Halleluia,
3328 3112 3470 3179 laus

256 3227 509 3309 qloria.
3535 3215 3540 3222 ’

340 3343 422 3409 In
447 3343 649 3412 Lucae
681 3346 1104 3433 Evangelium
1129 3352 1571 3419 scholasticam
1598 3353 1944 3432 Postillam,
1974 3370 2125 3438 quae
2151 3353 2371 3437 incipit
2401 3374 2417 3418 z
2449 3354 2737 3437 Spiritus
2769 3352 3055 3419 Domini.

336 3461 419 3527 In
442 3461 763 3530 Joannem
789 3468 1105 3550 postillam
1116 3516 1140 3550 ,
1169 3489 1317 3555 quae
1345 3471 1607 3556 incipit:
1638 3472 1722 3537 In
1742 3473 2147 3557 principie...
2187 3469 2416 3537 Fertur
2438 3474 2504 3536 et
2527 3470 2815 3553 ejusdem
2844 3467 3096 3533 libellus
3134 3465 3216 3530 ad
3246 3464 3469 3529 lectio-

246 3598 413 3645 nem
435 3577 803 3646 Bibliorum
829 3584 1333 3653 introductorius
1349 3638 1367 3670 ‚
1397 3589 1803 3673 Principium
1827 3606 2030 3654 sacroe
2065 3589 2427 3673 Scripturoe
2453 3590 2845 3672 praenotatus
2866 3607 2883 3665 3
2916 3587 3103 3667 cujus
3133 3580 3469 3648 exordium

249 3697 352 3757 est
381 3715 401 3756 ε
431 3693 726 3759 Ostendit
744 3696 912 3762 mihi
933 3700 1247 3768 Dominus
1269 3701 1547 3784 fluvium
1574 3724 1912 3790 maynum.

327 3808 626 3894 Reliquit
650 3813 808 3880 item
828 3819 1282 3902 compendium
1308 3825 1651 3890 metricum
1680 3825 2131 3892 scholasticum
2173 3827 2506 3908 utriusque
2539 3820 2925 3889 Testamenti
2952 3817 3248 3885 versibus
3268 3817 3472 3881 dime-

244 3929 362 3992 tris
394 3927 732 4014 iambicis,
763 3932 969 4000 libera
995 3938 1331 4024 solutaque
1368 3939 1763 4024 syllabarum
1796 3941 1945 4024 lege
1974 3961 1992 4007 ε
2024 3959 2187 4026 quos
2213 3943 2301 4007 ita
2338 3940 2676 4025 disposuit,
2706 3943 2780 4003 ut
2819 3934 3081 4018 singula
3107 3932 3473 3999 tetrasticha

243 4063 577 4113 summam
605 4051 809 4117 unius
827 4056 1097 4139 capituli
1124 4058 1511 4126 contineant.
1531 4060 1688 4145 Ejus
1713 4061 1971 4128 initium
1993 4065 2089 4127 est
2111 4059 2446 4130 :Mundus
2471 4058 2549 4139 fit
2574 4058 2645 4120 in
2661 4056 3010 4141 principio.
