4196 6294
35 4612 36 4619 κ
145 4587 346 4631 muman

1647 452 2011 521 PSALMUS
2051 454 2258 521 XCIII.

363 611 477 657 sex
501 591 634 656 dies
662 591 731 656 in
755 590 1075 657 creatione
1100 590 1410 672 leguntur
1434 588 1737 654 habuisse
1763 606 1901 654 ves—

364 717 607 783 peram.
631 699 790 766 Nam
817 700 908 763 ibi
939 699 1180 764 dictum
1237 702 1330 764 est
1356 702 1375 739 ¹
1405 719 1422 763 :
1461 722 1493 760 α
1514 696 1777 763 Factum
1808 701 1905 763 est

365 824 626 890 vespere
670 809 735 871 et
756 825 945 870 mane
980 806 1114 871 dies
1152 810 1389 870 sextus.
1437 828 1468 866 n
1503 804 1636 870 Hoc
1686 807 1903 869 autem

366 931 499 977 non
524 917 619 976 est
644 912 882 979 dictum
908 913 986 977 de
1013 914 1364 995 septimana
1380 961 1398 992 ,
1429 912 1511 976 ad
1537 911 1902 993 significan-

367 1020 524 1085 dum
573 1021 741 1103 quod
780 1022 1045 1103 septima
1091 1025 1246 1085 aetas
1300 1039 1432 1085 non
1467 1025 1563 1083 est
1607 1018 1906 1083 habitura

368 1146 701 1211 vesperam
724 1131 787 1193 et
814 1129 1008 1192 finem
1030 1151 1045 1193 :
1069 1128 1237 1193 unde
1263 1129 1332 1192 in
1358 1128 1516 1192 festo
1540 1127 1902 1192 animarum

369 1253 502 1300 non
547 1240 876 1301 cantamus
915 1254 1210 1319 vesperas
1228 1285 1253 1315 ,
1291 1237 1372 1300 ad
1408 1235 1904 1318 significandum

369 1344 542 1427 quod
582 1345 714 1408 vita
758 1363 979 1409 eorum
1020 1363 1148 1410 non
1185 1349 1282 1410 est
1325 1344 1620 1409 habitura
1663 1343 1857 1406 finem
1882 1390 1899 1422 ,

371 1468 519 1533 quae
556 1453 635 1531 (α)
664 1452 896 1517 dicitur
923 1470 1210 1535 vespera.

182 1582 347 1624 οοωι»
455 1567 514 1623 1.
545 1561 830 1627 Decorem
856 1559 1126 1626 indutus
1163 1565 1280 1628 est.
1310 1559 1419 1625 Est
1448 1561 1637 1625 decor
1666 1560 1900 1627 divini·

99 1642 348 1749 ξ’ζῗῖἱζ,
371 1668 551 1746 tatis3
597 1671 690 1732 est
715 1668 904 1733 decor
938 1667 1374 1732 humanitatis.
1426 1667 1849 1732 Humanitatis
1884 1687 1902 1731 τ

107 1768 330 1873 3⁰³²*
373 1777 537 1842 alius
562 1776 870 1860 corporiS,
907 1776 1068 1841 alius
1093 1776 1364 1855 animae,
1396 1777 1557 1840 alius
1583 1794 1902 1841 resurrec-

373 1885 582 1950 tionis,
615 1886 701 1950 De
735 1885 941 1969 primo
967 1884 1090 1949 hoc
1116 1887 1139 1920 ¹
1174 1906 1189 1948 ι
1234 1883 1610 1967 «Tanquam
1639 1901 1907 1967 sponsus

373 1993 714 2076 procedens
734 1992 810 2057 de
838 1991 1117 2055 thalamo
1144 2009 1283 2056 suo.
1304 2013 1336 2050 ι)
1363 1991 1450 2055 De
1472 1990 1749 2056 secundo
1776 1990 1902 2055 hic.

374 2100 461 2165 De
486 2101 673 2165 tertio
698 2099 789 2163 ibi
815 2099 838 2135 ⁸
870 2116 887 2161 ε
928 2123 960 2161 α
987 2097 1534 2181 Resplenduerunt
1582 2098 1744 2162 sicut
1787 2097 1906 2162 nix

374 2207 753 2274 vestimenta
776 2207 938 2288 ejus.
959 2226 989 2264 n

453 2319 514 2379 2.
548 2315 788 2381 Parata
813 2318 904 2380 est
928 2311 1105 2379 sedes
1132 2317 1268 2378 tua.
1291 2310 1484 2376 Sedes
1509 2310 1739 2376 dicitur
1765 2315 1906 2376 tum

373 2421 723 2487 secundum
753 2420 1152 2486 divinitatem
1174 2468 1191 2500 ,
1224 2423 1369 2483 tum
1401 2419 1752 2483 secundum
1780 2419 1903 2484 hu·

376 2528 766 2593 manitatem.
821 2526 1013 2593 Sedes
1061 2527 1171 2591 Dei
1211 2527 1562 2592 secundum
1602 2527 1903 2593 divinita-

374 2640 502 2700 tem
528 2634 880 2717 dupliciter,
910 2634 1145 2699 scilicet
1171 2633 1571 2717 aequalitatis,
1602 2637 1666 2698 et
1695 2633 1909 2698 anima

376 2742 594 2806 fidelis.
643 2741 836 2807 Juxta
862 2742 1179 2825 primum,
1230 2741 1456 2806 dicitur
1477 2741 1498 2776 ¹
1534 2742 1799 2807 «sedere
1826 2740 1908 2806 ad

374 2851 699 2916 dexteram
722 2849 927 2914 Patris
947 2849 1047 2932 (b),
1065 2871 1097 2909 υ
1127 2851 1277 2932 quia
1299 2850 1360 2914 ei
1387 2850 1691 2932 aequalis:
1716 2852 1910 2932 juxta

376 2958 722 3023 secundum
735 3007 753 3035 ,
781 2955 1012 3022 dicitur
1038 2957 1208 3040 quod
1232 2957 1410 3022 sedes
1432 2957 1543 3021 Dei
1566 2961 1660 3022 est
1690 2957 1910 3024 anima

372 3066 554 3147 Justi.
580 3065 770 3130 Sedes
795 3063 1209 3129 humanitatIs
1232 3065 1602 3149 dupliciter:
1634 3084 1786 3130 nam
1815 3085 1909 3131 se-

375 3173 656 3238 cundum
682 3174 851 3257 quod
875 3174 1069 3238 homo
1097 3177 1240 3254 stat,
1272 3174 1445 3238 sedet
1469 3174 1550 3237 ad
1576 3173 1906 3238 dexteram

375 3279 608 3361 Patris,
642 3281 705 3344 id
734 3284 828 3345 aet
847 3330 865 3361 ,
896 3281 1245 3346 secundum
1273 3281 1444 3364 quod
1489 3279 1684 3346 homo
1711 3281 1905 3347 habet

373 3386 613 3469 potiora
652 3385 854 3452 Patris
872 3435 893 3466 ,
936 3390 1000 3452 et
1033 3386 1439 3469 judiciariam
1481 3384 1853 3470 potestatem
1883 3407 1901 3452 ε

371 3513 521 3559 nam
548 3495 899 3560 secundum
925 3495 1095 3579 quod
1134 3494 1329 3560 homo
1350 3544 1367 3575 ,
1407 3495 1475 3558 in
1505 3496 1708 3560 forma
1735 3497 1905 3561 servi

365 3602 696 3685 judicabit.
725 3602 835 3667 Est
858 3602 1187 3686 plenitudo
1214 3602 1661 3667 cumulationis
1681 3652 1700 3684 ‚
1732 3604 1906 3669 unde

371 3708 559 3774 hoc⁸t
582 3709 893 3775 «Plenum
916 3709 1142 3792 gratiae
1169 3713 1233 3773 et
1270 3709 1579 3773 veritatis.
1600 3731 1631 3769 n
1656 3709 1768 3774 Est
1781 3709 1906 3793 ple-

372 3816 594 3882 nitudo
614 3817 1034 3900 perfectionis,
1056 3816 1229 3882 unde
1253 3816 1376 3881 hoc
1399 3838 1414 3881 ε
1438 3840 1468 3878 α
1488 3817 1647 3894 Ave,
1685 3816 1900 3899 Maria,

377 3925 588 4006 gratia
613 3926 799 4009 plena
819 3974 838 4003 ,
862 3946 892 3984 n
919 3928 983 3989 et
1001 3924 1125 3989 hoc
1141 3925 1195 3989 ⁸:
1239 3948 1271 3986 α
1291 3923 1654 4008 Stephanus
1681 3924 1907 4008 plenus

377 4031 604 4113 gratia.
642 4053 673 4092 n
724 4031 836 4096 Est
882 4032 1208 4117 plenitudo
1253 4031 1650 4097 sufficientiae
1669 4080 1688 4111 ,
1736 4032 1907 4096 unde

374 4142 497 4205 hoc
519 4143 540 4177 ‘¹
569 4162 584 4206 :
626 4163 657 4203 α
684 4140 1016 4205 Plenitudo
1055 4139 1221 4223 legis
1258 4140 1523 4205 dilectiO.
1552 4162 1583 4201 n
1619 4140 1729 4206 Est
1764 4139 1908 4223 ple-

371 4248 595 4315 nitudo
619 4247 1087 4314 numerositatis
1104 4296 1123 4327 ,
1150 4246 1322 4347 unde
1350 4246 1510 4311 hoc:
1548 4247 1908 4329 «Ingratus

373 4355 544 4420 enim
571 4355 813 4435 extitit,
844 4354 958 4439 qui
987 4354 1214 4438 plenus
1243 4353 1588 4420 virtutibus
1615 4340 1865 4420 Domini
1880 4403 1903 4435 ,

375 4462 640 4528 omnino
661 4479 790 4528 non
816 4461 1056 4527 timuit.
1085 4483 1117 4521 ι)

454 4576 514 4635 3.
568 4569 1000 4638 Elevaverunt
1038 4571 1318 4653 flumina
1334 4618 1355 4650 ,
1414 4571 1697 4639 Domine.
1747 4568 1905 4634 Flu-

119 4650 348 4759 32¹2¹Jf⁹¹⁵‘
375 4696 525 4743 men
539 4677 965 4761 multipliciter
982 4677 1304 4742 dicitur-in
1321 4676 1678 4759 Scriptura:
1700 4693 1908 4759 quan-

376 4787 581 4869 doque
620 4785 894 4869 Spiritus
926 4788 1180 4850 sanctus
1195 4833 1213 4866 ‚
1266 4784 1438 4850 unde
1461 4782 1579 4848 Job
1605 4783 1684 4849 de
1709 4782 1909 4867 hypo-

378 4895 537 4959 crita
562 4896 586 4936 ⁸
619 4917 634 4959 :
672 4893 845 4960 «Non
862 4893 1074 4960 videat
1095 4893 1334 4959 rivulos
1362 4891 1649 4957 fluminis
1675 4880 1817 4973 ejus
1835 4912 1850 4955 :
1866 4913 1899 4952 υ

379 5020 493 5086 per
517 5003 753 5085 flumen
774 5048 794 5080 ‚
843 5001 1117 5085 Spiritus
1143 5004 1432 5078 sanctus3
1473 5014 1597 5081 ‘per
1633 4997 1903 5075 rivulos,

447 5162 623 5224 Ἥρω,
649 5176 688 5227 1,
716 5165 794 5214 31.
814 5187 877 5202 -
905 5162 924 5193 ²
950 5160 1088 5212 Psal.
1116 5172 1268 5225 xvm,
1292 5164 1339 5213 6.
1367 5187 1423 5199 -
1451 5161 1472 5193 ³
1493 5159 1695 5220 matth„
1723 5170 1909 5223 xxvm,

384 5237 432 5286 ³.
459 5260 522 5274 —
547 5234 570 5271 δ
592 5235 750 5297 Rom..
780 5243 897 5298 vul,
930 5234 1009 5285 34.
1032 5257 1096 5271 -
1125 5233 1144 5263 ⁸
1168 5234 1334 5294 loen..
1365 5245 1402 5297 1,
1437 5235 1514 5284 14.
1541 5258 1607 5272 -—
1633 5233 1653 5264 ⁶
1677 5231 1811 5296 Act„
1836 5241 1911 5295 vl,

383 5307 431 5355 8.
460 5332 516 5343 -
544 5303 562 5340 ⁷
595 5306 756 5365 Rom„
777 5316 894 5363 xm.
928 5307 1006 5355 ¹0.
1031 5327 1095 5343 -
1123 5304 1141 5335 ⁸
1162 5301 1277 5363 Job,
1305 5315 1397 5368 xx,
1427 5306 1503 5354 Π.
1530 5327 1594 5341 —-
1619 5304 1640 5334 ⁸
1661 5302 1845 5364 Βατία,
1873 5314 1912 5361 1.

382 5382 434 5431 Ἰ.
458 5405 521 5419 -
551 5381 586 5411 ¹·
611 5381 735 5440 Im„
760 5390 925 5444 nvn,
951 5380 1003 5429 2.
1029 5401 1092 5416 —
1120 5377 1162 5411 ²¹
1185 5377 1349 5438 loun..
1375 5389 1467 5441 vn,
1496 5378 1576 5429 38.
1600 5402 1662 5416 -
1684 5376 1727 5413 ¹²
1752 5377 1912 5441 Rom„

385 5465 426 5514 ι,
455 5454 534 5505 2⁶.
560 5475 622 5489 —-
649 5450 690 5486 ¹⁸
718 5448 860 5516 Sap..
885 5461 938 5514 v,
965 5452 1014 5502 8.

3425 462 3545 526 269

2005 589 2173 655 dona
2230 592 2397 671 ejus.
2458 588 2850 673 Quandoque
2895 589 3366 673 praedicatores,
3412 611 3539 658 un-

2004 697 2084 761 de
2113 695 2413 762 Salomon
2435 696 2500 760 ⁹:
2548 719 2580 759 α
2604 697 2703 761 Ad
2728 696 2941 761 locum
2972 696 3144 763 unde
3169 705 3403 765 exeunt
3426 701 3548 766 ssu-

2007 803 2210 883 mina‚
2244 806 2677 882 revertuntur,
2707 806 2783 866 ut
2809 802 3040 868 iterum
3070 805 3359 885 fluant31o
3393 809 3550 890 quia

2007 911 2088 975 ad
2121 911 2342 988 Deum,
2374 929 2413 974 a
2441 929 2570 994 quo
2594 910 2963 990 missisunt,
2994 912 3284 993 redeunt,
3314 918 3390 978 ut
3409 918 3549 998 ejus

2007 1018 2242 1082 auxilio
2271 1018 2635 1101 praedicent.
2669 1018 3062 1102 Quandoque
3100 1022 3376 1086 actiones
3420 1021 3546 1087 hu-

2000 1125 2027 1207 j
2036 1144 2113 1190 us
2138 1124 2379 1204 saeculi,
2417 1125 2589 1191 unde
2615 1125 2805 1190 lsaias
2822 1127 2869 1166 ¹⁰
2897 1146 2915 1191 ε
2945 1149 2976 1188 α
2991 1127 3250 1193 Denuda
3274 1130 3547 1213 turpitu-

2007 1232 2222 1297 dinem
2269 1236 2448 1297 tuam
2470 1280 2487 1307 ,
2534 1232 2881 1316 discooperi
2919 1233 3298 1316 humerum,
3339 1237 3551 1302 revela

2008 1357 2199 1404 crura
2218 1388 2236 1419 ,
2287 1341 2484 1404 transi
2523 1340 2811 1405 flumina.
2856 1363 2886 1401 n
2948 1340 3338 1426 Quandoque
3384 1345 3552 1410 dona

2010 1448 2285 1531 Spiritus
2312 1450 2536 1529 sancti,
2570 1449 2740 1514 unde
2766 1449 2888 1514 hoc
2909 1450 2947 1486 ¹¹
2985 1470 3003 1515 ε
3044 1451 3213 1529 «Qui
3240 1453 3438 1518 credit
3480 1456 3550 1519 in

2012 1574 2116 1620 me
2132 1603 2150 1635 ,
2181 1557 2448 1621 flumina
2473 1557 2553 1622 de
2584 1561 2808 1623 ventre
2835 1560 2890 1640 ej
2900 1576 2976 1622 us
3001 1558 3202 1624 fluent
3227 1579 3412 1644 aquae
3440 1562 3547 1627 vi-

2010 1682 2133 1729 Vae.
2158 1686 2189 1723 υ

2098 1771 2485 1839 Testimonia
2514 1776 2628 1839 tua
2667 1773 3009 1842 credibilia
3048 1777 3228 1857 facta
3252 1785 3407 1845 aunt
3438 1781 3545 1846 m·-

2011 1880 2135 1944 mis
2167 1878 2262 1960 (c).
2295 1878 2471 1944 Dicta
2498 1881 2711 1962 sponsi
2738 1883 3266 1949 commendantur
3291 1904 3331 1949 a
3356 1886 3550 1950 fideli-

2010 1990 2171 2067 tate,
2201 1987 2371 2051 unde
2399 2009 2414 2049 :
2456 1987 2845 2056 Testimonia
2861 2013 2887 2063 ;
2918 2008 2957 2053 a
2983 1990 3244 2056 dicentis
3273 1995 3546 2058 auctori-

2009 2096 2139 2157 tate
2156 2141 2176 2171 ,
2207 2094 2380 2159 unde
2409 2116 2426 2158 ε
2467 2094 2604 2162 Tua
2622 2118 2648 2170 ‚·
2670 2114 2710 2159 a
2736 2096 3109 2163 certitudine
3130 2146 3150 2178 ,
3175 2100 3382 2166 unde:
3419 2100 3552 2168 Cre-

2011 2200 2254 2282 dibilia
2279 2202 2460 2281 facta
2487 2208 2640 2269 sunt
2664 2205 2888 2271 nimis.

2110 2307 2182 2371 In
2231 2309 2491 2373 titulum
2545 2311 2771 2392 psalmi
2821 2313 3145 2395 sequentis
3194 2336 3210 2379 t
3259 2315 3554 2384 Psalmus

2014 2415 2231 2483 David
2269 2424 2505 2498 quarta
2533 2418 2805 2486 sabbati.
2856 2419 3018 2484 Nota
3051 2442 3067 2486 ε
3100 2420 3306 2487 Homo
3353 2427 3555 2491 factus

2012 2527 2110 2587 est
2159 2528 2337 2588 sexta
2387 2525 2546 2589 feria
2581 2572 2600 2604 ,
2647 2525 2802 2590 luna
2852 2531 3099 2609 quarta.
3164 2528 3244 2593 Et
3297 2529 3491 2596 homo
3531 2580 3551 2612 ,

2013 2630 2270 2711 quando
2316 2630 2577 2715 incoepit
2634 2651 2771 2697 esse
2805 2681 2824 2713 ,
2886 2635 3282 2717 computavit
3332 2636 3553 2702 lunam

2014 2736 2290 2820 primam
2314 2786 2336 2818 ‚
2380 2740 2635 2822 quando
2674 2744 2813 2823 jam
2860 2747 2995 2808 erat
3035 2745 3222 2809 tertia
3257 2767 3274 2824 ;
3324 2751 3387 2811 et
3412 2747 3555 2813 ideo

2013 2864 2133 2912 nos
2171 2847 2353 2912 illum
2397 2849 2690 2915 ordinem
2727 2851 3170 2934 observanteS,
3218 2860 3550 2938 computa-

2013 2973 2162 3018 mus
2203 2955 2426 3019 lunam
2471 2957 2790 3038 primam,
2830 2959 3087 3039 quando
3123 2963 3264 3044 jam
3303 2967 3399 3027 est
3424 2967 3550 3028 ter-

2012 3061 2135 3139 tia,
2166 3062 2336 3143 quod
2374 3080 2505 3126 non
2537 3063 2777 3127 faciunt
2813 3064 2846 3130 J
2851 3066 3041 3131 udaei.
3064 3065 3227 3132 Nota
3270 3090 3287 3132 ε
3326 3074 3554 3153 quarta
3625 3066 3793 3152 omit·

2011 3167 2171 3232 feria
2195 3174 2403 3234 creata
2429 3175 2578 3235 sunt
2604 3171 2699 3234 sol
2735 3176 2799 3236 et
2824 3173 3010 3254 luna,
3057 3177 3122 3239 et
3150 3175 3242 3239 ita
3280 3175 3553 3243 Ecclesia
3581 3141 3792 3259 ἰῗζζῗρῗῖἷ

2011 3275 2389 3341 illuminata.
2422 3277 2574 3343 Inde
2602 3283 2881 3362 quatuor
2900 3284 3189 3365 tempora
3214 3287 3444 3367 quarta
3469 3285 3552 3351 fe-
3579 3278 3793 3381 {232¹ss

2013 3383 2109 3446 ria
2134 3383 2476 3467 incipimus
2503 3398 2776 3469 semper,
2825 3391 2888 3452 et
2918 3394 3143 3472 quarta
3184 3391 3342 3456 feria
3385 3410 3550 3475 qua·
3577 3389 3793 3493 mmm?

2012 3489 2442 3572 dragesimam
2485 3493 2826 3576 incipimus
2871 3514 3143 3581 semper.
3188 3497 3316 3564 Nos
3352 3500 3550 3566 debe·
3577 3461 3779 3568 3120„

2012 3614 2160 3659 mus
2186 3595 2314 3661 Deo
2341 3598 2572 3665 offerre
2594 3601 2909 3683 primitias
2929 3607 3314 3689 temporum,
3335 3608 3402 3673 id
3430 3614 3547 3691 est,

2011 3707 2288 3786 quatuor
2312 3708 2603 3790 tempora
2613 3731 2633 3789 ;
2670 3713 2735 3774 et
2776 3710 3088 3777 decimam
3134 3714 3219 3794 (d)
3245 3715 3493 3782 dierum
3519 3764 3541 3798 ,
3603 3725 3694 3797 (ἓν
3718 3724 3792 3771 d·-

2012 3809 2078 3874 id
2111 3815 2240 3892 est,
2274 3813 2851 3896 quadragesimam.
2885 3817 3092 3895 Quare
3120 3822 3333 3904 potius
3373 3824 3543 3889 deci·
3604 3797 3764 3890 ῗιῗνῗ

2014 3935 2194 3981 mam
2208 3917 2460 4000 damus,
2484 3939 2681 4004 quam
2700 3941 2960 4005 nonam,
2983 3926 3089 3993 vel
3106 3929 3549 3997 undecimam?
3577 3921 3679 4015 222⁸
3692 3912 3791 4015 ’an

2020 4024 2183 4102 Quia
2213 4026 2499 4092 decimus
2542 4031 2698 4096 ordo
2742 4033 2960 4099 cecidit
2985 4038 3401 4121 angelorum,
3438 4042 3551 4126 qui
3578 4034 3789 4087 ”⁸⁹³⁰

2022 4132 2209 4197 debet
2234 4133 2603 4202 hominibus
2629 4141 2994 4207 restaurari.
3591 4095 3775 4201 ff·

2295 4336 2694 4451 PSALMUS
2739 4381 3011 4455 DAvm
3055 4385 3283 4458 xcm.

2098 4565 2159 4624 1.
2189 4560 2354 4629 Deus
2401 4564 2719 4636 ultionum
2763 4571 3095 4641 Dominus.
3138 4574 3353 4644 Multae
3403 4584 3556 4645 sunt

2014 4667 2292 4733 ultiones
2319 4671 2460 4752 Dei;
2507 4694 2660 4740 nam
2697 4681 3073 4766 quandoque
3109 4685 3294 4767 punit
3331 4705 3549 4770 pecca·
3591 4682 3792 4756 ⁰¹3¹⁰¹²⁸⁸

2015 4781 2185 4843 tores
2229 4780 2299 4844 in
2336 4787 2637 4864 praesenti
2660 4835 2680 4867 ,
2710 4789 2881 4855 unde
2905 4793 2994 4855 ¹²:
3035 4815 3067 4853 α
3089 4791 3369 4861 Tradidit
3415 4796 3555 4862 illos
3581 4748 3680 4790 Μ’

2016 4886 2182 4950 Deus
2205 4886 2275 4950 in
2301 4890 2623 4970 passiones
2650 4894 3028 4975 ignominiae
3050 4919 3114 4979 ,n
3145 4901 3317 4967 etita
3338 4904 3406 4968 in
3434 4906 3556 4989 spi·

2017 4992 2386 5075 ritualibus;
2420 4998 2801 5084 quandoque
2846 5003 2914 5067 in
2941 5008 3429 5092 temporalibus,
3477 5014 3556 5080 de

2018 5118 2298 5182 quorum
2341 5104 2681 5211 amissione
2714 5108 2959 5193 dolent,
3006 5114 3177 5180 unde
3216 5117 3424 5185 dicent
3458 5121 3499 5159 ¹⁸
3536 5144 3553 5188 z

2084 5297 2156 5379 (a)
2203 5297 2346 5350 Edit.
2398 5301 2513 5353 Ven.
2548 5304 2652 5367 qui.
2685 5333 2741 5345 —
2778 5306 2850 5370 (ὁ)
2889 5308 3037 5375 Vulq.
3077 5313 3188 5365 Dei.
3227 5342 3289 5356 —
3331 5318 3398 5383 (c)
3432 5320 3558 5372 cot.

2021 5368 2273 5453 edu-'non
2308 5370 2502 5425 habent
2537 5375 2832 5430 Testimonia
2866 5384 2951 5432 tua
2979 5384 3243 5438 credibilia
3275 5390 3413 5453 sacta
3446 5395 3562 5442 sunt

2023 5455 2275 5494 numum·
2307 5444 2385 5508 (d)
2413 5446 2552 5497 Edit.
2589 5449 2703 5501 Ven.
2728 5451 2943 5507 decim.
3064 5524 3067 5525 7
