4196 6294
490 3875 658 3919 Oratio·

448 3939 518 3982 nin
553 3951 655 3994 par-

454 4982 649 5027 Verbum

445 5044 547 5090 Dei.

645 475 648 476 a
680 424 817 484 524

647 617 654 623 ,
693 555 774 613 ad
800 555 984 630 ipsius
1001 554 1766 630 proximijustiflcationem,
1791 555 1900 614 ubi
1929 555 2054 615 vita
2079 555 2244 633 spiri-

701 649 895 709 tualis.

1143 829 1152 836 ,
1238 784 1570 828 νειιειουιυε
1598 785 1714 828 xvi.

768 934 887 990 160.
906 933 1246 1004 Princepium
1265 932 1539 987 verborum
1561 935 1794 1002 tuorum,
1817 935 1927 990 etc.
1941 933 2119 990 Orato
2139 948 2244 1006 per

691 1042 930 1084 versum
981 1024 1268 1099 praevium
1326 1041 1437 1099 pro
1492 1025 1778 1099 spirituali
1842 1025 2242 1085 vivificatione

691 1118 1204 1194 persequentium,
1250 1123 1550 1192 postremo
1589 1135 1697 1193 per
1747 1135 1993 1177 versum
2042 1124 2246 1178 oratur

689 1215 1062 1291 propositum
1078 1230 1189 1288 pro
1215 1214 1476 1286 generali
1497 1214 1921 1273 salvificatione
1945 1216 2239 1275 omnium.

694 1312 876 1367 Porro
903 1324 1157 1383 praesens
1177 1307 1365 1365 oratio
1393 1308 1548 1366 bene
1576 1308 1811 1366 videtur
1839 1310 1957 1368 oris
1984 1310 2157 1380 ratiO,
2188 1314 2245 1368 et

695 1420 958 1477 congrua
999 1403 1256 1477 partium
1287 1402 1583 1461 ordinatio
1605 1446 1623 1473 ‚
1674 1403 1816 1476 quia
1856 1404 2006 1461 nihil
2049 1404 2243 1478 magis

696 1497 967 1570 congruit
1003 1497 1273 1571 personis
1310 1496 1773 1570 perfectissimiS,
1805 1513 1987 1571 quam
2032 1513 2241 1555 conso·

688 1591 896 1648 nantia
934 1589 998 1647 in
1039 1589 1209 1646 dictis
1253 1593 1312 1646 et
1352 1589 1551 1660 factiS‚
1584 1593 1875 1663 quatenus
1919 1595 2242 1650 consonent

696 1683 852 1741 dicta
889 1682 1087 1753 dietis,
1131 1686 1189 1739 et
1222 1682 1377 1740 facta
1417 1682 1584 1741 factis
1604 1703 1622 1756 ;
1652 1685 1847 1758 prima
1883 1687 2241 1759 novissimiS,

695 1780 753 1834 et
777 1776 1102 1834 novissima
1127 1776 1351 1850 primis.
1384 1777 1656 1850 Legimus
1678 1783 1877 1837 autem
1903 1781 2058 1838 circa
2084 1781 2242 1841 dicta

695 1875 753 1930 et
802 1871 954 1928 facta
996 1870 1317 1940 dominica,
1363 1871 1637 1945 quoedam
1688 1873 1917 1946 prima,
1965 1875 2242 1949 quaedam

692 1963 1037 2023 novissima.
1070 1964 1263 2022 Prima
1305 1970 1467 2034 sunt,
1500 1982 1630 2039 quse
1666 1965 1815 2023 dixit
1842 1971 1900 2024 et
1923 1966 2059 2025 fecit
2086 1969 2242 2026 circa

694 2059 1035 2128 hominem,
1065 2057 1268 2115 dicens
1296 2061 1353 2116 et
1387 2058 1606 2117 faciens
1634 2066 1896 2119 nostram
1924 2062 2234 2135 originem,

693 2171 832 2212 cum
876 2154 956 2211 ait
995 2157 1013 2191 ¹
1065 2173 1084 2209 .·
1121 2172 1149 2207 α
1185 2154 1489 2212 Faciamus
1535 2153 1863 2225 hominem,
1889 2176 1918 2210 >³
1968 2160 2078 2214 etc.
2125 2160 2238 2215 No-

689 2246 930 2306 vissima
967 2252 1132 2320 sunt,
1183 2265 1319 2323 quaa
1370 2248 1522 2306 dicet
1562 2251 1619 2305 et
1662 2249 1833 2307 faciet
1886 2250 2045 2308 circa
2072 2266 2238 2309 eum-

692 2343 864 2416 dem,
909 2342 1113 2400 dicens
1151 2347 1208 2400 et
1255 2342 1476 2401 faciens
1520 2347 1788 2401 nostrum
1832 2344 2051 2414 finem,
2104 2362 2238 2402 cum

691 2436 846 2496 dicet
871 2436 972 2508 iis,
1011 2436 1116 2511 qui
1154 2452 1192 2494 a
1227 2436 1445 2507 dextris
1483 2437 1610 2508 ejus
1640 2441 1812 2495 erunt
1835 2439 1858 2473 ²
1893 2455 1909 2494 :
1948 2457 1976 2492 α
2016 2439 2238 2511 Venite,

688 2529 1004 2601 benedicti,
1020 2550 1049 2585 >³
1076 2533 1183 2587 etc.
1207 2534 1348 2588 Ecce
1367 2531 1620 2589 verbum
1635 2531 1877 2603 initiale,
1901 2535 1958 2590 et
1981 2534 2237 2591 verbum

682 2622 984 2695 iudiciale.
1042 2627 1147 2680 Per
1194 2625 1448 2683 verbum
1499 2625 1720 2683 initiale
1776 2626 2238 2684 communicavit

687 2719 859 2789 DeuS‚
902 2716 1119 2791 quibus
1156 2718 1366 2790 voluit,
1412 2717 1744 2791 entitatem,
1787 2724 1843 2777 et
1877 2736 1986 2794 per
2028 2736 2233 2778 conse-

689 2826 877 2885 quens
929 2810 1263 2883 veritatem3
1317 2811 1603 2886 quoniam
1656 2811 1864 2870 entitas
1908 2818 1967 2871 et
2019 2814 2235 2871 veritas

681 2903 1022 2976 judicantur
1047 2904 1127 2963 ad
1153 2905 1343 2979 paria,
1374 2909 1662 2980 quantum
1691 2906 1769 2963 ad
1795 2907 2231 2983 participantia.

686 3000 794 3055 Per
844 2998 1099 3056 verbum
1143 2999 1424 3071 judiciale
1479 2999 1963 3073 communicabit,
2013 3002 2232 3076 quibus

686 3091 973 3165 voluerit,
1000 3093 1403 3153 aeternitatem.
1438 3094 1577 3153 Orat
1603 3110 1744 3168 ergo
1775 3096 2066 3170 Propheta
2093 3112 2233 3155 ora-

685 3186 845 3245 tione
873 3203 1169 3262 congrua,
1200 3193 1256 3246 et
1298 3189 1525 3246 ratione
1566 3205 1864 3261 consona,
1893 3195 1960 3248 ut
1993 3192 2096 3265 qui
2124 3208 2234 3266 per

685 3280 940 3339 verbum
980 3281 1202 3339 initiale
1239 3283 1701 3341 communicavit
1748 3285 2078 3358 entitatem,
2124 3302 2233 3360 per

685 3373 939 3433 verbum
993 3373 1273 3447 judiciale
1334 3377 1730 3436 communicet
1804 3378 2184 3437 aeternitatem
2210 3421 2230 3450 ,

685 3467 1001 3541 psallendo
1044 3486 1059 3524 :
1111 3472 1477 3542 Principium,
1528 3474 1672 3542 etc.,
1716 3472 1887 3545 quasi
1923 3472 2231 3531 manifeste

690 3561 944 3619 dicendo
978 3581 993 3620 ε
1035 3563 1295 3620 Verbum
1326 3563 1548 3622 initiale
1592 3563 1701 3622 fuit
1726 3564 1901 3622 nobis
1938 3581 2118 3623 causa
2144 3566 2233 3623 in-

684 3655 1050 3714 troductoria
1077 3657 1140 3713 in
1166 3658 1475 3715 veritatem
1490 3678 1509 3730 ς
1541 3658 1795 3716 verbum
1817 3658 2101 3731 judiciale
2128 3658 2233 3718 fiat

684 3764 861 3807 causa
898 3750 1326 3810 introductoria
1364 3753 1426 3809 in
1468 3753 1866 3810 aeternitatem.
1912 3753 1970 3811 Si
2017 3754 2232 3826 quaeris

682 3846 878 3917 partes
899 3844 1181 3902 orationis
1202 3849 1349 3919 quot
1367 3849 1523 3915 sunt,
1551 3845 1729 3920 plane
1748 3850 2004 3920 quatuor
2029 3846 2231 3920 colligi

684 3939 974 4010 possunt;
1030 3938 1249 3995 scilicet
1315 3939 1579 4012 primum
1645 3939 1909 4011 dictum,
1968 3941 2231 4015 primum

686 4027 937 4102 factum,
968 4032 1355 4091 novissimum
1397 4032 1650 4106 dictum,
1681 4033 2072 4091 novissimum
2107 4034 2228 4092 fac-

688 4127 834 4180 tum.
880 4126 974 4181 Est
1019 4128 1214 4182 autem
1250 4124 1516 4201 primum
1556 4126 1779 4185 dictum
1834 4127 2055 4187 initiale
2097 4145 2230 4187 ver·

686 4208 872 4289 hum5
921 4218 1179 4292 primum
1217 4218 1470 4304 factum,
1527 4221 1776 4279 entitatis
1814 4222 2225 4297 participium3

685 4310 1075 4368 novissimum
1102 4300 1343 4389 diotuni,
1359 4314 1643 4386 judiciale
1670 4317 1954 4388 verbum;
1983 4317 2231 4375 novissi-

686 4419 853 4462 mum
876 4402 1120 4477 factum,
1149 4396 1481 4464 aeternitatis
1506 4407 1885 4485 principium.

1183 4565 1466 4622 Articulus
1496 4567 1729 4637 primus.

756 4685 1016 4745 Primum
1034 4688 1258 4746 dictum
1285 4690 1535 4765 aperuit,
1564 4708 1701 4750 cum
1727 4693 1809 4751 ait
1840 4711 1854 4750 ε
1889 4697 2231 4768 Principium

683 4781 960 4838 verborum
1011 4787 1249 4853 tuorum3
1305 4785 1663 4860 principium
1701 4788 1924 4864 quippe
1970 4790 2086 4848 tale
2144 4794 2231 4849 est

683 4876 937 4934 verbum
979 4876 1220 4937 initiale.
1275 4880 1435 4938 Unde
1484 4882 1836 4955 notandum,
1876 4883 2043 4957 quod
2090 4901 2230 4959 pos-

683 4987 887 5029 sumus
917 4971 1275 5047 distinguere
1305 4976 1404 5033 Dei
1441 4976 1694 5035 verbum
1740 4976 1805 5034 in
1842 4977 2138 5053 primum,
2163 4979 2228 5037 in

682 5064 972 5138 medium,-
1028 5070 1087 5125 et
1129 5066 1192 5124 in
1236 5068 1538 5145 ultimum3
1588 5070 1808 5130 scilicet
1856 5072 1919 5129 in
1972 5073 2227 5131 verbum

687 5158 1094 5231 originationis
1114 5203 1135 5234 ,
1165 5161 1554 5223 ordinationis
1597 5170 1653 5224 et
1698 5166 2221 5226 determinationis.

749 5286 764 5318 ¹
791 5285 934 5351 Gen„
972 5299 1021 5352 1,
1058 5291 1138 5339 26.
1165 5315 1226 5327 —
1266 5291 1287 5322 ²
1313 5290 1515 5354 Maera,
1547 5303 1671 5356 xxv,
1700 5293 1776 5343 34.
1806 5319 1862 5331 -
1894 5293 1916 5326 ⁸
1945 5291 2114 5356 Hebr„
2150 5306 2224 5357 xl,

683 5357 729 5410 3.
757 5381 822 5395 -
853 5356 876 5392 ⁸
901 5358 1022 5422 Iso„
1058 5370 1116 5425 11,
1144 5362 1194 5412 3.
1222 5385 1283 5400 -
1310 5362 1334 5400 ⁸
1361 5360 1539 5425 Eucti„
1571 5374 1736 5427 xum,
1765 5367 1843 5415 1¹.
1868 5365 1982 5412 ——.⁸
2015 5365 2036 5415 1
2060 5366 2226 5431 Joan„

1735 419 2150 486 EXPOSITIO
2196 420 2275 485 IN
2320 419 2847 487 PSALTERIUM.

2351 560 2429 615 De
2457 557 2651 632 primo
2686 559 2709 594 ⁸
2739 577 2754 615 ε
2789 577 2819 612 α
2864 558 3004 616 Fide
3040 557 3422 630 intelligimus
3457 561 3654 631 aptata
3680 557 3897 615 saecula

2351 652 2537 709 verbo
2583 651 2682 709 Dei
2732 671 2746 709 ε
2793 671 2822 707 »
2863 668 2998 709 ecce
3034 652 3285 710 verbum
3330 651 3755 724 originationis.
3814 654 3895 708 De

2351 746 2612 802 secundo
2639 746 2706 803 ⁸:
2765 764 2794 798 α
2843 748 2922 803 De
2960 746 3100 803 Sion
3145 746 3328 804 exibit
3374 744 3493 816 lex,
3541 751 3598 803 et
3639 745 3894 803 verbum

2351 838 2581 895 Domini
2609 839 2684 896 de
2717 838 3043 897 Jerusalem
3082 857 3097 895 ε
3131 859 3158 893 υ
3194 854 3327 896 ecce
3365 838 3621 896 verbum
3658 837 3894 896 ordina-

2349 931 2546 990 tionis,
2594 935 2670 990 De
2720 932 2888 991 tertio
2923 934 2946 969 ⁸
2988 950 3002 989 :
3052 951 3080 986 α
3120 932 3405 990 Mundum
3449 932 3788 989 illuminans
3827 932 3891 989 in

2352 1026 2596 1084 excelsis
2637 1027 2942 1100 Dominus,
2984 1028 3045 1084 in
3080 1028 3279 1085 verbis
3307 1027 3488 1085 sancti
3536 1026 3773 1084 stabunt
3811 1024 3890 1082 ad

2346 1121 2664 1194 judicium:
2691 1141 2721 1176 n
2755 1137 2889 1179 ecce
2915 1121 3167 1179 verbum
3196 1119 3718 1178 determinationis.

2819 1282 3100 1338 Articulus
3140 1282 3421 1337 secundus.

2422 1407 2680 1466 Primum
2730 1406 2948 1466 factum
3003 1406 3351 1481 adaperuit,
3406 1422 3541 1463 cum
3604 1404 3817 1477 adjecit
3869 1428 3885 1463 ε

2357 1504 2591 1559 Veritas.
2638 1502 2810 1570 Quod
2862 1505 3060 1559 autem
3103 1500 3355 1558 verbum
3404 1498 3625 1558 initiale
3676 1499 3890 1558 veritas

2351 1595 2593 1665 dicitur,
2621 1595 2928 1653 causaliter
2955 1594 3069 1652 dici
3090 1594 3473 1666 dignoscitur,
3500 1594 3563 1650 id
3588 1597 3691 1665 est,
3713 1608 3890 1650 causa

2348 1690 2626 1747 veritatis
2679 1693 2771 1747 Est
2809 1690 2968 1747 enim
3008 1689 3349 1763 praedicatio
3405 1687 3657 1746 causalis
3694 1705 3709 1745 :
3740 1703 3889 1761 quo·

2349 1784 2504 1841 circa
2527 1783 2635 1840 fuit
2661 1799 2838 1841 causa
2864 1783 3148 1855 veritatiS,
3181 1784 3323 1857 quia
3348 1798 3527 1840 causa
3552 1781 3662 1838 fuit
3688 1781 3889 1838 entita-

2348 1877 2455 1948 tis;
2504 1894 2708 1936 creans
2743 1878 3070 1947 entitatem,
3114 1878 3334 1935 creavit
3373 1868 3699 1933 veritatem.
3742 1879 3887 1934 Nam

2350 1971 2498 2045 quid
2536 1974 2621 2028 est
2652 1971 2896 2042 veritaS,
2924 1972 3037 2029 nisi
3072 1971 3254 2029 menti
3293 1969 3611 2028 conformis
3639 1969 3884 2027 entitas?
3958 1981 4138 2026 verita·

2304 2065 2312 2075 '
2348 2065 2463 2124 Sed
2488 2068 2660 2137 nota,
2688 2066 2856 2141 quod
2892 2066 3103 2139 legitur
3140 2067 3202 2123 in
3230 2066 3526 2140 Scriptura
3551 2064 3766 2122 veritas
3791 2063 3887 2121 tri·

2347 2160 2589 2234 partita3
2628 2159 2847 2217 scilicet
2875 2161 3086 2217 veritas
3126 2160 3412 2230 increata,
3456 2161 3798 2230 concreata,
3828 2161 3887 2215 et
3938 2169 4063 2224 plez.

2349 2257 2581 2310 creata:
2614 2269 2869 2327 quarum
2896 2252 3089 2325 prima
3112 2250 3594 2326 supernaturaIES,
3626 2251 3886 2309 secunda

2344 2347 2625 2404 naturalis
2636 2389 2657 2419 ‚
2691 2347 2797 2404 sed
2832 2346 3001 2404 tertia
3044 2346 3304 2404 moralis·
3347 2350 3424 2404 De
3459 2345 3654 2421 prima
3679 2346 3885 2403 scribi-

2345 2442 2440 2496 tur
2467 2441 2489 2475 ⁶
2519 2457 2534 2496 :
2582 2459 2611 2493 α
2646 2441 2901 2498 Christus
2938 2444 3023 2497 est
3051 2440 3266 2497 veritas
3297 2458 3311 2496 ε
3352 2460 3381 2493 n
3413 2439 3536 2497 haec
3564 2444 3649 2498 est
3671 2439 3884 2497 veritas

2344 2536 2622 2594 increata.
2654 2540 2733 2594 De
2759 2536 3019 2594 secunda
3041 2536 3269 2594 canitur
3290 2534 3315 2569 ⁷
3347 2553 3362 2593 z
3398 2556 3426 2589 α
3449 2535 3672 2593 Veritas
3692 2541 3796 2594 tua
3822 2536 3881 2593 in

2345 2630 2587 2716 circuitu
2612 2635 2713 2689 tuo
2746 2649 2761 2689 z
2792 2651 2821 2685 ιο
2845 2631 2969 2688 haec
2993 2633 3078 2688 est
3103 2630 3317 2688 veritas
3346 2635 3645 2699 creaturas,
3669 2628 3886 2687 scilicet

2344 2720 2620 2792 angelicae
2662 2725 2905 2778 naturae.
2955 2723 3031 2778 De
3085 2720 3254 2777 tertia
3303 2719 3519 2792 legitur
3560 2719 3635 2776 de
3686 2718 3883 2792 primo

2343 2813 2557 2885 angelo
2587 2815 2609 2849 ⁸
2642 2832 2656 2870 ε
2695 2832 2724 2867 α
2756 2819 2818 2873 tn
2853 2813 3094 2871 veritate
3121 2828 3245 2870 non
3271 2813 3459 2884 stetit,
3488 2811 3631 2887 quia
3671 2812 3884 2869 veritas

2341 2918 2466 2961 non
2520 2907 2608 2961 est
2654 2904 2717 2959 in
2768 2918 2841 2960 eo
2875 2922 2889 2959 :
2920 2923 2949 2956 n
3000 2903 3123 2960 haec
3161 2906 3247 2959 est
3295 2901 3506 2959 veritas
3551 2905 3882 2973 concreata,

2341 2997 2486 3072 quia
2537 2996 2838 3055 veritatem
2886 2996 3218 3054 naturalem
3274 3010 3395 3052 non
3445 2994 3724 3068 perdidit,
3777 2993 3884 3052 sed

2340 3091 2663 3163 moralem,
2708 3107 2846 3150 cum
2874 3105 2912 3149 a
2947 3089 3187 3147 veritate
3224 3088 3356 3146 vitas
3394 3087 3606 3146 cecidit
3631 3088 3694 3145 in
3719 3088 3884 3146 vani-

2343 3189 2542 3243 tatem.

2474 3288 2483 3297 ·
2845 3258 3124 3314 Articulus
3160 3258 3374 3313 tertius.

2413 3377 2805 3436 Novissimum
2837 3376 3059 3435 dictum
3088 3377 3386 3452 apposuit,
3411 3392 3549 3434 cum
3575 3375 3881 3449 adjunxit:

2347 3472 2545 3530 Omnia
2588 3472 2799 3544 judicia
2837 3472 3073 3543 justitiae
3118 3478 3225 3528 tuae
3272 3491 3288 3528 ε
3326 3470 3581 3529 verbum
3621 3486 3883 3544 namque

2336 3565 2619 3639 judiciale
2661 3563 3112 3640 comprehendit
3150 3564 3355 3624 omnia
3389 3564 3613 3637 judicia
3650 3563 3883 3636 justitias

2341 3676 2480 3718 suae.
2522 3659 2634 3718 Sed
2662 3658 3013 3730 notandum,
3046 3658 3213 3733 quod
3239 3657 3467 3730 judicia
3508 3656 3772 3732 praefata,
3804 3658 3881 3715 de

2343 3755 2562 3829 quibus
2585 3753 2785 3827 psallit
2812 3753 3130 3827 Propheta,
3162 3769 3285 3809 non
3323 3757 3458 3810 sunt
3494 3768 3731 3823 amara,
3759 3768 3881 3810 non

2341 3848 2615 3918 molesta,
2647 3863 2768 3905 non
2810 3846 3222 3920 aggravantia3
3254 3846 3361 3904 sed
3402 3846 3637 3916 dulcia,
3661 3847 3879 3919 jucun-

2343 3943 2449 4007 da,
2480 3941 2850 4014 adjuvantia,
2892 3945 3178 4015 tanquam
3221 3945 3502 3998 aeternam
3544 3939 3882 3998 felicitatem

2341 4035 2772 4109 adjudicantia,
2818 4036 2968 4093 sicut
3007 4037 3170 4109 patet
3212 4050 3320 4109 per
3356 4035 3483 4107 ejus
3522 4034 3875 4092 testimonia.

2339 4130 2597 4187 Primum
2626 4132 2865 4187 testatur
2889 4128 3202 4204 psallendo
3225 4130 3247 4163 ⁹
3279 4146 3292 4184 :
3333 4146 3362 4181 α
3388 4127 3619 4185 Judicia
3648 4127 3877 4185 Domini

2340 4239 2518 4295 vera3
2548 4243 2576 4277 1»
2603 4228 2660 4280 et
2685 4222 2837 4281 infra
2867 4240 2882 4279 ε
2907 4226 3023 4280 «Et
3049 4221 3319 4279 dulciora
3346 4237 3522 4295 super
3547 4219 3688 4291 mel,
3706 4225 3765 4279 et
3790 4221 3876 4280 ia-

2339 4333 2483 4374 vum
2508 4334 2523 4373 ε
2550 4338 2580 4372 ιι
2615 4333 2749 4374 ecce
2775 4315 3000 4389 judicia
3028 4315 3248 4373 dulcia.
3282 4314 3618 4373 Secundum
3655 4318 3875 4388 protes-

2339 4414 2493 4468 tatur
2521 4409 2790 4468 canendo
2819 4413 2861 4449 ¹⁰
2892 4428 2959 4467 ει(
2977 4408 3125 4479 Quia
3147 4408 3373 4481 judicia
3397 4413 3496 4466 tua
3515 4409 3817 4482 jucunda3
3842 4430 3871 4462 n

2341 4520 2472 4563 ecce
2508 4504 2737 4578 ,iudicia
2772 4505 3060 4576 jucunda.
3093 4504 3347 4563 Tertium
3393 4508 3747 4562 contestamr
3782 4503 3874 4560 di-

2341 4598 2532 4657 cendo
2560 4598 2597 4631 ¹¹
2631 4617 2646 4655 :
2673 4616 2703 4651 α
2730 4597 2958 4656 Iudicia
2985 4602 3086 4656 tua
3114 4597 3486 4671 adJuvabunt
3512 4614 3607 4656 me
3640 4615 3655 4654 ε
3681 4617 3711 4650 ιι
3742 4612 3875 4654 ecce

2334 4691 2559 4763 judicia
2593 4690 2955 4764 adJuvantia.

2826 4854 3113 4911 Articuzus
3149 4857 3397 4924 quartus.

2407 4976 2801 5037 Novissimum
2825 4977 3047 5036 factum
3076 4976 3367 5049 adhibuit,
3390 4992 3528 5033 cum
3556 4977 3874 5036 annexuit:

2338 5074 2406 5129 In
2432 5078 2719 5145 aternum,
2749 5072 2813 5130 id
2858 5075 2975 5145 est,
3007 5073 3071 5129 in
3117 5071 3525 5143 aeternitatem,
3568 5087 3676 5130 seu
3713 5074 3879 5130 aeter·

2340 5233 2390 5284 v,
2421 5223 2468 5271 6.
2494 5247 2555 5258 -
2588 5223 2604 5251 Ἰ
2631 5219 2775 5270 Psal.
2815 5231 3081 5284 Lxxxmi,
3122 5224 3167 5269 9.
3204 5247 3264 5255 —-
3298 5218 3321 5253 ⁸
3353 5220 3518 5277 Joan„
3550 5232 3671 5281 vm,
3707 5225 3785 5271 44.
3817 5249 3881 5258 —

2336 5293 2359 5328 ⁹
2390 5292 2520 5343 psal.
2553 5304 2715 5354 xvm,
2751 5296 2833 5355 10,
2870 5299 2942 5343 11.
2968 5318 3031 5330 —
3064 5293 3108 5327 ¹⁰
3134 5290 3268 5341 Psal.
3299 5289 3425 5352 hoc,
3463 5293 3540 5341 39.
3566 5318 3628 5330 -
3660 5293 3694 5325 ’¹
3730 5292 3880 5357 thid„

2340 5359 2447 5417 175.

3930 2045 4039 2100 qnid
4068 2051 4117 2089 et

3938 2110 4105 2161 quotu-
