4196 6294
1835 388 2246 456 EXPOSITIO
2287 387 2368 454 IN
2412 388 3011 460 ECCLESIASTEN.

2558 528 2884 605 Quaeritur
2910 529 2989 593 de
3030 528 3185 607 hoc,
3216 528 3385 610 quod
3417 527 3557 593 dicit
3584 531 3662 614 (v.
3688 532 3805 614 ¹⁰l²
3831 532 3920 599 Ni·

2478 633 2576 700 hil
2592 635 2708 701 sub
2726 635 2853 702 sole
2870 652 3129 703 novum.
3150 634 3544 701 Contrarium
3560 638 3781 703 videtur
3794 641 3921 722 apud

2477 741 2822 807 Jeremiam
2848 748 2872 782 ¹
2902 765 2917 806 ε
2944 766 2974 803 (ι
3003 741 3257 807 Novum
3283 743 3466 809 faciet
3485 744 3761 811 Dominus
3780 766 3922 829 super

2477 851 2743 914 terram.
2774 873 2805 910 »
2858 848 3015 914 Item
3058 850 3216 916 illud
3253 856 3276 891 ³
3319 870 3336 914 :
3374 875 3405 912 α
3429 849 3565 916 Vidi
3602 854 3805 918 coelum
3836 873 3918 918 no·

831 396 950 457 594

588 535 797 609 ssxpuqn·
828 526 1038 590 differt
1083 525 1290 589 dicere
1329 523 1570 607 aliquid
1608 573 1626 604 ,
1674 529 1738 590 et
1783 525 2102 608 explicare
2149 524 2305 590 illud
2346 544 2362 588 ε

617 600 761 718 ’ζᾷιῖ
828 632 1146 715 explicare
1174 631 1347 696 enim
1375 635 1469 695 est
1494 630 1759 695 latentes
1788 632 2068 697 rationes
2105 632 2280 696 intus
2307 634 2370 696 et

585 726 781 781 quidnit.
827 742 1146 806 involutas
1172 744 1355 805 extra
1384 739 1756 822 depromere
1789 745 1895 805 :et
1920 743 2044 806 1100
2087 760 2221 806 11011
2249 759 2367 824 po-

826 852 947 914 test
994 848 1200 912 facere
1232 897 1249 928 ‚
1295 848 1419 911 nisi
1473 847 1587 930 qui
1628 848 1969 931 intelligit:
2010 852 2075 914 et
2112 849 2236 914 hoc
2262 868 2366 913 ar-

586 2939 780 2985 Verbum

825 957 1033 1022 duum
1062 958 1191 1033 est,
1222 959 1286 1019 et
1311 972 1687 1038 paucorum.

907 1065 1065 1130 Item
1094 1064 1411 1147 quaeritur
1435 1064 1513 1127 de
1538 1062 1691 1142 1100,
1725 1063 1896 1147 quod
1923 1064 2192 1129 dicitur:
2225 1063 2369 1130 Non

824 1179 1161 1241 saturatur
1198 1172 1414 1239 oculus
1441 1173 1612 1238 visu.
1643 1170 1987 1251 Quaeritur,
2010 1189 2208 1254 quare
2234 1190 2368 1236 non

823 1282 1070 1346 inducit
1107 1280 1178 1343 in
1216 1279 1357 1343 aliis
1389 1279 1715 1358 sensibus,
1746 1296 1897 1342 cum
1933 1278 2225 1344 similiter
2250 1298 2365 1360 per

823 1407 930 1455 eos
965 1389 1295 1470 contingat
1340 1388 1773 1469 cognoscere?
1794 1385 1972 1465 ‚Item
2025 1387 2181 1470 quid
2232 1392 2361 1468 est,

822 1497 998 1580 quod
1041 1494 1191 1559 dicit
1235 1517 1251 1560 z
1298 1494 1443 1560 Non
1485 1500 1823 1563 saturatur
1842 1496 1877 1560 P
1917 1495 2147 1559 dicitur
2193 1496 2365 1559 enim

819 1609 976 1668 tunc
996 1621 1100 1666 res
1129 1602 1405 1667 saturari
1428 1651 1446 1682 ‚
1479 1603 1734 1685 quando
1759 1621 1889 1666 non
1917 1602 2059 1667 vult
2088 1603 2364 1685 amplius

822 1710 900 1774 de
928 1729 1040 1789 eo,
1074 1711 1247 1793 quod
1273 1710 1669 1775 desiderabat
1699 1727 1715 1771 ε
1748 1710 1858 1775 5οᾶ
1895 1710 2207 1791 contingit
2246 1711 2363 1775 ali·

822 1819 1109 1901 quando,
1139 1818 1311 1902 quod
1357 1818 1553 1883 homo
1597 1837 1729 1883 non
1765 1818 1906 1884 vult
1934 1818 2078 1901 plus
2106 1819 2324 1884 videre
2341 1868 2359 1899 ,

820 1946 941 1993 nec
966 1928 1218 2005 audire,
1259 1928 1391 1991 imo
1419 1928 1740 2010 quiescere
1772 1950 1787 1991 :
1823 1939 1983 2009 ergo
2005 1975 2022 2004 ‚
2053 1931 2173 1991 etc.
2204 1926 2363 1990 Item

820 2036 876 2099 si
928 2054 1057 2100 non
1103 2039 1461 2120 saturatur,
1500 2052 1662 2116 ergo
1710 2033 2094 2099 desiderium
2136 2052 2360 2099 eorum

819 2162 1154 2227 nunquam
1197 2142 1462 2226 quiescit
1493 2164 1509 2206 :
1541 2160 1701 2222 ergo
1738 2160 1889 2206 cum
1935 2140 2319 2207 desiderium
2339 2191 2357 2222 ,

820 2256 922 2337 cuj
932 2271 1006 2316 ns
1029 2270 1162 2316 11011
1187 2255 1283 2316 est
1308 2250 1507 2334 quieS,
1530 2251 1871 2313 frustratur
1896 2250 2057 2328 flne,
2080 2254 2143 2313 et
2169 2267 2360 2314 omne

819 2361 943 2425 tale
1003 2359 1277 2424 otiosum
1310 2381 1327 2436 ;
1377 2375 1535 2440 ergo
1589 2356 1974 2422 desiderium
2025 2356 2203 2421 visus
2265 2361 2361 2421 est

819 2469 1117 2532 otiosum.
1171 2465 1540 2548 Respondeo
1587 2463 1920 2529 dicendum
1943 2512 1960 2543 ,
2003 2465 2175 2547 quod
2218 2463 2360 2528 ideo

819 2576 1029 2640 solum
1061 2576 1213 2639 istos
1241 2573 1399 2638 duos
1422 2590 1644 2637 sensus
1674 2575 2135 2635 commemorat
2153 2618 2174 2649 ,
2206 2571 2361 2653 quia

821 2683 1108 2764 loquitur
1147 2681 1225 2746 de
1267 2679 1556 2746 sensibus
1597 2678 1947 2743 secundum
1993 2678 2163 2760 quod
2210 2682 2361 2742 sunt

820 2793 929 2859 via
954 2791 1023 2855 in
1068 2790 1531 2872 cognitionem,
1573 2792 1635 2853 et
1676 2787 2042 2852 referuntur
2081 2788 2164 2852 ad
2208 2805 2360 2850 sen-

818 2901 1065 2968 sualem
1085 2896 1577 2980 Jucunditatem.
1598 2895 1676 2960 Et
1703 2894 1940 2977 duplex
1966 2898 2059 2958 est
2082 2896 2359 2960 verbum

783 3023 797 3035 ·
822 3025 951 3089 quo
978 3004 1497 3086 recognoscimus
1523 3002 1772 3080 omnia,
1814 3001 2108 3067 divinum
2137 3007 2201 3065 et
2228 3002 2357 3065 hu-

777 3152 797 3163 ·
824 3131 1113 3178 manum.
1141 3110 1427 3178 Verbum
1470 3110 1765 3176 divinum
1812 3112 1907 3175 est
1942 3108 2156 3174 omnis
2184 3127 2359 3174 crea-

681 3215 779 3301 ex:
822 3228 987 3299 tura,
1013 3222 1167 3305 quia
1191 3222 1393 3286 Deum
1420 3219 1705 3303 loquitur
1728 3242 1743 3282 t
1767 3219 1890 3284 hoc
1913 3219 2187 3283 verbum
2212 3237 2358 3301 per-

825 3329 978 3413 cipit
1028 3328 1276 3393 oculus,
1320 3326 1602 3392 Verbum
1655 3327 2015 3390 humanum
2082 3328 2179 3388 est
2230 3344 2360 3390 vox

761 3483 788 3513 0
825 3439 1104 3521 prolata,
1131 3440 1195 3502 et
1226 3436 1348 3500 hoc
1389 3435 1653 3518 percipit
1675 3433 1872 3497 auris,
1901 3432 2015 3498 Vel
2056 3433 2208 3516 quia
2234 3433 2361 3497 du-

766 3562 779 3576 ·
819 3546 974 3630 plex
1001 3524 1097 3609 est
1131 3542 1447 3625 cognitio,
1475 3560 1588 3625 per
1627 3540 2091 3619 inventionem,
2124 3545 2187 3604 et
2212 3539 2359 3603 doc-

823 3656 1062 3719 trinam
1087 3654 1334 3737 :prima
1359 3651 1610 3734 respicit
1638 3651 1882 3729 visum3
1906 3649 2184 3714 secunda
2207 3666 2361 3716 vero

819 3763 1078 3846 respicit
1103 3762 1418 3827 auditum.
1448 3758 1710 3836 Quando
1747 3776 1906 3840 ergo
1944 3758 2243 3840 objicitur
2284 3758 2360 3822 de

825 3871 1186 3949 saturitate,
1219 3869 1359 3933 dico
1387 3866 1556 3949 quod
1585 3865 1870 3948 loquitur
1898 3864 1974 3928 de
2004 3882 2229 3929 eorum
2256 3882 2358 3929 sa-

815 3980 1080 4054 turitate
1107 3977 1456 4043 secundum
1484 3975 1657 4060 quod
1686 3978 1838 4038 sunt
1877 3991 2124 4054 organa
2152 3973 2361 4037 cordis

824 4086 886 4146 et
931 4082 1279 4147 voluntatis
1313 4130 1330 4161 ,
1378 4080 1514 4144 sive
1558 4078 1917 4160 appetitus;
1959 4080 2020 4140 et
2059 4075 2212 4158 quia
2252 4093 2361 4139 cor

821 4208 954 4254 non
1003 4193 1327 4254 saturatur
1350 4236 1367 4265 ‚
1412 4205 1530 4251 nec
1578 4186 1647 4250 hi
1703 4185 1831 4250 duo
1885 4201 2129 4247 50115115.
2184 4182 2361 4248 Unde

825 4298 1052 4379 Hugo:
1093 4321 1124 4358 α
1150 4296 1371 4362 01111115
1409 4292 1847 4378 pulchritudO,
1877 4292 2084 4356 omnis
2114 4293 2140 4373 j
2148 4311 2358 4356 1101111-

821 4407 983 4472 ditas
1007 4453 1028 4485 ,
1073 4406 1284 4470 omnis
1339 4404 1621 4469 suavitas
1681 4419 1901 4466 rerum
1961 4400 2359 4465 conditarum

823 4515 1074 4578 afficere
1106 4532 1216 4578 cor
1248 4512 1612 4577 humanum
1659 4513 1862 4592 potest
1884 4556 1905 4588 ‚
1953 4509 2181 4573 satiare
2227 4526 2357 4572 non

821 4624 1056 4704 potest,
1083 4620 1211 4684 nisi
1249 4620 1360 4684 illa
1394 4617 1655 4682 dulcedo
1683 4616 1849 4695 sola,
1887 4617 1969 4682 ad
1996 4634 2192 4698 quam
2223 4617 2357 4680 fac-

820 4734 961 4794 tum
988 4733 1107 4794 est.
1135 4749 1166 4789 »
1203 4727 1382 4804 Quod
1404 4745 1562 4808 ergo
1585 4725 1921 4808 objicitur:
1957 4748 1988 4787 α
2011 4724 2079 4789 Si
2107 4743 2236 4789 non
2266 4720 2358 4788 ’50-

818 4839 1144 4901 saturatur
1168 4835 1585 4913 desiderium,
1615 4836 1712 4898 est
1736 4833 2002 4908 frustra,
2031 4854 2062 4892 1>
2105 4850 2233 4896 non
2264 4850 2359 4897 se·

817 4947 1059 5026 quitur,
1081 4944 1233 5025 quia
1251 4942 1404 5007 alibi
1420 4941 1827 5021 terminatur,
1844 4940 2078 5004 scilicet
2100 4940 2169 5003 in
2202 4939 2349 5021 De0,

815 5059 889 5116 ut
914 5052 1066 5117 dicit
1091 5050 1495 5134 Augustinus
1523 5051 1567 5113 ¹.
1602 5048 1782 5126 Quod
1820 5048 2152 5128 objicitur,
2183 5049 2356 5131 quod

811 5178 943 5223 non
976 5160 1112 5226 vult
1140 5160 1324 5242 plus3
1354 5159 1479 5223 1100
1503 5161 1628 5237 est,
1661 5155 1812 5239 quia
1834 5155 2108 5220 lassatur
2137 5159 2202 5220 et
2227 5156 2352 5219 fas·

807 5268 947 5331 tidit
973 5286 1104 5331 non
1132 5268 1286 5350 quia
1312 5271 1656 5331 saturatur.

872 5396 885 5425 ¹
919 5395 1072 5456 Aug.⁹
1101 5393 1266 5456 Confi,
1303 5391 1394 5442 lib.
1431 5392 1472 5453 1,
1495 5406 1543 5442 0.
1573 5404 1687 5443 1.-
1715 5392 1734 5421 ²
1759 5390 1962 5453 Jerem„
2000 5400 2156 5452 1111,
2182 5392 2261 5442 22.
2289 5416 2353 5428 -

2476 976 2635 1021 vum
2652 1005 2669 1035 ‚
2701 962 2764 1021 et
2792 962 3029 1023 terram
3055 977 3316 1025 novam.
3344 982 3374 1020 n
3410 960 3562 1026 Item
3595 980 3670 1025 ex
3690 962 3795 1026 hoc
3814 981 3922 1026 ver·

2476 1064 2559 1129 bo
2590 1064 2847 1130 videtur
2879 1084 3058 1131 error
3099 1068 3494 1148 confirmari,
3524 1069 3680 1152 quod
3701 1069 3761 1132 in
3781 1070 3925 1134 rebus

2476 1172 2552 1236 fit
2594 1173 2919 1239 circulatio
2958 1175 3309 1240 secundum
3355 1194 3674 1257 egressum
3705 1176 3765 1239 in
3796 1194 3924 1253 0050,

2475 1285 2549 1345 ut
2586 1282 2810 1346 eadem
2839 1282 2997 1362 sint,
3036 1301 3185 1366 quae
3211 1283 3483 1373 fuerint3
3511 1286 3571 1348 et
3603 1283 3711 1347 hoc
3743 1300 3836 1365 per
3854 1281 3925 1345 lit-

2475 1392 2681 1454 teram
2720 1394 3091 1472 sequentem
3121 1413 3137 1454 :
3174 1392 3319 1457 Jam
3363 1394 3534 1458 enim
3570 1391 3847 1473 proecessit
3875 1391 3930 1455 in

2475 1497 2727 1562 soeculis
2746 1545 2763 1575 ,
2807 1515 2950 1580 quoe
2991 1499 3250 1577 ruerunt
3278 1504 3428 1566 ante
3454 1514 3603 1565 nos:
3624 1501 3681 1562 et
3705 1497 3781 1561 sic
3801 1497 3928 1560 veri-

2475 1603 2654 1666 ficari
2684 1603 2937 1669 videtur
2963 1622 3143 1670 error
3163 1605 3268 1670 ille
3288 1606 3332 1685 ⁸,
3354 1607 3463 1689 qui
3494 1605 3661 1688 ponit
3683 1621 3931 1685 magnum

2474 1729 2752 1791 annum,
2785 1713 2897 1795 qui
2940 1714 3218 1778 continet
3249 1714 3606 1796 quindecim
3650 1711 3817 1775 millia
3846 1728 3932 1774 an·

2471 1831 2740 1895 norum,
2764 1825 2827 1883 et
2854 1821 3068 1883 omnia
3096 1821 3165 1885 in
3189 1839 3265 1885 eo
3290 1821 3607 1886 renovari.
3636 1817 3936 1901 Respondeo

2473 1926 2815 1992 dicendum
2838 1976 2859 2007 ‚
2908 1928 3082 2010 quod
3125 1933 3218 1993 est
3271 1930 3552 2012 operatio
3592 1924 3934 2001 conditionis,
3955 1961 4073 2018 (ω,

2471 2034 2970 2100 conservationis
2987 2082 3006 2113 ,
3038 2036 3459 2117 reparationis
3497 2058 3512 2101 ε
3544 2034 3811 2119 quaelibet
3830 2033 3937 2095 ista·
3965 2026 4068 2079 ΜΨ

2469 2159 2620 2204 rum
2673 2142 3119 2224 operationum
3173 2147 3269 2207 est
3314 2162 3512 2226 supra
3562 2147 3851 2217 naturam,
3891 2140 3939 2200 et

2469 2247 2612 2311 ideo
2656 2266 2786 2312 non
2833 2249 2956 2312 erit
2993 2250 3113 2314 sub
3155 2251 3316 2330 sole,
3348 2252 3485 2316 sive
3528 2250 3644 2314 sub
3676 2253 3933 2329 temporem

2469 2356 2578 2419 sed
2609 2374 2804 2438 supra
2820 2404 2837 2433 ‚
2874 2362 3108 2439 praeter
3137 2360 3691 2442 propagationem3
3720 2354 3861 2421 unde
3882 2353 3938 2416 de

2467 2463 2587 2527 hac
2615 2467 2867 2528 tantum
2897 2464 3200 2546 intelligit
3230 2488 3246 2530 t
3278 2471 3340 2531 et
3366 2469 3459 2531 sic
3488 2470 3693 2549 patent
3730 2464 3851 2527 alia.
3875 2459 3938 2524 De

2467 2569 2589 2633 hac
2634 2572 2985 2636 notandum
3018 2620 3036 2650 ,
3085 2562 3258 2655 quod
3308 2573 3448 2656 ipse
3497 2575 3673 2640 vocat
3711 2586 3937 2644 novum,

2469 2681 2657 2761 cujus
2699 2679 2905 2743 simile
2939 2698 3079 2744 non
3123 2682 3484 2763 praecessit,
3526 2681 3695 2745 etsie
3729 2695 3843 2742 non
3873 2676 3943 2737 est

2469 2785 2710 2867 aliquid
2735 2786 2892 2851 novi
2919 2788 3272 2852 secundum
3290 2789 3812 2872 propagationem,
3830 2780 3944 2864 quia

2469 2911 2722 2975 semper
2775 2893 2984 2957 simile
3027 2912 3109 2958 ex
3158 2894 3353 2958 simili
3392 2894 3790 2978 producitur:
3828 2903 3945 2952 vere

2469 3004 2684 3066 autem
2714 3002 2951 3083 objicit,
2982 3003 3163 3084 quasi
3192 3002 3360 3067 dicat
3386 3004 3470 3068 de
3497 3003 3729 3079 eodem,
3747 3002 3804 3063 et
3816 2992 3946 3060 istud

2468 3114 2563 3174 est
2590 3109 2679 3174 sic
2708 3109 3094 3192 impossibile
3118 3111 3514 3194 intelligere,
3539 3111 3684 3195 quia
3707 3107 3756 3172 si
3783 3102 3946 3171 omnis

2467 3218 2673 3282 forma
2703 3222 3029 3300 corrupta,
3061 3221 3125 3282 et
3167 3218 3402 3283 iterum
3435 3221 3754 3302 generata,
3784 3211 3949 3278 differt

2467 3344 2742 3391 numero
2756 3374 2778 3406 ,
2809 3345 2940 3391 non
2969 3329 3173 3410 potest
3197 3327 3478 3411 intelligi
3505 3330 3583 3392 de
3617 3324 3817 3390 eodem
3853 3336 3946 3381 nu·

2468 3452 2668 3499 mero.

2548 3541 2705 3607 Item
2733 3541 3048 3625 quaeritur
3075 3540 3153 3604 de
3180 3540 3324 3620 hoc,
3356 3541 3533 3625 quod
3567 3539 3709 3605 dicit
3740 3543 3814 3617 (v.
3846 3530 3948 3611 ssl²

2466 3650 2611 3717 Non
2636 3655 2724 3716 est
2744 3650 3038 3731 priorum
3064 3649 3390 3716 memoria.
3427 3647 3657 3713 Contra
3680 3638 3911 3711 dicitur⁸
3937 3655 3950 3699 ε

2474 3779 2506 3817 α
2552 3755 2794 3821 Memor
2838 3757 2931 3820 sui
2970 3773 3237 3838 operum
3284 3760 3548 3819 tuorum
3579 3803 3596 3830 ,
3644 3750 3947 3819 Domine.»

2466 3861 2836 3945 Respondeo
2866 3885 2882 3923 ε
2916 3863 2995 3927 ad
3023 3861 3144 3926 hoc
3171 3862 3393 3927 dicunt
3421 3862 3655 3946 aliqui,
3686 3857 3838 3943 quod
3861 3854 3955 3917 hoc

2467 3970 2847 4053 intelligitur
2875 3971 2952 4035 de
2992 3971 3206 4051 malis,
3240 3988 3371 4035 non
3413 3972 3492 4036 de
3536 3969 3732 4034 bonis,
3762 3963 3864 4030 Sed
3888 3959 3952 4022 is·

2464 4078 2579 4142 tud
2609 4078 2817 4142 adhuc
2852 4075 3117 4157 salsum,
3154 4078 3308 4160 quia
3352 4078 3551 4142 etiam
3595 4075 3787 4140 multa
3823 4067 3958 4135 mala

2465 4190 2614 4250 sunt
2653 4186 2722 4249 in
2762 4186 3090 4249 memoria.
3140 4184 3218 4249 Et
3256 4190 3594 4268 propterea
3629 4180 3925 4249 dicendum
3940 4221 3955 4252 s

2464 4294 2637 4377 quod
2676 4294 2796 4357 ista
2820 4292 3166 4377 propositio
3208 4311 3338 4357 non
3368 4298 3468 4358 est
3493 4287 3885 4373 intelligenda
3901 4291 3957 4346 ut

2464 4421 2619 4468 vera
2644 4401 3123 4478 universaliter,
3157 4401 3267 4466 sed
3298 4402 3470 4467 utin
3498 4400 3782 4485 pluribus
3790 4444 3812 4479 ,
3838 4392 3958 4478 quia

2463 4509 2748 4593 plurium
2775 4512 2871 4575 est
2909 4508 3146 4574 oblivio
3164 4556 3185 4589 ,
3219 4528 3419 4593 quam
3470 4509 3773 4574 memoria
3801 4527 3816 4570 z
3842 4501 3955 4586 plu·

2462 4620 2630 4683 rima
2656 4619 2828 4683 enim
2858 4635 3107 4697 eorum,
3130 4635 3278 4700 quae
3303 4617 3470 4682 facta
3495 4620 3667 4697 sunt,
3693 4617 3758 4681 in
3784 4612 3958 4679 nostra

2463 4726 2773 4791 memoria
2800 4742 2933 4789 non
2958 4727 3132 4789 sunt.

2543 4838 2642 4898 12.
2676 4834 2809 4916 Ερο
2838 4831 3259 4900 Ecclesiastes
3295 4834 3403 4913 rui
3430 4850 3556 4901 rea·
3581 4830 3773 4899 1srae1
3796 4830 3860 4895 in
3880 4823 3961 4890 Je-

2461 4940 2760 5008 rusalem.
2782 4940 2991 5023 Supra
3016 4940 3290 5005 ostendit
3309 4941 3377 5005 in
3405 4942 3603 5006 rebus
3621 4939 3955 5008 vanitatem

2460 5047 2567 5112 hic
2604 5067 2688 5112 ex
2727 5048 3224 5113 consideratione
3269 5049 3712 5113 mutabilitatis
3737 5059 3957 5115 rerum»

2460 5172 2645 5219 suam
2703 5155 3107 5239 reprehendit
3155 5156 3617 5222 curiositatem.
3674 5154 3753 5220 Et
3803 5147 3963 5216 habet

2458 5317 2480 5353 ⁸
2506 5319 2675 5382 Apoc„
2703 5331 2822 5383 xxi,
2863 5323 2909 5371 1.
2946 5346 3010 5357 —
3045 5318 3068 5353 ⁸
3106 5318 3359 5383 Macrob„
3392 5320 3585 5382 Somn„
3622 5320 3773 5384 δαίμ,
3806 5314 3885 5365 lib·
3909 5307 3959 5370 ΙΙ»

2459 5405 2506 5443 c.
2534 5403 2611 5443 xx.
2640 5417 2700 5430 —
2726 5393 2750 5429 ⁸
2778 5392 2919 5443 Psal.
2949 5402 3135 5455 xxxvl,
3167 5395 3242 5443 ¹2.
