4196 6294
817 459 941 521 670

831 614 862 654 e
892 590 1021 656 Diis
1049 607 1184 655 non
1210 588 1538 670 detrahes,
1571 593 1636 654 et
1683 590 1956 674 principi
2002 590 2221 673 populi
2261 589 2357 654 tui

822 717 952 764 non
977 696 1332 764 maiediees.
1361 719 1394 758 ι
1428 699 1520 766 Et
1544 699 1621 765 in
1645 703 1870 765 secreto
1909 697 2190 764 cubiculi
2216 699 2319 764 tui
2335 744 2356 775 ,

822 806 887 871 id
914 811 1041 885 est,
1072 806 1505 884 conscientiae,
1534 822 1616 871 ne
1659 804 2078 872 maledixeris
2116 804 2318 871 diviti
2333 821 2361 884 ,·

823 918 887 978 et
944 914 1066 977 hoc
1128 912 1534 995 imprecando
1581 912 1846 976 malum.
1879 914 1897 949 ¹
1947 935 1980 971 α
2005 911 2360 977 Benedicite

821 1020 1350 1104 persequentibus
1394 1037 1510 1083 vos
1546 1037 1565 1082 ε
1610 1019 1961 1084 benedicite
1985 1068 2003 1099 ,
2052 1023 2118 1083 et
2165 1018 2361 1083 nolite

823 1128 1219 1193 maledicere.
1250 1149 1282 1187 n
1316 1127 1395 1193 Et
1422 1130 1447 1165 ²
1477 1144 1503 1192 t
1540 1149 1573 1189 α
1611 1125 1752 1191 Non
1790 1127 2199 1192 maledictum
2245 1145 2361 1210 pro

825 1235 1177 1301 maledicio.
1211 1258 1243 1295 n

908 1344 1083 1425 Quia
1105 1359 1252 1410 aves
1267 1341 1428 1421 ooeli,
1449 1344 1569 1406 etc.
1601 1341 1718 1406 Hic
1744 1342 2028 1409 redditur
2058 1341 2362 1407 exhorta-

823 1452 1016 1517 tionis
1057 1451 1259 1529 ratio;
1291 1450 1446 1533 quia
1480 1451 1906 1533 publicabitur
1947 1451 2030 1514 ab
2066 1451 2318 1532 angelis
2340 1499 2358 1528 ,

824 1559 996 1643 quod
1031 1542 1346 1622 dixisti'in
1375 1555 1620 1621 occulto
1653 1580 1667 1621 ε
1706 1559 1856 1640 quia
1880 1574 2032 1624 aves
2056 1558 2199 1625 coelz·
2225 1576 2363 1640 por-

826 1665 1050 1732 tabunt
1074 1681 1287 1733 vocem
1314 1671 1512 1731 tuam.
1543 1663 1713 1728 Aves
1748 1665 1888 1729 coeli
1916 1670 2102 1730 vocat
2126 1666 2360 1730 daemo-

826 1793 939 1838 nes
955 1822 972 1853 ,
994 1777 1252 1856 propter
1276 1790 1462 1837 suam
1483 1772 1879 1838 velocitatem
1895 1820 1911 1852 ,
1935 1773 2088 1855 quia
2112 1772 2359 1838 velocae

825 1885 1011 1960 sunt;
1043 1882 1145 1945 vel
1182 1885 1440 1965 propter
1478 1880 1885 1963 rapacitatem
1916 1880 1938 1915 ⁸
1970 1902 1986 1943 ε
2027 1902 2059 1939 α
2087 1879 2356 1946 Descen-

825 1991 1059 2055 derunt
1076 1990 1365 2055 volucres
1389 1988 1530 2053 eoeli
1558 2006 1751 2070 super
1777 1988 2084 2052 cadavera
2097 2037 2116 2067 ,
2142 1991 2207 2053 et
2232 1989 2363 2052 abi-

826 2099 1020 2182 gebat
1045 2116 1153 2163 eas
1186 2096 1533 2161 Abraham.
1566 2117 1598 2155 n
1634 2095 1711 2160 Et
1736 2099 1758 2137 ⁸
1792 2117 1808 2159 :
1851 2119 1882 2157 α
1910 2095 2102 2160 Aliud
2140 2096 2363 2160 cecidit

825 2226 1007 2273 secus
1048 2207 1221 2272 viam
1238 2256 1255 2287 ,
1299 2211 1362 2271 et
1413 2207 1705 2271 volucres
1759 2205 1898 2269 coeli
1951 2205 2363 2270 comederunt

828 2315 1005 2381 illud.
1037 2335 1067 2375 n
1100 2314 1179 2379 Et
1221 2312 1573 2397 appellatur
1608 2312 1714 2376 hic
1737 2311 1959 2377 coelum
1991 2330 2103 2377 aer
2142 2313 2365 2394 caligi-

827 2441 1057 2503 nosus,
1101 2422 1173 2485 in
1212 2439 1343 2503 quo
1384 2423 1534 2484 sunt
1577 2419 1940 2483 daemones:
1981 2419 2081 2482 isti
2110 2423 2365 2503 portant

829 2547 1085 2607 vocem,
1115 2527 1267 2611 quia
1294 2525 1624 2608 publicant
1647 2525 2012 2608 frequenter
2036 2527 2283 2591 occulta
2299 2527 2358 2589 ⁸:

837 2659 870 2697 α
905 2635 1078 2700 Nihil
1118 2634 1467 2712 occultum,
1510 2632 1684 2715 quod
1725 2651 1859 2697 non
1902 2632 2160 2698 sciatur.
2207 2656 2238 2693 ι)
2284 2635 2367 2701 Et

828 2745 946 2827 qui
981 2742 1157 2809 habet
1181 2756 1457 2826 pen-nas,
1496 2740 1917 2808 annuntiabit
1955 2744 2362 2808 sententiam.

832 2849 1128 2916 Diabolus
1167 2847 1573 2915 annuntiabit
1608 2853 1785 2912 tuam
1821 2847 2054 2913 malam
2097 2849 2366 2914 locutio-

832 2977 1004 3038 nem,
1035 2957 1188 3041 quia
1226 2957 1361 3038 ipse
1386 2960 1481 3020 est
1506 2959 1866 3019 accusator:
1896 2955 2006 3019 sed
2047 2955 2182 3037 ipse
2212 2974 2364 3039 pro-

826 3065 1085 3149 Jicietur
1111 3064 1368 3129 tandem
1395 3068 1456 3126 ⁸:
1498 3084 1529 3124 e
1567 3061 1891 3145 Projectus
1921 3068 2017 3128 est
2041 3070 2369 3130 accusator

832 3172 1102 3237 fratrum
1146 3175 1510 3236 nostrorum
1530 3218 1546 3250 ‚
1590 3171 1703 3254 qui
1745 3171 2078 3236 accusabat
2123 3191 2231 3237 eos
2267 3173 2369 3237 die

833 3296 908 3343 ac
932 3283 1136 3342 nocte.
1171 3300 1203 3338 n

914 3387 1038 3453 Sed
1066 3386 1283 3452 incidit
1309 3386 1414 3450 hic
1434 3385 1745 3451 dubitatio
1762 3407 1779 3462 ;
1811 3385 1966 3467 quia
1985 3385 2174 3464 dicit,
2197 3387 2370 3469 quod

833 3512 984 3563 aves
1010 3495 1181 3573 coeli,
1220 3493 1284 3558 id
1315 3498 1444 3571 est,
1486 3493 1809 3558 daemones
1850 3494 2231 3558 annuntiant
2266 3495 2372 3559 de-

834 3602 1347 3669 terminationem
1392 3599 1793 3682 cogitationis
1825 3621 1840 3663 :
1886 3617 2043 3681 ergo
2087 3600 2366 3682 videtur,

832 3710 1005 3793 quod
1032 3707 1281 3773 diabolo
1304 3706 1385 3770 sit
1410 3709 1566 3771 nota
1593 3706 1891 3771 voluntas
1932 3712 2149 3771 nostra
2174 3713 2238 3771 et
2260 3726 2367 3772 co-

836 3817 1084 3900 gitatio.
1112 3815 1236 3880 Sed
1263 3819 1481 3879 contra
1508 3815 1632 3879 hoc
1657 3816 1775 3892 est,
1803 3813 1958 3897 quia
1979 3814 2057 3878 de
2084 3814 2220 3880 solo
2245 3815 2371 3881 Deo

834 3925 1083 4003 dicitur,
1132 3923 1283 4007 quia
1321 3922 1458 4005 ipse
1496 3927 1590 3986 est
1626 3920 1649 3955 ⁷
1685 3943 1716 3982 α
1749 3925 2038 3986 scrutans
2078 3924 2268 3987 corda
2310 3929 2374 3988 et

833 4051 1020 4100 renes
1049 4054 1065 4096 z
1103 4054 1135 4092 1>
1168 4049 1325 4112 ergo
1368 4031 1540 4096 solus
1581 4029 1904 4111 cognoscit
1950 4031 2370 4111 cogitationes

835 4146 899 4207 et
931 4139 1313 4205 affectiones.
1357 4138 1513 4202 Item
1550 4137 1699 4202 dicit
1735 4137 2168 4218 AugustinuS,
2200 4138 2373 4221 quod

836 4250 891 4313 si
917 4246 1207 4313 diabolus
1224 4245 1626 4327 cognovisset
1649 4245 2020 4327 patientiam
2043 4244 2078 4310 J
2080 4245 2185 4326 ob,
2206 4265 2376 4311 nun-

834 4374 1029 4440 quam
1070 4372 1222 4421 eum
1262 4355 1597 4429 tentasset3
1647 4352 1800 4434 quia
1840 4371 1973 4419 non
2022 4359 2222 4419 tentat
2264 4355 2374 4420 ali-

833 4482 1061 4548 quem,
1090 4463 1214 4528 nisi
1237 4465 1310 4526 ut
1336 4461 1577 4540 vincat,
1609 4478 1741 4525 non
1779 4464 1849 4525 ut
1875 4462 2187 4528 vincatur.
2221 4463 2372 4529 Res-

834 4573 1083 4657 pondeo
1109 4570 1447 4636 dicendum
1462 4616 1481 4649 ,
1511 4569 1681 4652 quod
1709 4588 1826 4633 nec
1863 4570 2214 4653 daemonae,
2256 4592 2375 4639 nec

836 4680 1026 4746 etiam
1055 4679 1205 4744 boni
1231 4676 1470 4758 angeli,
1486 4675 1613 4739 nisi
1640 4676 1709 4740 in
1727 4675 1955 4758 Verbo,
1984 4684 2254 4763 possunt
2277 4698 2377 4745 co-

838 4804 1148 4868 gnoscere
1184 4783 1598 4866 cogitationes
1622 4787 1872 4849 nostras
1912 4791 1975 4849 et
2007 4786 2375 4854 affectiones

836 4895 1113 4960 occultas
1126 4916 1143 4972 ;
1171 4897 1235 4957 et
1259 4908 1416 4958 voco
1434 4890 1729 4972 occultas,
1751 4910 1899 4976 quae
1926 4911 2056 4958 non
2083 4896 2376 4960 manifes-

837 5007 1054 5068 tantur
1080 5019 1195 5084 per
1216 5001 1442 5082 signa;
1472 5018 1580 5064 eas
1606 5003 1844 5082 autem,
1872 5020 2020 5085 quae
2046 5021 2160 5086 per
2189 5005 2377 5087 signa

839 5110 1357 5186 manifestantur,
1400 5106 1723 5172 daemones
1763 5107 2247 5191 deprehendunt
2262 5157 2285 5189 ‚
2314 5115 2377 5176 et

904 5309 918 5338 ¹
949 5308 1103 5367 Rom„
1130 5315 1235 5368 ιιι,
1268 5306 1347 5356 14.
1379 5330 1444 5342 -
1476 5304 1542 5355 ¹1
1575 5308 1728 5369 Petra,
1768 5317 1854 5371 ιιι,
1891 5308 1940 5357 9.
1970 5334 2022 5346 -
2062 5307 2085 5343 ⁸
2112 5308 2253 5371 Gen„
2287 5321 2376 5375 xv,

844 5381 920 5430 11.
951 5401 1007 5414 ——
1039 5376 1064 5413 ⁴
1093 5376 1229 5438 Luc„
1259 5387 1385 5441 vm,
1413 5379 1460 5426 5.
1490 5403 1552 5415 —
1584 5376 1608 5412 ⁸
1633 5377 1838 5440 Mami„
1864 5392 1930 5438 x,
1960 5382 2037 5430 26.
2067 5407 2130 5419 —
2156 5382 2176 5412 ⁶
2202 5382 2377 5446 Apoc„

841 5460 938 5512 m,
967 5451 1045 5499 io.
1072 5471 1133 5486 —
1156 5446 1180 5484 ἵ
1209 5447 1346 5498 psat.
1375 5459 1468 5510 vu,
1498 5452 1573 5500 1⁰.
1609 5469 1671 5487 ·-
1694 5451 1713 5480 ⁸
1740 5451 1872 5508 Δοι..
1901 5462 2028 5515 xvn,
2061 5454 2143 5503 27.

1823 453 2240 522 Exposmo
2281 449 2363 518 m
2405 434 2998 517 Eccmsms‘rssn.

2469 585 2609 650 ilias
2642 590 3037 668 cognoscunt
3066 607 3082 650 :
3125 592 3188 650 et
3222 586 3375 670 quia
3405 591 3577 672 pauci
3609 594 3765 675 sunt,
3788 615 3905 679 quo-

2467 711 2613 758 rum
2666 712 2794 758 non
2846 698 3190 777 appareant
3240 695 3453 779 aliqua
3498 699 3694 780 signa,
3741 704 3822 767 vel
3856 705 3905 769 in

2467 818 2657 883 opere
2673 849 2691 880 ,
2735 802 2840 866 vel
2877 806 2944 866 in
2994 802 3179 880 facie,
3219 802 3324 869 vel
3365 804 3430 867 in
3465 807 3671 888 verbo,
3709 827 3801 874 seu
3820 811 3906 875 alio

2470 909 2695 988 modo;
2725 909 2866 974 ideo
2880 911 3068 988 dicit,
3099 910 3271 991 quod
3297 912 3577 976 audiunt.

2550 1016 2701 1080 Item
2731 1017 3052 1099 quaeritur
3097 1016 3175 1081 de
3212 1017 3370 1094 hoc,
3408 1019 3570 1101 quod
3607 1020 3758 1100 dicit,
3788 1022 3908 1104 quod

2469 1138 2619 1189 aves
2645 1124 2787 1190 coeli
2810 1124 3171 1205 portabunt,
3199 1125 3305 1189 vel
3327 1127 3785 1194 annuntiabunt.
3812 1128 3910 1208 Ego

2468 1251 2711 1316 quaerO,
2728 1235 3047 1317 quomodo
3061 1236 3442 1318 portabunt?
3460 1235 3524 1301 Si
3543 1237 3773 1317 dicatur,
3789 1238 3913 1321 quod

2468 1340 2551 1405 ad
2587 1360 2734 1405 eum
2757 1389 2775 1420 ,
2818 1342 2897 1407 de
2936 1360 3064 1424 quo
3101 1343 3368 1422 dicitur3
3414 1344 3568 1409 illud
3606 1345 3802 1408 falsum
3822 1349 3911 1423 est,

2469 1448 2622 1529 quia
2638 1451 2792 1511 tunc
2810 1447 3076 1530 quilibet
3092 1449 3281 1513 sciret
3307 1451 3523 1514 omnia
3541 1451 3693 1516 mala
3710 1449 3913 1529 occulta,

2470 1573 2617 1637 quae
2651 1557 2730 1620 de
2770 1574 2837 1619 se
2875 1557 3211 1622 dicuntur:
3260 1558 3555 1641 intelligit
3594 1578 3762 1641 ergo,
3795 1556 3920 1640 quod

2469 1663 2814 1745 portabunt
2857 1664 2938 1728 ad
2974 1664 3198 1729 Deum.
3243 1664 3365 1730 Sed
3401 1670 3652 1732 contra:
3689 1666 3823 1730 Deus
3853 1669 3920 1728 est

2473 1769 2657 1834 nobis
2679 1770 3101 1836 immediatior
3127 1776 3191 1835 et
3225 1774 3611 1855 praesentior,
3639 1792 3802 1857 quam
3825 1772 3916 1836 ‹1ae-

2471 1895 2714 1958 moneS,
2744 1896 2890 1943 cum
2917 1879 2941 1914 ⁸
2973 1903 3004 1940 α
3031 1897 3160 1944 non
3182 1879 3375 1962 longe
3401 1882 3484 1945 sit
3510 1882 3586 1945 ab
3612 1896 3919 1962 unoquoque

2467 1990 2779 2051 nostrum.
2803 2010 2835 2047 ι)
2856 1988 2921 2052 Si
2946 1988 3151 2069 igitur
3174 1994 3449 2070 portare,
3479 1990 3574 2055 vel
3601 1989 3921 2063 annuntiare,

2470 2095 2553 2159 sit
2581 2096 2641 2160 ei
2683 2098 2795 2179 qui
2823 2097 3049 2174 distat,
3083 2102 3254 2180 patet
3295 2098 3471 2179 quod
3512 2116 3634 2161 non
3672 2098 3740 2159 sit
3777 2095 3919 2159 idem.

2471 2201 2629 2266 Item
2659 2203 2815 2267 illud
2844 2208 3116 2287 portare,
3140 2223 3254 2288 per
3283 2223 3445 2288 quos
3472 2206 3698 2269 scitur?
3721 2203 3826 2267 Aut
3847 2219 3925 2284 per

2470 2309 2737 2391 angelos
2764 2311 2963 2377 bonos
2978 2361 2999 2391 ,
3031 2316 3143 2377 aut
3169 2330 3281 2396 per
3305 2313 3545 2378 malos:
3584 2329 3704 2377 non
3735 2328 3828 2393 per
3846 2308 3924 2371 bo

2473 2435 2622 2492 nos,
2648 2418 2799 2501 quia
2834 2418 2989 2482 boni
3013 2423 3297 2484 nostram
3326 2420 3597 2484 salutem
3623 2418 3925 2502 procurant:

2472 2543 2604 2589 non
2630 2543 2788 2606 ergo
2813 2526 3320 2592 damnationem:
3352 2545 3486 2593 non
3510 2544 3662 2609 ergo
3680 2526 3856 2590 ferunt
3872 2521 3928 2599 (α)

2474 2631 2662 2696 mala.
2708 2630 2777 2696 Si
2822 2652 2930 2715 per
2973 2633 3297 2698 daemones
3314 2681 3337 2713 ‚
3368 2638 3630 2697 contra:
3675 2633 3932 2696 Daemonoe

2475 2737 2675 2802 Deum
2705 2757 2837 2803 non
2879 2739 3122 2819 vident,
3158 2757 3275 2805 nec
3317 2742 3537 2823 magis
3576 2740 3693 2805 Deo
3720 2739 3930 2820 loquun-

2474 2849 2617 2925 tur,
2653 2865 2850 2928 quam
2884 2847 3037 2911 mali
3069 2848 3394 2912 hominae:
3432 2867 3597 2932 ergo
3623 2848 3673 2911 si
3698 2845 3825 2910 mali
3846 2842 3932 2905 ho-

2477 2952 2680 3017 mines
2723 2972 2853 3019 non
2892 2955 3105 3020 ferunt
3134 2956 3214 3020 ad
3255 2956 3486 3036 Deum,
3531 2974 3683 3038 ergo
3716 2971 3815 3017 nec
3840 2950 3934 3013 dae-

2478 3079 2724 3128 mones.
2758 3062 3127 3149 Respondeo
3154 3065 3522 3146 dicendum,
3553 3064 3713 3150 quod
3733 3077 3855 3127 aves
3873 3055 3936 3121 di-

2476 3179 2712 3236 cuntur
2736 3171 2840 3236 hic
2863 3172 3015 3237 mali
3045 3173 3326 3256 spiritus,
3356 3175 3500 3240 sive
3525 3176 3844 3240 daemones:
3868 3164 3938 3229 isti

2477 3279 2777 3345 dicuntur
2818 3280 2946 3344 Deo
2984 3285 3235 3364 portare
3279 3281 3514 3346 merita
3562 3281 3751 3360 mala,
3789 3280 3840 3341 et
3864 3289 3939 3337 oe·

2478 3386 2678 3464 culta;
2718 3387 2935 3468 angeli
2971 3392 3184 3452 autem
3219 3388 3371 3453 boni
3410 3390 3640 3454 merita
3671 3389 3814 3451 bona
3833 3396 3943 3465 por·

2478 3498 2617 3558 tare
2643 3494 2984 3559 dicuntur:
3026 3501 3281 3578 portare
3324 3501 3544 3561 autem
3580 3497 3723 3573 hoc,
3751 3508 3861 3556 non
3881 3487 3948 3550 est

2479 3602 2609 3668 Deo
2628 3622 2782 3669 voce
2799 3607 2986 3668 tenus
3007 3605 3268 3685 referre,
3289 3604 3395 3671 vel
3419 3606 3483 3669 ei
3506 3609 3797 3687 tanquam
3814 3600 3947 3678 igno·

2479 3711 2648 3774 ranti
2692 3711 3053 3788 notificare;
3101 3713 3207 3777 sed
3243 3712 3556 3777 malitiam
3590 3714 3847 3776 nostram
3874 3719 3948 3765 0⁰-

2481 3836 2809 3900 gnoscere,
2848 3823 2912 3884 et
2938 3822 3319 3902 cogitatione
3358 3819 3719 3898 memorari,
3745 3819 3801 3880 et
3825 3808 3952 3877 testis

2481 3944 2617 3991 esse
2638 3949 2651 3991 ε
2673 3927 2826 3991 boni
2848 3932 3062 3993 autem
3084 3929 3325 3994 addunt
3345 3948 3543 4012 supra
3562 3925 3951 4009 cognitionem,

2483 4037 2860 4100 memorIam
2889 4042 2953 4102 et
2979 4038 3437 4118 testimonium,
3470 4034 3952 4103 intercessionem

2485 4141 2637 4206 mali
2661 4161 2813 4209 vero
2836 4145 3168 4210 accusandi
3186 4145 3612 4211 voluntatem:
3641 4142 3805 4209 etsie
3828 4135 3955 4220 patet

2482 4250 2837 4333 responsio,
2879 4253 3031 4335 quia
3067 4272 3199 4318 non
3233 4254 3517 4318 referunt
3550 4258 3835 4335 tanquam
3862 4242 3957 4309 dis·

2484 4358 2675 4438 tanti,
2705 4359 2813 4423 sed
2841 4361 3150 4443 tanquam
3171 4361 3408 4442 judici3
3436 4361 3604 4427 etad
3628 4355 3959 4425 secundum,

2483 4464 2638 4547 quia
2676 4465 2830 4530 mali
2876 4485 2960 4531 ex
3013 4468 3219 4533 officio
3273 4469 3441 4533 mala
3490 4467 3878 4540 conservant,
3919 4457 3967 4519 ei

2484 4571 2957 4640 damnationem
2983 4580 3361 4659 procurant,
3402 4576 3546 4641 ideo
3585 4574 3676 4641 eis
3699 4563 3963 4652 competit·

2972 4817 3332 4887 CAPUT
3399 4816 3534 4886 XI.

2567 5009 2599 5069 1
2611 5055 2626 5070 .
2645 5008 2828 5076 Mitte
2842 5024 3078 5091 panem
3096 5015 3299 5089 tuum,
3320 5015 3439 5074 etc.
3464 5009 3688 5074 Posuit
3712 5018 3886 5088 supra
3902 5012 3974 5062 re·

2488 5113 2767 5177 medium
2794 5120 3014 5178 contra
3045 5114 3187 5194 hoc,
3215 5116 3389 5198 quod
3407 5115 3741 5180 videbatur
3756 5110 3977 5176 deficere

2488 5221 2778 5304 regimen
2805 5222 3224 5306 providentiae
3253 5240 3338 5288 ex
3363 5222 3824 5290 inordinatione
3847 5229 3981 5300 prae‘

2486 5328 2738 5394 lationis
2750 5351 2769 5409 3
2796 5329 2904 5395 hic
2923 5330 3199 5395 secundo
3226 5330 3405 5413 ponit
3428 5329 3781 5397 remedium
3802 5324 3981 5388 contra

2551 5455 2616 5519 (a)
2646 5455 2768 5508 eat.
2794 5455 2914 5508 edit.
2943 5455 3184 5509 offerunt.
