4196 6294
723 535 803 597 22
1756 528 2425 597 ILLUMINATIONE'S
2468 529 2861 597 ECCLESIAE

722 666 1047 732 Christum
1074 666 1363 731 medium
1400 687 1415 729 z
1456 669 1787 731 astantem
1811 667 2096 732 Christus
2127 684 2258 732 me-

730 776 910 840 dium
935 824 952 854 ‚
980 777 1053 838 ut
1071 792 1202 838 cor.
1234 772 1409 839 Unde
1437 773 1681 838 dicebat
1699 774 1995 840 Habacuc
2018 776 2037 811 ¹
2071 798 2087 839 ε
2129 797 2161 837 (ι
2189 776 2262 839 In

724 883 933 947 medio
961 882 1163 947 duum
1210 882 1581 946 animalium
1629 885 2055 965 cognosceris
2083 906 2116 944 >³
2149 884 2261 949 Est

727 991 919 1056 etiam
940 991 1224 1056 Christus
1242 990 1547 1071 medium,
1566 993 1640 1054 ut
1665 989 1759 1055 sol
1784 1012 1801 1056 z
1833 991 2003 1056 un'de
2029 1010 2257 1056 secun-

722 1099 878 1163 dum
907 1099 1099 1162 aliam
1125 1098 1623 1177 translationem,
1646 1098 1876 1163 dicitur
1908 1100 2022 1163 «in
2051 1100 2258 1164 medio

722 1224 1108 1272 annorum.»
1129 1206 1360 1271 Totum
1384 1207 1558 1270 enim
1576 1211 1829 1289 tempus
1840 1206 2133 1272 Ecclesiae
2156 1208 2262 1272 de-

728 1316 950 1394 currit,
983 1315 1333 1380 secundum
1355 1315 1524 1398 quod
1548 1315 1663 1380 iste
1684 1316 1780 1380 sol
1804 1317 2122 1381 descendit
2147 1334 2261 1400 per

725 1426 941 1491 decem
970 1426 1212 1508 gradus
1237 1426 1308 1489 in
1338 1426 1676 1506 horologio
1702 1425 1934 1492 Achaz.
1975 1426 2261 1491 Christus

724 1553 884 1616 ergo
913 1539 1009 1600 est
1037 1536 1105 1599 in
1136 1535 1346 1600 medio
1373 1536 1748 1600 animalium
1767 1583 1785 1613 ‚
1816 1540 1880 1600 et
1907 1554 2053 1618 quse
2080 1538 2263 1619 praei-

728 1644 918 1721 bant,
949 1645 1014 1707 et
1055 1661 1206 1725 quae
1242 1643 1696 1726 sequebantur,
1726 1644 2075 1709 secundum
2103 1642 2262 1727 Sepss

718 1752 1017 1832 tuaginta
1046 1750 1542 1817 translationem.

799 1858 1088 1924 Tertium
1128 1858 1412 1924 medium
1450 1862 1544 1924 est
1579 1860 1863 1925 medium
1907 1860 2257 1940 distantiae,

722 1966 893 2049 quod
940 1970 1034 2030 est
1076 1966 1335 2030 centrali
1380 1967 1689 2049 positione
1737 1967 2150 2050 profundum.
2183 1966 2265 2033 Et

722 2073 846 2137 hoc
890 2075 1177 2139 medium
1214 2077 1311 2138 est
1354 2076 1434 2140 de
1471 2076 1969 2141 consideratione
2014 2076 2257 2141 Mathe-

724 2181 960 2245 matici.
993 2181 1186 2263 Cujus
1213 2182 1473 2265 quidem
1500 2182 1647 2247 licet
1673 2184 1881 2266 prima
1903 2184 2262 2249 considera-

723 2290 809 2354 tio
838 2290 919 2354 sit
947 2292 1115 2355 circa
1142 2308 1510 2355 mensuram
1535 2295 1756 2372 terrae,
1791 2291 2017 2355 ultima
2044 2294 2261 2356 tamen

721 2403 864 2483 eJus
889 2401 1306 2466 consideratio
1338 2404 1432 2465 est
1478 2402 1645 2464 circa
1669 2404 1882 2464 motus
1919 2418 2260 2483 corporum

725 2510 1127 2592 superiorum
1153 2556 1172 2587 ‚
1203 2526 1351 2591 quae
1379 2509 1614 2572 hahent
1642 2508 1975 2591 disponere
2002 2509 2145 2573 haec
2171 2509 2262 2573 in-

719 2617 950 2682 feriora
974 2617 1324 2682 secundum
1355 2618 1777 2682 influentiam.
1813 2617 1946 2681 Hoc
1973 2618 2260 2683 medium

720 2725 1032 2791 distantiae
1059 2726 1180 2789 fuit
1207 2725 1492 2790 Christus
1517 2726 1587 2790 in
1616 2726 2048 2791 crucifixione.
2084 2726 2261 2792 Unde

723 2835 1044 2918 Propheta
1080 2834 1328 2898 dicebat
1373 2840 1397 2875 ¹
1434 2855 1449 2897 z
1494 2857 1524 2894 α
1547 2834 1682 2899 Rex
1710 2839 1921 2898 noster
1958 2837 2106 2898 ante
2146 2854 2262 2900 sae-

721 2944 865 3009 cula
895 2949 1191 3027 operatus
1222 2946 1317 3006 est
1347 2944 1615 3007 salutem
1643 2943 1711 3005 in
1737 2944 1946 3007 medio
1966 2948 2186 3023 terrae.
2221 2968 2252 3005 ι)

678 3056 686 3063 ’
722 3054 920 3119 Terra
947 3053 1120 3117 enim
1139 3052 1472 3135 sphaerica,
1500 3051 1744 3130 infima,
1769 3055 1832 3115 et
1855 3051 2102 3115 modica
2123 3055 2258 3116 est:

723 3161 1037 3245 sphaerica
1054 3164 1119 3226 et
1137 3162 1391 3240 infima,
1422 3160 1574 3243 quia
1599 3160 1669 3224 in
1703 3163 1960 3240 centro3
1989 3160 2259 3242 modica,

723 3272 1010 3352 respectu
1042 3268 1588 3333 circumferentiae.
1639 3267 1902 3350 Propter
1927 3268 2258 3351 sphaerici·

724 3381 918 3444 tatem
935 3427 951 3457 ‚
1007 3377 1409 3440 infimitatem
1434 3425 1452 3457 ,
1518 3359 1946 3440 modicitatem
1966 3424 1986 3455 ,
2041 3376 2264 3459 recipit

727 3488 1018 3552 omnium
1039 3502 1378 3568 corporum
1398 3484 1749 3550 coelestium
1771 3484 2162 3553 influentiaS.
2185 3485 2265 3551 Et

725 3596 872 3662 inde
907 3594 1157 3673 accidit,
1202 3595 1375 3677 quod
1406 3595 1574 3658 fiunt
1619 3594 1945 3658 mirabiles
1987 3595 2261 3677 pullula-

726 3705 929 3769 tiones
954 3707 1144 3768 terrae
1187 3703 1607 3781 nascentium,
1642 3702 1961 3767 mirabiles
1990 3721 2261 3784 genera-

728 3812 931 3877 tiones
957 3828 1299 3894 corporum
1327 3810 1912 3875 homometerorum
1939 3811 1983 3874 ⁸.
2032 3810 2138 3875 Sic
2166 3809 2262 3875 Fi-

726 3918 849 3982 lius
874 3918 983 3984 Dei
1012 3919 1360 4001 sphaericus
1386 3921 1753 4001 paupertate
1771 3967 1789 3997 ,
1822 3919 2119 3984 infirmus
2144 3921 2266 3984 hu-

729 4026 993 4110 militate
1010 4075 1032 4106 ,
1062 4026 1351 4090 modicus
1378 4026 1776 4090 humanitate
1800 4074 1816 4104 ‚
1865 4027 2108 4092 limum.
2140 4047 2264 4093 no-

731 4139 937 4199 strum
968 4135 1316 4217 suscipiens
1335 4183 1355 4213 ,
1384 4135 1461 4197 de
1491 4135 1691 4199 humo
1718 4135 1916 4200 factus
1939 4185 1955 4216 ‚
1987 4155 2118 4201 non
2161 4156 2267 4202 so-

728 4243 866 4307 lum
893 4243 1068 4307 venit
1096 4243 1177 4307 ad
1207 4243 1605 4326 superficiem
1634 4247 1822 4307 terrae
1840 4292 1860 4322 ,
1894 4245 2098 4309 sedin
2123 4263 2263 4327 pro-

730 4351 925 4416 fundo
953 4351 1145 4414 centri
1176 4400 1191 4428 ,
1219 4349 1318 4414 et*
1350 4351 1471 4413 «in
1489 4355 1712 4415 ventre
1740 4331 1957 4431 centri,
1983 4352 2051 4415 in
2079 4353 2266 4418 corde

728 4465 938 4539 terrae,
960 4481 988 4518 n
1024 4458 1296 4523 salutem
1315 4463 1610 4541 operatus
1621 4463 1715 4523 est
1736 4460 1918 4542 :quia
1938 4479 2050 4542 per
2064 4463 2267 4525 cruci-

727 4569 1034 4633 fixionem
1062 4568 1277 4631 anima
1304 4586 1420 4631 sua
1446 4568 1526 4632 ad
1553 4567 1876 4631 infernum
1908 4568 2227 4633 descendit
2247 4620 2262 4650 ‚

727 4681 792 4742 et
818 4675 1196 4741 restauravit
1223 4675 1573 4739 coelestium
1602 4675 1848 4739 sedium
1875 4677 2257 4744 vacationes,

729 4786 803 4849 In
829 4785 952 4848 hoc
980 4783 1290 4867 profundo
1316 4783 1525 4847 medio
1553 4783 1722 4847 salus
1750 4788 1881 4862 est,
1913 4784 2063 4866 quia
2088 4805 2259 4852 rece-

728 4893 883 4956 dens
912 4911 950 4956 a
991 4893 1201 4957 medio
1227 4890 1605 4955 humilitatis
1632 4939 1650 4969 ‚
1698 4892 2057 4957 damnatur.
2091 4894 2268 4960 Unde

734 5001 1015 5065 Christus
1056 5001 1336 5064 dicebat⁸
1366 5022 1380 5064 :
1426 5023 1456 5061 α
1487 5000 1628 5081 Ego
1654 5001 1720 5063 iu
1749 5001 1956 5065 medio
1980 5007 2268 5068 vestrum

733 5126 875 5172 sum
900 5155 917 5184 ‚
949 5109 1108 5173 sicut
1134 5108 1248 5190 qui
1274 5108 1613 5171 ministrat.
1640 5131 1668 5168 ι)
1707 5108 1782 5172 Et
1817 5109 1882 5172 in
1919 5110 2269 5193 Evanqelz‘o

731 5215 1081 5283 secundum
1110 5216 1473 5284 Matthoeum
1501 5217 1523 5252 ⁸
1555 5234 1570 5276 ε
1607 5239 1637 5277 α
1661 5215 1795 5280 Nisi
1824 5217 2112 5282 conversi
2140 5217 2270 5281 fue-

802 5416 815 5445 ¹
843 5411 1047 5474 Habac„
1068 5425 1145 5476 111,
1161 5417 1210 5474 2,
1226 5414 1505 5464 secundum
1520 5425 1703 5465 Lxx.-
1720 5415 1739 5444 ²
1752 5413 1884 5464 Psal.
1904 5426 2073 5465 nxxm
2088 5449 2100 5475 ,
2118 5415 2195 5465 1‘2.
2210 5441 2265 5452 —

734 5488 753 5517 ¹*
781 5489 819 5537 Α
848 5500 977 5538 voce
1003 5499 1173 5552 graeca
1200 5490 1497 5553 Ομομητωρ,
1523 5486 1697 5549 latine,
1731 5487 1910 5537 eadem
1941 5489 2106 5537 matre
2131 5487 2271 5551 geni-

733 5560 860 5612 tum.
897 5584 957 5596 —
1000 5557 1019 5587 ⁴
1058 5556 1263 5622 March„
1303 5568 1406 5622 χιι,
1453 5560 1531 5608 40.
1571 5582 1631 5596 -
1672 5558 1690 5588 ⁸
1730 5558 1865 5623 Luc„
1900 5568 2047 5620 1111,
2088 5560 2166 5609 2'1.
2207 5583 2268 5597 —

2372 667 2550 757 ritis,
2573 671 2636 732 et
2656 667 3025 732 efficiamini
3052 667 3218 732 sicut
3242 667 3496 751 parvuli
3509 716 3528 747 ,
3556 685 3688 732 non
3713 667 3897 732 intra-

2371 776 2520 840 bitis
2554 776 2623 840 in
2648 795 2929 858 regnum
2961 778 3291 842 coelorum.
3321 799 3352 837 ιι
3389 775 3462 840 Ιιι
3502 777 3710 841 medio
3729 794 3897 841 nem-

2369 902 2449 967 pe
2475 884 2855 949 humilitatis
2881 887 3083 949 crucis
3105 934 3123 963 ‚
3155 886 3437 950 Christus
3462 884 3729 948 salutem
3756 903 3896 967 ope-

2373 996 2551 1056 ratus
2579 995 2694 1056 est.
2727 992 2873 1071 Sed,
2905 992 3070 1075 proh
3095 993 3310 1057 dolor!
3352 993 3557 1074 caligo
3583 992 3898 1057 subintra-

2370 1101 2489 1180 vit,
2509 1099 2661 1182 quia
2678 1098 3010 1164 Christiani
3027 1100 3236 1165 locum
3250 1104 3612 1165 extremum
3628 1100 3897 1182 eligunt,

2371 1212 2433 1271 et
2458 1207 2744 1272 medium
2773 1207 3168 1291 relinquunt.
3201 1208 3365 1286 Quid
3391 1213 3487 1273 est
3513 1210 3899 1293 impugnati-

2375 1334 2536 1382 vum
2597 1304 2820 1382 salutis
2866 1317 3223 1382 humanae?
3258 1318 3510 1384 Nescire
3551 1337 3619 1383 se
3669 1319 3897 1383 metiri.

2372 1420 2496 1487 Sed
2522 1424 2677 1507 quid
2722 1426 2975 1508 prodest
3003 1426 3251 1490 homini
3293 1426 3453 1491 scire
3492 1427 3701 1490 metiri
3740 1427 3864 1491 alia
3882 1475 3899 1505 ‚

2372 1534 2435 1594 et
2481 1533 2725 1597 nescire
2768 1534 2978 1597 metiri
3015 1534 3334 1617 seipsum?
3377 1556 3408 1594 α
3449 1533 3519 1598 Si
3563 1534 3769 1614 enim,
3819 1535 3907 1599 ait

2373 1637 2733 1705 Bernardus
2742 1647 2788 1719 ⁷,
2815 1641 3287 1725 aliquantulum
3302 1643 3447 1727 quis
3466 1644 3687 1726 seplus
3706 1663 3904 1727 quam

2373 1747 2579 1828 debet,
2601 1749 2856 1828 exaltat,
2882 1746 3236 1833 periculum
3262 1757 3358 1815 est
3383 1751 3504 1815 sibi
3526 1773 3540 1814 :
3565 1755 3640 1815 ut
3660 1751 3714 1815 si
3738 1753 3903 1835 quiS,

2371 1855 2620 1921 intrans
2647 1875 2761 1939 per
2785 1860 3038 1940 portam
3062 1906 3080 1936 ‚
3110 1863 3299 1941 caput
3323 1859 3570 1941 erigat,
3601 1859 3901 1941 laeditur3

2372 1963 2486 2047 qui
2527 1968 2754 2029 autem‘
2782 1983 2850 2029 se
2894 1965 3334 2045 inclinaverit,
3374 1985 3510 2030 non
3556 1967 3835 2033 laeditur.
3869 1992 3899 2029 n

2372 2072 2771 2155 Responsum
2785 2075 2904 2138 fuit
2930 2075 3229 2154 Antonio,
3262 2077 3432 2158 quod
3450 2076 3623 2140 solus
3641 2076 3912 2142 humilis

2370 2186 2505 2246 erat
2541 2200 2767 2248 evasor
2804 2182 3182 2266 laqueorum
3223 2184 3423 2249 hostis
3458 2186 3732 2267 antiqui.
3787 2185 3910 2251 Sed

2371 2281 2523 2371 quid
2553 2294 2689 2368 est,
2720 2292 2890 2373 quod
2928 2291 3257 2355 humilitas
3298 2310 3431 2356 non
3464 2292 3765 2371 habetur,
3796 2313 3916 2359 nec

2370 2395 2591 2460 lumen
2617 2398 2941 2480 sapientiae
2959 2401 2990 2462 ‘2
3014 2399 3173 2476 Quia
3196 2400 3368 2481 ignis
3394 2418 3527 2464 non
3555 2401 3914 2467 custoditur

2371 2504 2439 2568 in
2464 2505 2675 2570 medio
2705 2507 3029 2586 cinerum;
3060 2507 3172 2571 sed
3197 2509 3447 2571 laterna
3477 2513 3695 2573 nostra
3722 2528 3917 2593 expo-

2370 2612 2549 2677 nitur
2594 2614 2772 2677 omni
2796 2617 3022 2695 veum,
3063 2619 3126 2678 et
3174 2616 3579 2697 extinguitur
3623 2617 3909 2682 lucerna.

2329 2720 2694 2810 ,Ostentare
2735 2724 2950 2787 statim
2975 2724 3314 2805 volumus,
3363 2726 3414 2789 si
3462 2727 3619 2809 quid
3645 2728 3806 2792 boni
3848 2729 3919 2793 in

2368 2830 2551 2895 nobis
2571 2833 2684 2895 est.
2710 2830 2834 2896 Sed
2854 2832 3164 2897 mirabilis
3186 2834 3305 2898 fuit
3328 2834 3547 2899 divina
3574 2836 3910 2918 sapientia,

2370 2957 2520 3022 quae
2547 2957 2663 3022 per
2692 2941 2972 3005 cinerem
2998 2941 3377 3008 humilitatis
3404 2948 3660 3027 operata
3689 2949 3793 3010 est
3818 2965 3919 3010 sa-

2338 3048 2590 3138 ‚lutem.
2622 3048 2934 3130 Medium,
2965 3070 3107 3115 cum
3130 3052 3439 3116 amissum
3468 3052 3659 3116 fuerit
3686 3053 3760 3118 in
3787 3054 3915 3118 cir-

2370 3158 2515 3223 culo
2533 3205 2555 3237 ,
2593 3159 2991 3224 reinvenitur
3020 3177 3135 3242 per
3165 3159 3325 3224 duas
3352 3159 3550 3225 lineas
3575 3180 3648 3226 se
3686 3164 3917 3229 ortho-

2370 3267 2689 3349 gonaliter
2714 3267 3186 3333 intersecante&

2452 3377 2767 3456 Quartum
2798 3377 3081 3442 medium
3109 3381 3205 3441 est
3237 3378 3521 3443 medium
3548 3379 3872 3448 doctrinae
3900 3431 3920 3459 ,

2372 3484 2542 3567 quod
2594 3488 2690 3548 est
2740 3485 3032 3549 rationali
3083 3486 3588 3552 manifestatione
3642 3490 3928 3571 praecla-

2370 3611 2521 3657 rum
2537 3640 2557 3670 ,
2587 3596 2650 3656 et
2674 3595 2768 3656 est
2794 3593 2873 3657 de
2900 3594 3404 3659 consideratione
3445 3594 3794 3662 Dialectici.
3826 3599 3928 3664 Ad

2371 3698 2494 3763 hoc
2530 3699 2861 3764 ordinatur
2916 3702 3124 3764 omnis
3172 3719 3382 3765 sermo
3426 3702 3764 3767 rationalis
3783 3754 3803 3784 ,
3854 3706 3932 3768 ut

2329 3893 2334 3898 ὗ
2371 3824 2486 3889 per
2511 3808 2719 3889 ipsum
2736 3855 2755 3886 ,
2779 3812 3086 3891 tanquam
3111 3826 3227 3891 per
3251 3808 3537 3872 medium
3556 3857 3573 3886 ‚
3595 3812 3930 3895 exprima-

2371 3932 2520 3979 mus
2546 3916 2718 3998 quod
2760 3921 2855 3981 est
2891 3918 3062 4000 apud
3101 3935 3241 3982 nos.
3289 3917 3466 3983 Unde
3496 3918 3677 3984 Plato
3715 3922 3885 3986 dicit
3909 3928 3934 3964 ⁸

2373 4026 2545 4107 quod
2573 4043 2783 4088 sermo
2823 4025 3007 4089 datus
3035 4029 3164 4105 est,
3198 4030 3271 4090 ut
3295 4027 3455 4090 fiant
3497 4031 3741 4109 praesto
3771 4049 3928 4094 mu-

2372 4135 2503 4195 tuae
2532 4131 2872 4196 voluntatis
2900 4133 3153 4197 indicia.
3183 4134 3390 4214 Igitur
3417 4153 3628 4199 sermo
3657 4139 3937 4203 ordina-

2373 4242 2483 4303 tur
2510 4241 2585 4303 ad
2615 4239 2969 4323 simplicem
3007 4242 3361 4306 orationem
3394 4263 3410 4305 t
3444 4243 3649 4308 oratio
3698 4250 3939 4312 autem

2376 4347 2705 4412 ordinatur
2733 4348 2814 4413 ad
2859 4350 3519 4430 argumentationem,
3557 4357 3940 4421 secundum

2374 4456 2611 4537 species
2632 4473 2810 4519 suas:
2835 4457 3308 4537 argumentatio
3327 4458 3409 4521 ad
3427 4459 3936 4542 syllogismum:

2374 4563 2786 4646 syllogismus
2812 4566 2892 4629 ad
2919 4566 3453 4646 persuadendum.
3503 4567 3804 4633 Medium
3836 4590 3950 4636 er-

2375 4691 2462 4756 go
2484 4722 2505 4753 ,
2537 4692 2652 4757 per
2676 4691 2861 4737 suam
2894 4674 3279 4739 evidentiam
3308 4679 3371 4739 et
3398 4678 3946 4745 convenientiam

2375 4799 2524 4844 cum
2552 4781 2876 4859 extremiS,
2906 4782 3228 4864 compellit
3255 4784 3567 4848 rationem
3599 4786 3685 4849 ad
3720 4807 3949 4854 assen-

2375 4888 2664 4953 tiendum
2684 4937 2704 4967 ‚
2737 4893 2810 4952 ut
2848 4889 3000 4970 quia
3030 4890 3207 4970 prius
3234 4896 3524 4956 extrema
3545 4939 3551 4950 .
3569 4899 3952 4963 convenie-

2375 4997 2531 5060 bant
2553 4997 2719 5060 inter
2741 5013 2809 5060 se
2855 4996 3129 5075 realiter,
3172 4999 3498 5063 manifeste
3546 5019 3667 5082 per
3709 5006 3952 5072 virtu-

2374 5108 2506 5169 tem
2532 5102 2728 5166 medii
2753 5122 2902 5167 cum
2926 5108 3198 5188 utroque
3223 5109 3506 5171 extremo
3533 5116 3954 5180 convenien-

2375 5211 2486 5289 tis,
2527 5211 2692 5274 inter
2719 5229 2787 5275 se
2831 5213 3241 5278 conveniunt.
3290 5213 3424 5278 Hoc
3459 5215 3765 5284 medium
3818 5224 3959 5290 fuit

2380 5318 2656 5385 Christus
2699 5319 2767 5383 in
2824 5322 3283 5387 resurrectione
3300 5369 3321 5400 ,
3370 5340 3568 5404 quam
3615 5329 3960 5408 probavit

2377 5484 2397 5515 ⁸
2423 5483 2798 5547 Matthffvm,
2831 5486 2880 5534 3.
2902 5509 2966 5524 —-
2988 5485 3011 5521 ⁷
3040 5487 3212 5546 Bam„
3240 5485 3295 5533 in
3325 5484 3491 5547 Cant..
3520 5501 3683 5543 serm.
3722 5505 3959 5564 xxxvn,

2376 5569 2483 5608 non
2509 5557 2688 5621 procul
2712 5571 2745 5609 a
2768 5557 2889 5610 fine.
2912 5583 2972 5596 —
2998 5557 3022 5593 Β
3042 5557 3190 5621 Plau,
3216 5556 3270 5608 in
3299 5557 3491 5609 Tae'moeo.
