4196 6294
1720 473 1976 541 CAPUT
2021 475 2097 540 ll.

322 612 605 697 opulenti
646 612 798 676 estis
837 611 907 675 ln
948 610 1124 677 Sion.
1160 633 1191 672 n
1226 611 1306 677 Et
1343 614 1486 694 post
1528 616 1548 654 ¹
1599 633 1615 675 ε
1677 633 1709 672 α
1740 610 1861 689 Qui

319 720 546 787 canitis
569 720 649 784 ad
673 738 896 784 vocem
923 719 1201 802 psalterii
1217 768 1237 798 ,
1267 719 1557 783 bibentes
1586 718 1655 782 in
1684 719 1862 801 phia-

319 832 398 896 lis
438 829 686 895 vinum.
727 849 758 888 ιι
808 828 891 893 Et
931 843 1377 910 superyreseus
1421 843 1565 892 sum
1610 826 1856 909 opibus.

320 919 762 1017 Tangitur‘hic
789 933 1138 999 secundum
1159 982 1180 1012 ,
1211 934 1445 998 scilicet
1470 934 1752 1016 potentia
1779 935 1862 999 ad

319 1043 796 1129 perficiendum,
823 1041 976 1124 quia
999 1059 1239 1124 pauper
1256 1041 1400 1105 licet
1421 1042 1616 1123 possit
1638 1042 1862 1124 hujus·

320 1151 493 1217 modi
556 1150 910 1215 artificialia
974 1149 1265 1214 deliciosa
1327 1149 1626 1213 inchoare
1651 1198 1668 1228 ‚
1730 1168 1861 1214 non

317 1265 536 1326 tamen
569 1260 907 1344 perficere3
939 1259 1048 1322 sed
1077 1259 1211 1341 ipse
1249 1260 1518 1340 poterat,
1550 1261 1860 1341 tanquam

318 1370 518 1448 dives,
549 1371 885 1451 propterea
905 1366 1098 1454 dicit:
1130 1369 1222 1433 Et
1247 1381 1692 1448 supergressus
1715 1382 1860 1433 sum

285 1469 291 1476 ’
318 1479 543 1560 opibus
567 1491 804 1554 omnes,
833 1474 951 1557 qui
980 1479 1126 1540 ante
1153 1490 1250 1539 me
1282 1475 1549 1554 fuenmt
1575 1475 1650 1539 in
1676 1477 1862 1540 Jeru-

315 1585 535 1653 salem.
582 1584 812 1649 Omnes
841 1582 1018 1647 enim
1058 1582 1327 1647 excessit
1355 1589 1380 1624 ¹
1420 1605 1434 1645 :
1481 1606 1512 1643 α
1556 1582 1703 1647 Dedi
1744 1582 1860 1647 tibi

321 1692 578 1759 divitias
598 1740 615 1770 ‚
645 1696 710 1757 et
738 1690 1035 1772 gloriam,
1067 1707 1258 1753 nemo
1294 1689 1487 1754 fuerit
1516 1689 1739 1753 similis
1763 1690 1859 1755 tui

319 1804 388 1867 in
413 1802 697 1883 regibu5‚
729 1799 970 1864 cunctis
992 1803 1163 1863 retro
1187 1799 1431 1863 diebus.
1453 1819 1484 1858 υ
1526 1798 1860 1881 Sapientia

320 1927 586 1995 quoque,
626 1914 779 1974 etc.:
812 1908 1100 1989 tangitur
1135 1908 1243 1971 hic
1284 1907 1575 1984 tertium,
1625 1907 1860 1972 scilicet

319 2017 656 2102 prudentia
686 2017 767 2081 ad
787 2014 1410 2094 ordinandum,cum
1440 2013 1596 2078 dicit
1627 2016 1709 2097 (v.
1742 2015 1801 2096 9)
1837 2038 1851 2078 :

323 2126 660 2208 Sapientia
693 2139 938 2207 quoque
968 2124 1399 2205 perseveravit
1436 2138 1677 2188 mecum
1692 2171 1713 2202 ,
1745 2140 1860 2205 per

319 2253 514 2319 quam
537 2232 771 2297 scilicet
797 2231 927 2309 illa,
968 2248 1116 2313 quae
1141 2231 1394 2307 fecerat,
1426 2229 1759 2294 ordinabat
1784 2230 1807 2266 ⁸
1839 2248 1857 2294 ε

327 2368 358 2406 α
375 2342 607 2410 videns
630 2341 856 2422 regina
885 2339 1050 2404 Saba
1077 2335 1435 2402 Salomonis
1460 2337 1855 2419 sapientiam,

313 2457 380 2517 et
421 2450 711 2515 ordinem
758 2446 1258 2511 ministrantium
1280 2493 1301 2524 ,
1348 2443 1518 2508 ultra
1562 2443 1858 2527 spiritum

316 2577 447 2624 non
472 2557 764 2623 habebat.
795 2577 826 2615 υ
860 2552 939 2618 Et
964 2559 988 2594 ⁸
1018 2572 1035 2618 z
1077 2575 1107 2614 α
1130 2552 1531 2616 Praeccdebat
1549 2552 1859 2634 sapientia

316 2667 669 2733 Salomonis
706 2662 1083 2746 sapientiam
1115 2661 1409 2725 omnium
1437 2658 1856 2724 Orientalium

315 2781 380 2841 et
423 2773 908 2857 AEgyptiorum,
944 2774 1006 2835 et
1049 2773 1185 2833 erat
1224 2767 1571 2851 sapientior
1616 2767 1858 2831 cunctis

314 2882 711 2948 hominibus.
740 2902 771 2940 ι)

69 3017 290 3073 vonum„
397 2997 495 3055 10.
530 2992 620 3054 Et
660 2988 901 3065 omnia,
941 3001 1083 3068 quoe
1109 2982 1660 3061 desideraverunt,
1690 2987 1852 3047 etc.:

84 3080 269 3137 ³⁰P¹⁰¹·
313 3098 608 3181 tangitur
624 3096 732 3163 hic
758 3097 1063 3179 quartum
1080 3142 1097 3173 ‚
1129 3091 1366 3156 scilicet
1391 3090 1685 3173 voluptas
1717 3093 1856 3172 ejus

312 3210 394 3275 ad
452 3203 906 3291 perfruendum
977 3201 1057 3264 iis
1125 3200 1320 3264 rebus
1384 3197 1857 3263 delectabilibus

314 3335 477 3401 quas
524 3311 1035 3399 praeparaveram
1093 3312 1159 3371 et
1204 3306 1358 3389 quia
1407 3304 1705 3388 quaedam
1763 3309 1856 3370 est

313 3424 612 3506 voluptas
648 3437 795 3504 quae
849 3416 1043 3482 habet
1084 3420 1298 3479 ortum
1339 3414 1420 3477 ab
1465 3413 1849 3494 extrinsecO,

313 3531 610 3616 quaedam
636 3528 717 3594 ab
737 3526 1116 3591 interiorum
1144 3521 1576 3604 conceptione,
1606 3524 1857 3586 utrum·

313 3659 439 3722 que
469 3642 646 3704 notat
671 3636 741 3701 in
766 3655 855 3702 se.
888 3635 1211 3713 Quantum
1234 3631 1311 3695 ad
1342 3631 1625 3714 primum
1653 3631 1805 3695 dicit
1833 3653 1848 3696 :

311 3748 397 3814 Et
431 3747 651 3813 omnia
670 3793 689 3824 ‚
739 3762 879 3827 quoe
914 3743 1441 3811 desideraverunt
1483 3739 1652 3807 oculi
1691 3742 1849 3819 mei,

313 3853 550 3917 scilicet
590 3852 872 3917 exterius
922 3852 1240 3928 videntes,
1282 3865 1414 3916 non
1452 3849 1686 3931 neqavi
1730 3849 1848 3914 eis,

315 3962 450 4027 Imo
499 3959 794 4023 satisfecit
838 3959 919 4022 ad
969 3976 1153 4022 suam
1206 3957 1484 4040 culpam,
1531 3956 1702 4021 unde
1755 3957 1777 3992 ⁸
1830 3978 1845 4019 ε

319 4092 352 4131 α
406 4067 640 4134 Oculus
707 4083 890 4130 meus
949 4065 1346 4148 depraedatus
1404 4048 1498 4127 e'st
1564 4063 1849 4128 animam

312 4194 566 4252 meam;
609 4196 641 4234 ι»
675 4176 739 4238 et
764 4173 786 4210 ⁶
823 4190 840 4236 ε
884 4195 914 4232 α
944 4172 1241 4237 Ascendit
1271 4189 1444 4236 mors
1489 4189 1603 4254 per
1647 4172 1850 4236 fenes-

307 4290 483 4350 tras:
513 4305 545 4344 υ
580 4286 893 4366 quantum
921 4280 1002 4343 ad
1025 4279 1417 4361 voluptatem
1442 4278 1845 4357 interiorum,

308 4410 456 4459 cum
482 4392 632 4457 dicit
660 4412 675 4454 ε
708 4390 834 4457 Nec
869 4388 1172 4471 prohibui
1198 4402 1305 4452 cor
1343 4401 1586 4464 mezen,
1618 4385 1682 4448 id
1708 4390 1843 4465 est,

306 4501 515 4565 cordis
555 4495 1130 4580 concupiscentiam
1155 4541 1172 4571 ‚
1204 4495 1367 4575 quin
1397 4492 1575 4559 omni
1618 4492 1848 4572 volup-

308 4614 438 4676 tate
481 4608 829 4687 frueretur,
861 4608 921 4670 et
962 4602 1288 4671 oblectaret
1329 4615 1396 4665 se
1432 4599 1509 4664 in
1542 4599 1665 4679 iia,
1704 4613 1849 4679 quoe

303 4730 844 4799 proeparaveram,
890 4715 1111 4776 contra
1144 4708 1302 4773 illud
1338 4707 1360 4742 '¹
1399 4728 1413 4772 :
1454 4729 1485 4768 α
1511 4705 1661 4784 Fili,
1703 4709 1847 4787 post

304 4821 841 4905 concupiscentias
867 4822 1014 4883 tuas
1042 4835 1171 4881 non
1200 4833 1330 4894 eae,
1360 4819 1423 4879 et
1451 4832 1490 4878 a
1518 4812 1845 4878 voluntate

305 4935 418 4995 tua
457 4933 763 4994 avertere.
814 4948 845 4986 »
904 4925 983 4991 Et
1030 4924 1183 5008 quia
1226 4922 1490 4987 affectus
1535 4920 1844 5002 pervertit

303 5057 470 5122 saepe
489 5037 803 5121 judicium
830 5033 1118 5113 rationis,
1150 5031 1437 5114 sequitur
1463 5046 1841 5112 perversum

294 5146 610 5228 iudicium
628 5194 645 5224 ,
684 5143 854 5209 unde
895 5144 959 5206 et
1000 5140 1216 5205 subdit
1258 5161 1274 5202 z
1321 5138 1404 5205 Et
1446 5137 1612 5204 hanc
1653 5142 1841 5204 ratus

312 5386 336 5399 ..
365 5344 574 5409 ¹Amos,
593 5356 669 5407 v1‚
695 5347 837 5396 15.-
865 5344 890 5379 ¹
909 5341 971 5393 ΙΙΙ
1000 5340 1138 5405 Req„
1156 5351 1236 5403 111,
1263 5342 1405 5399 13.,-
1428 5338 1451 5373 ⁸
1477 5338 1629 5403 ibid„
1647 5350 1702 5402 x,
1725 5340 1838 5389 4.—

302 5414 322 5450 ⁸
353 5414 496 5474 ibid„
531 5428 603 5474 xv,
632 5418 710 5465 30.
742 5442 802 5452 -—
838 5416 856 5445 ⁸
888 5412 1082 5472 Three„
1113 5424 1202 5473 m,
1243 5415 1321 5462 51.
1359 5437 1417 5447 -
1457 5411 1475 5441 ⁶
1509 5409 1710 5467 let-em..
1753 5421 1833 5469 xi,

300 5488 378 5540 2¹.
398 5513 450 5523 -—
485 5486 503 5521 '¹
535 5488 716 5549 Eccli„
747 5498 901 5549 xvm,
936 5489 1014 5537 30.
1034 5512 1086 5523 —
1118 5483 1142 5521 ⁸
1162 5484 1304 5535 Prot.
1328 5494 1472 5546 cxm,
1499 5484 1550 5531 6.
1569 5507 1625 5518 -
1653 5483 1673 5511 ⁹
1696 5480 1834 5532 Pnal.

1971 625 2114 678 sum
2157 619 2406 695 partem
2453 625 2691 692 mani,
2744 611 2809 675 id
2858 613 2985 691 est,
3021 611 3307 692 judicavi
3353 614 3518 680 mihi

1969 738 2109 785 esse
2132 720 2393 799 melius,
2422 723 2486 787 si
2510 724 2719 786 uterer
2749 719 2958 787 labore
2992 734 3158 798 mee,
3184 720 3417 786 scilicet
3446 721 3517 786 in

1969 830 2271 910 praesenti
2321 852 2334 892 :
2385 833 2451 894 et
2493 829 2615 893 hoc
2663 833 2761 892 est
2808 827 3124 910 judicium
3170 828 3515 911 Epicureo-

1970 954 2119 1000 rum
2138 986 2154 1014 ,
2187 937 2302 1018 qui
2332 954 2466 1000 non
2493 939 2826 1018 expectant
2872 935 3045 1000 aliud
3082 935 3327 1000 bonum
3348 982 3366 1016 ‚
3399 956 3519 1004 nec

1969 1044 2162 1109 aliam
2197 1049 2478 1128 partem;
2528 1063 2564 1109 e
2608 1047 2827 1109 contra
2868 1043 3066 1107 sancti
3106 1043 3173 1106 in
3217 1046 3517 1126 praesenti

1969 1171 2100 1217 non
2128 1153 2365 1217 habent
2396 1156 2641 1236 partem
2661 1200 2684 1231 ,
2711 1152 2820 1217 sed
2846 1153 2916 1216 in
2942 1153 3191 1232 tuturo,
3222 1153 3390 1218 unde
3429 1159 3454 1194 ⁸
3493 1176 3510 1218 ε

1974 1283 2004 1321 α
2037 1259 2252 1324 Portie
2287 1278 2428 1324 mea
2444 1308 2465 1339 ,
2510 1261 2775 1324 Domine
2792 1309 2808 1339 ‚
2851 1260 2933 1323 sit
2961 1259 3032 1322 in
3080 1265 3251 1325 terra
3290 1261 3516 1326 viven-

1968 1367 2167 1446 tium;
2197 1389 2229 1428 n
2270 1373 2335 1433 et
2360 1386 2586 1433 rursus
2614 1369 2637 1404 ⁹
2669 1390 2685 1431 ε
2726 1390 2757 1428 α
2794 1367 3100 1432 Dominus
3133 1385 3283 1449 pars
3306 1368 3512 1434 haere·

1969 1475 2183 1539 ditatis
2209 1493 2395 1540 meae.
2424 1497 2455 1535 υ

2049 1583 2392 1665 Quaeritur‚
2438 1602 2587 1648 cum
2620 1585 2950 1666 peccatum
2993 1582 3077 1646 sit
3101 1582 3172 1646 in
3204 1581 3285 1646 iis
3321 1585 3516 1648 canti·

1968 1691 2132 1756 lenis
2174 1692 2266 1755 sic
2309 1692 2602 1757 delectari
2619 1742 2635 1772 ‚
2684 1693 2764 1756 ad
2807 1693 2979 1774 quod
3023 1708 3235 1772 genus
3274 1693 3513 1774 peceati

3576 1608 3703 1660 Quod

3558 1671 3728 1727 peccati

3540 1745 3682 1787 gaunt
3695 1733 3757 1776 sit

1967 1798 2296 1862 reducitur
2325 1801 2357 1862 ¹?
2394 1798 2463 1863 Si
2489 1803 2565 1863 tu
2598 1798 2790 1879 dicaS,
2820 1797 2992 1881 qnod
3019 1798 3102 1862 ad
3135 1797 3466 1864 luxuriam
3491 1820 3509 1881 ;
3541 1796 3749 1840 (ΜΘΝ

1967 1906 2302 1990 quaeritur,
2324 1925 2476 1971 cum
2498 1907 2755 1971 auditus
2781 1906 2863 1971 sit
2887 1924 3060 1971 unus
3074 1924 3322 1987 sensus,
3351 1907 3514 1973 sicut
3576 1929 3583 1938 ’

1969 2017 2203 2108 gustus
2230 2019 2296 2080 et
2328 2019 2560 2096 tactuS,
2609 2016 2865 2081 videtur
2900 2016 3072 2098 quod
3111 2016 3338 2081 debeat
3375 2035 3512 2083 esse

1968 2123 2234 2205 capitale
2268 2127 2598 2206 peccatum
2625 2124 2695 2187 in
2721 2123 2945 2188 auditu
2958 2173 2977 2202 ‚
3017 2123 3182 2188 sicut
3204 2127 3270 2188 et
3292 2128 3467 2190 tactu
3488 2147 3507 2205 ;

1967 2235 2034 2294 at
2083 2231 2139 2293 si
2196 2250 2329 2296 non
2352 2280 2370 2310 ‚
2421 2250 2645 2314 quaero
2696 2249 2977 2296 causam.
3036 2231 3195 2296 Item
3244 2249 3507 2315 quaem,

1967 2342 2190 2402 utrum
2230 2339 2300 2403 in
2327 2339 2698 2421 hujusmodi
2740 2339 3072 2404 cantilenis
3096 2338 3394 2404 delectari
3431 2341 3511 2405 sit

1967 2448 2318 2528 peccatum.
2371 2446 2553 2524 Quod
2590 2465 2720 2512 non
2735 2495 2757 2526 ,
2787 2446 3081 2526 videtur,
3120 2447 3276 2529 quia
3312 2449 3511 2513 sancti

1966 2553 2384 2619 instituerunt
2430 2554 2669 2618 cantari
2714 2554 2793 2619 ad
2838 2555 3112 2635 gloriam
3152 2553 3297 2634 Dei;
3341 2556 3511 2639 quod

1965 2665 2182 2728 autem
2230 2666 2560 2746 peccatum
2624 2664 2710 2727 sit
2725 2712 2746 2742 ‚
2807 2664 2896 2728 ait
2950 2665 3358 2746 Augustinus
3401 2667 3446 2709 ¹⁰
3491 2689 3508 2733 ε

1975 2792 2007 2830 (ι
2034 2769 2292 2847 Quoties
2319 2774 2546 2835 cantus
2584 2770 2746 2834 mihi
2775 2771 2987 2854 magis
3013 2772 3284 2854 placuit,
3315 2791 3510 2856 quam

3558 1858 3736 1901 cantile-

3612 1919 3699 1966 nin.

1965 2878 2164 2942 verba
2189 2926 2206 2958 ‚
2260 2879 2553 2960 graviter
2598 2897 2705 2942 me
2749 2896 3035 2961 peccasse
3088 2879 3414 2945 confiteor.
3470 2901 3502 2942 n
3600 2873 3601 2878 ’

1967 2983 2335 3066 Respondeo
2359 2984 2723 3066 dicendum,
2754 2984 2928 3067 quod
2953 2984 3248 3050 delectari
3286 2986 3353 3050 in
3382 2986 3506 3054 hu·-

1956 3092 2245 3174 jusmodi
2282 3092 2636 3173 cantileniS‚
2667 3096 2780 3158 aut
2818 3093 2940 3159 hoc
2983 3097 3078 3158 est
3113 3098 3372 3178 propter
3406 3096 3509 3162 in-

1962 3205 2210 3266 ternam
2242 3201 2643 3267 devotionem
2660 3250 2679 3282 ,
2728 3206 2842 3266 aut
2885 3205 3143 3285 propter
3190 3202 3509 3271 internam

1962 3309 2357 3393 voluptatem
2383 3314 2447 3375 et
2481 3310 2832 3390 lasciviam,
2851 3315 2966 3376 aut
2990 3316 3250 3396 propter
3275 3332 3505 3396 quam-

1961 3418 2110 3483 dam
2157 3417 2586 3484 curiositatem
2637 3437 2655 3483 :
2714 3420 2929 3502 primo
2989 3422 3178 3486 modo
3225 3439 3357 3486 non
3414 3428 3510 3488 est

1961 3531 2292 3608 peccatum
2327 3550 2343 3604 ;
2414 3527 2693 3592 secundo
2760 3530 2950 3593 modo
3019 3532 3115 3594 est
3174 3534 3505 3613 peccatum

1961 3652 2289 3698 annexum
2316 3633 2595 3699 luxuriae
2624 3635 2704 3699 de
2739 3635 3071 3717 proxim03
3101 3636 3288 3701 tertio
3315 3639 3507 3704 modo

1959 3746 2054 3806 est
2081 3744 2410 3824 peccatum
2441 3741 2821 3808 curiositatis
2860 3761 3191 3808 annexum
3225 3744 3505 3811 luxuriae

1959 3849 2039 3915 de
2068 3853 2336 3914 remoto.

2040 3956 2362 4034 Quaeritur
2393 3980 2409 4023 ε
2446 3958 2656 4036 Quare
2682 3976 2813 4023 non
2850 3964 2945 4023 est
2971 3965 3297 4042 peccatum
3326 3964 3500 4046 capi-

1956 4066 2084 4132 tale
2123 4068 2287 4132 circa
2333 4067 2509 4131 hunc
2536 4084 2792 4131 sensum
2812 4115 2835 4146 ,
2864 4067 3031 4132 sicut
3069 4066 3237 4132 circa
3262 4072 3501 4151 tactum

1955 4180 2021 4240 et
2061 4182 2330 4257 gustum
2348 4177 2380 4239 *ἶ
2419 4174 2785 4258 Respondeo
2804 4221 2823 4254 ‚
2854 4175 3008 4258 quia
3032 4192 3163 4239 non
3204 4180 3300 4240 est
3325 4181 3502 4243 tanta

1955 4284 2276 4366 corruptio
2296 4330 2313 4361 ‚
2343 4301 2460 4346 nec
2499 4282 2850 4347 delectatio,
2894 4281 3212 4359 Quaeritur
3246 4284 3325 4349 de
3352 4285 3493 4367 hoc,

1953 4390 2127 4472 quod
2169 4389 2320 4454 dicit
2377 4412 2392 4452 t
2452 4389 2539 4455 Et
2587 4404 3025 4472 supergressus
3076 4405 3220 4456 sum
3270 4392 3497 4474 opibus

1951 4512 2195 4578 omnes,
2235 4500 2352 4580 qm·
2388 4502 2534 4565 ante
2570 4514 2666 4564 me
2709 4500 2972 4578 fuerunt
3013 4501 3090 4565 in
3115 4499 3496 4583 Jerusalem,-

1952 4606 2107 4689 quid
2128 4609 2224 4671 est
2256 4607 2401 4688 hoc,
2432 4607 2605 4690 quod
2634 4607 2829 4672 dicit?
2857 4607 3035 4672 nulla
3058 4608 3316 4675 videtur
3340 4610 3499 4674 emi-

1952 4714 2169 4778 nentia
2186 4762 2204 4792 ,
2233 4715 2386 4798 quia
2424 4718 2573 4780 ante
2605 4715 2821 4798 ipsum
2858 4733 2990 4780 non
3028 4717 3330 4797 regnavit
3372 4717 3495 4791 nisi

1952 4820 2161 4885 solum
2207 4826 2386 4904 pater
2431 4824 2603 4904 eim,
2647 4822 2802 4904 quia
2838 4822 2879 4859 ¹¹
2905 4823 3041 4905 ipse
3073 4824 3376 4905 ascendit,
3430 4830 3498 4890 et

1950 4928 2141 5010 coepit
2183 4946 2326 4993 eam
2344 4978 2360 5008 ‚
2408 4933 2472 4994 et
2507 4929 2753 5012 expulit
2788 4928 3178 4997 Jebusaeum.
3228 4932 3327 4997 Ad
3372 4932 3495 4998 hoc

1949 5033 2168 5098 dicunt
2194 5035 2455 5118 quidam
2481 5053 2498 5098 ι
2527 5034 2669 5101 Νοῑι
2695 5038 2947 5101 tantum
2971 5037 3257 5122 loquitur
3282 5057 3491 5122 quan-

1948 5146 2087 5208 tum
2116 5144 2198 5209 ad
2223 5161 2414 5225 reges
2442 5143 2664 5224 lsrael,
2695 5144 2929 5210 scilicet
2963 5145 3162 5212 David
3200 5150 3265 5213 et
3298 5144 3489 5230 Saul,

1947 5252 2057 5317 sed
2084 5251 2278 5317 etiam
2306 5254 2622 5336 quantum
2653 5252 2734 5316 ad
2762 5253 3031 5335 judices.
3064 5253 3188 5319 Sed
3213 5257 3336 5321 hoc
3360 5275 3492 5321 non

1945 5426 2033 5479 xv,
2058 5418 2104 5466 5.
2128 5438 2188 5455 --
2219 5418 2260 5453 ¹·
2281 5417 2433 5485 Aug„
2454 5415 2620 5475 Cous..
2651 5415 2739 5468 lib.
2773 5417 2834 5482 X,
2858 5431 2905 5468 c.
2931 5428 3099 5471 xxxn.
3120 5443 3183 5457 —
3215 5420 3248 5451 ¹¹
3277 5420 3321 5474 1}
3351 5420 3493 5486 fleo..
3600 5448 3619 5457 =

1945 5497 1995 5550 v,
2025 5491 2072 5541 6.
