4196 6294
612 508 730 571 330

609 639 1063 715 respirantibus,
1089 641 1239 699 sicut
1261 640 1326 699 in
1353 638 1731 714 quaternario
1758 636 2045 696 secundo.
2071 638 2163 696 Ad

609 735 748 807 hoc,
804 734 949 810 quia
994 735 1351 809 suspirantes
1398 732 1696 791 interdum
1747 732 2045 805 suspirant
2086 748 2163 789 ex

613 829 824 906 dolore
853 829 1065 903 culpae‚
1108 827 1408 886 interdum
1448 843 1524 884 ex
1562 827 1776 884 timore
1819 842 2039 900 poenae,
2075 826 2164 882 in-

613 921 850 980 terdum
873 939 949 980 ex
973 922 1220 980 horrore
1251 921 1506 992 malitiae,
1529 919 1829 977 interdum
1854 935 1929 977 ex
1958 934 2162 977 amore

609 1017 876 1090 iustitiae,
923 1016 1147 1075 idcirco
1195 1015 1453 1073 seriatim
1493 1013 1742 1086 singulis
1783 1014 2003 1087 singuli
2041 1030 2165 1073 res·

614 1111 885 1186 pondent
923 1109 1216 1168 versiculi.
1246 1109 1473 1166 Primus
1510 1124 1654 1181 ergo
1688 1108 2014 1166 versiculus
2040 1124 2165 1165 res·

616 1206 846 1279 pondet
871 1205 1285 1280 poenitentibus
1312 1220 1387 1262 ex
1416 1203 1626 1263 dolore
1656 1204 1845 1278 culpa:
1869 1204 2169 1277 suspiran-

617 1299 799 1370 tibus,
817 1299 880 1356 in
899 1315 1020 1372 quo
1039 1302 1297 1372 quatuor
1317 1302 1702 1357 annotantur:
1723 1298 1941 1373 prime,
1960 1301 2168 1371 stupor

618 1392 863 1452 rationis
872 1412 891 1465 3
919 1392 1207 1464 secundo,
1237 1392 1411 1450 dolor
1437 1392 1796 1463 affectionis3
1828 1391 2031 1462 tei-tic,
2058 1407 2169 1466 pu-

620 1488 735 1546 dor
782 1486 1198 1559 conl'essionis3
1228 1488 1484 1561 'quai-m,
1529 1486 1704 1545 labor
1735 1485 2165 1544 satisfactionis,

618 1584 884 1651 Quorum
900 1581 1164 1655 primum
1181 1582 1444 1638 innuitur
1460 1579 1523 1637 in
1550 1597 1644 1651 eo,
1667 1580 1835 1653 quod
1852 1579 2169 1637 consilium

619 1675 928 1749 quoeritur5
959 1675 1289 1732 secundum
1316 1674 1379 1731 in
1406 1691 1502 1745 e0,
1537 1673 1704 1748 quod
1727 1678 2003 1747 peccator
2028 1689 2170 1748 pro-

621 1770 778 1828 ditur
788 1790 808 1841 3
852 1769 1091 1826 tertium
1117 1769 1181 1825 in
1208 1785 1314 1839 eo,
1342 1768 1511 1842 quod
1537 1773 1840 1841 peccatum
1877 1767 2169 1842 proponi-

620 1869 715 1922 tur
724 1882 742 1935 3
774 1865 1055 1937 quartum
1079 1862 1146 1920 in
1171 1879 1267 1932 co,
1294 1861 1462 1936 quod
1490 1861 1824 1920 remedium
1857 1861 2167 1936 reperitur.

1129 2023 1409 2081 Articulus
1440 2026 1672 2096 primus.

695 2148 783 2206 Ad
827 2148 1090 2221 primum
1131 2148 1447 2206 articulum
1489 2148 1776 2222 pertinet,
1826 2148 1997 2222 quod
2031 2148 2175 2207 dicit

622 2241 912 2316 Propheta
951 2258 1023 2300 ex
1062 2243 1428 2317 poenitentiS,
1468 2244 1780 2318 stupentis,
1821 2246 1879 2300 et
1919 2244 2173 2301 dolentis

621 2350 912 2410 persona:
943 2339 1010 2393 In
1029 2354 1133 2408 quo
1152 2341 1423 2420 corrigit?
1444 2340 1588 2394 Ecce
1603 2337 1921 2396 consilium
1940 2339 2169 2412 quaerit.

624 2432 693 2487 Et
718 2433 881 2500 nota,
911 2430 1077 2503 quod
1099 2431 1224 2488 hoec
1252 2431 1496 2505 quaestio
1525 2435 1612 2488 est
1638 2430 1915 2501 difficilis,
1943 2435 2031 2489 est
2057 2432 2173 2490 uti-

624 2523 719 2595 lis,
747 2539 872 2582 non
893 2527 1090 2582 tamen
1119 2530 1204 2582 est
1228 2523 1593 2583 insolubilis:
1621 2525 1899 2595 difficilis„
1927 2529 2175 2600 propter

625 2616 1001 2675 correctionis
1054 2617 1485 2676 difficultatem:
1523 2619 1700 2690 utilis,
1749 2624 1995 2694 propter
2038 2635 2172 2677 cor-

623 2711 897 2770 rectionis
920 2711 1265 2778 utilitatem;
1294 2713 1401 2771 sed
1431 2712 1703 2771 solubilis
1715 2753 1735 2782 ,
1762 2717 2007 2787 propter
2034 2728 2176 2771 cor·

625 2807 900 2865 rectionis
925 2807 1396 2881 possibilitatem.
1435 2811 1516 2865 De
1541 2808 1738 2883 primo
1761 2810 1817 2865 ²:
1853 2829 1883 2863 α
1911 2809 2174 2867 Perversi

627 2900 867 2958 difficile
910 2902 1285 2974 corriguntur
1293 2921 1312 2973 ;
1350 2923 1380 2956 n
1425 2918 1560 2961 ecce
1601 2902 1978 2961 correctionis
2015 2902 2175 2959 diffi-

625 2995 830 3052 cultas.
878 2997 957 3051 De
1004 2995 1265 3053 secundo
1304 2997 1366 3052 ²:
1404 3013 1433 3048 α
1474 2995 1676 3054 Melius
1714 2999 1800 3052 est
1838 3011 1877 3053 a
1912 2995 2176 3068 sapiente

626 3087 875 3162 corripi,
915 3102 1101 3162 quam
1139 3089 1454 3147 stultorum
1495 3088 1840 3147 adulatione
1886 3088 2080 3163 decipi
2090 3107 2111 3161 3
2140 3108 2170 3142 n

627 3199 762 3241 ecce
811 3184 1187 3241 correctionis
1226 3184 1460 3242 utilitas».
1510 3188 1587 3241 De
1633 3184 1832 3256 tertio,
1881 3183 2176 3256 praedictis

625 3277 781 3336 libro
812 3280 869 3334 et
896 3278 1155 3351 capitulo
1183 3279 1242 3334 ³:
1280 3298 1311 3332 α
1337 3279 1444 3335 Per
1472 3276 1761 3335 tristitiam
1790 3277 2013 3348 vultus,
2043 3294 2176 3335 cor-

625 3371 832 3445 rigitur
871 3371 1106 3429 animus
1142 3371 1567 3445 delinquentis;
1601 3392 1632 3427 >³
1663 3387 1798 3429 ecce
1836 3371 2178 3445 quaestionis

625 3465 956 3524 solubilitas
969 3506 991 3537 ,
1021 3482 1126 3524 seu
1154 3465 1533 3529 correctionis
1557 3465 1938 3540 possibilitas

1100 3626 1384 3682 Articulus
1418 3624 1698 3682 secundus.

693 3753 784 3811 Ad
803 3752 1132 3810 secundum
1153 3750 1468 3808 articulum
1485 3748 1757 3823 pertinet,
1777 3748 1947 3822 quod
1971 3748 2172 3807 addit:

623 3852 1045 3909 Adolescentior.
1070 3852 1214 3905 Ecce
1231 3851 1506 3920 peccator
1520 3844 1821 3920 proditur:
1849 3861 1982 3902 ecce
2001 3843 2177 3902 dolor

625 3943 949 4004 affectionis
993 3941 1305 4015 promitur.
1334 3944 1480 3999 Nam
1517 3942 1794 4015 peccator
1831 3938 2181 3998 adolescen-

625 4039 790 4097 tioris
839 4036 1083 4095 nomine
1127 4033 1489 4107 designatur.
1538 4039 1603 4092 Et
1645 4039 1816 4106 nota,
1865 4035 2033 4108 quod
2068 4049 2178 4109 per

625 4130 1155 4190 adolescentiorem
1182 4129 1600 4187 convenienter
1629 4128 1884 4186 insinuat
1908 4132 2179 4202 peccato-

625 4242 754 4284 rem
771 4267 789 4296 ,
854 4228 1096 4299 propter
1158 4223 1449 4297 triplicem
1514 4222 1805 4281 rationem
1835 4240 1850 4280 :
1901 4222 2180 4281 videlicet

626 4323 870 4395 propter
904 4317 1303 4389 aversionem,
1340 4317 1826 4387 conversionem,
1862 4323 1919 4375 ct
1943 4333 2180 4389 perver-

629 4414 860 4472 sionem
886 4431 901 4469 :
936 4428 1044 4485 per
1071 4411 1441 4470 aversionem
1471 4428 1508 4468 a
1529 4411 1697 4469 bono
1722 4410 2016 4469 receditur
2026 4430 2043 4482 3
2071 4426 2180 4483 per

631 4505 1083 4564 conversionem
1124 4504 1204 4562 ad
1242 4504 1472 4562 malum
1516 4504 1812 4562 acceditur
1821 4524 1840 4575 3
1894 4519 2003 4577 per
2046 4519 2180 4577 per·

631 4598 966 4657 versionem
1020 4598 1084 4655 in
1135 4598 1298 4655 malo
1347 4597 1708 4672 proceditur.
1755 4601 1832 4655 De
1878 4597 2073 4671 primo
2115 4597 2137 4631 ¹·
2162 4616 2176 4654 :

638 4714 666 4747 α
694 4692 845 4750 Dixit
870 4691 1300 4750 adolescentior
1326 4691 1514 4765 patri:
1545 4695 1731 4762 Pater,
1762 4691 1842 4750 da
1867 4690 2014 4748 mihi
2043 4707 2182 4764 por-

633 4788 858 4846 tionem
885 4786 1247 4857 substantiae,
1270 4803 1403 4860 quoe
1422 4803 1520 4844 me
1549 4785 1848 4858 contingit.
1881 4807 1909 4837 »
1930 4787 1975 4843 Ο
1996 4801 2182 4858 quam

633 4882 794 4940 mala
817 4880 1012 4954 portio
1028 4924 1048 4952 ,
1081 4896 1265 4953 quam
1290 4878 1452 4937 mala
1478 4878 1766 4953 portionis
1790 4879 2023 4952 petitio!
2064 4876 2182 4935 Ah-

637 4975 863 5033 dicatur
890 4975 1051 5032 enim
1077 4974 1309 5032 bonum
1335 4977 1722 5047 perpetuum',
1754 4980 1811 5031 et
1834 4971 2183 5029 vendicatur

636 5068 866 5127 bonum
885 5068 1305 5126 transitorium.
1325 5068 1460 5124 Tale
1479 5067 1707 5125 bonum
1727 5065 2022 5141 peccatori
2046 5081 2184 5123 con-

636 5160 828 5233 tingit,
857 5160 1001 5234 quia
1028 5161 1176 5218 dum
1198 5161 1346 5219 boui
1381 5160 1700 5218 transitorii
1726 5160 2068 5218 fruitionem
2097 5163 2185 5216 at-

639 5255 838 5328 tingit,
864 5254 943 5311 ad
967 5254 1308 5313 fruitionem
1334 5254 1482 5313 boni
1521 5253 1790 5328 perpetui
1816 5270 1940 5312 non
1966 5253 2187 5327 pertin-

714 5454 730 5489 ¹
757 5452 939 5517 Eccle.,
969 5464 1016 5517 1,
1049 5456 1126 5507 ¹5.
1159 5478 1219 5492 --
1248 5454 1266 5484 ²
1303 5452 1488 5512 Eccle„
1514 5464 1615 5518 vix,
1648 5456 1697 5504 6.
1725 5477 1789 5493 -
1818 5451 2012 5516 ⁸1bid.,
2048 5457 2094 5503 4.
2124 5476 2185 5490 -

1648 497 2067 566 EXPOSITIO
2111 500 2191 568 IN
2232 493 2764 567 PSALTERIUM.

2269 637 2370 711 git.
2403 639 2536 695 Haec
2563 652 2708 710 ergo
2734 635 3219 695 adolescentioris
3241 634 3445 711 petitio
3472 639 3581 707 est,
3605 651 3816 710 pecca-

2266 732 2410 791 toris
2428 733 2658 790 aversio
2673 731 2751 788 ab
2768 728 3239 789 incommutabili
3250 729 3436 787 bono.
3454 732 3531 787 De
3548 731 3813 789 secundo

2268 826 2543 884 scribitur
2580 825 2805 883 eisdem
2846 825 3001 883 libro
3047 830 3102 881 et
3147 823 3404 897 capitulo
3428 824 3488 881 ⁸:
3525 825 3811 896 (Adoles-

2270 920 2493 977 centior
2516 919 2713 991 filius)
2748 938 2777 972 α
2804 933 3049 991 peregre
3075 916 3372 992 profectus
3411 921 3498 974 est
3531 918 3594 975 in
3620 918 3814 990 regio-

2268 1029 2410 1071 nem
2434 1013 2847 1086 longinquam.
2867 1033 2895 1066 1·
2919 1013 2964 1070 O
2988 1027 3173 1084 quam
3196 1011 3359 1069 mala
3384 1013 3807 1085 peregrinatio!

2271 1108 2316 1165 Ο
2345 1123 2526 1180 quam
2551 1106 2713 1164 mala
2738 1105 3054 1179 profectio!
3086 1104 3210 1162 imo
3230 1105 3429 1162 verius
3457 1104 3734 1164 defectio!
3766 1110 3813 1163 0

2272 1217 2457 1275 quam
2483 1199 2814 1273 longinqua
2838 1199 3024 1270 regio,
3047 1213 3170 1254 non
3196 1198 3425 1268 locali5‚
3443 1199 3550 1256 sed
3567 1200 3816 1258 moralis

2273 1294 2592 1367 elongatio,
2622 1310 2742 1368 qua
2769 1292 2944 1350 distat
2966 1309 3003 1348 a
3026 1291 3467 1366 pulchritudine
3490 1293 3819 1366 turpitudO,

2273 1404 2311 1447 a
2338 1388 2542 1446 divina
2566 1387 2949 1445 similitudine
2978 1386 3421 1445 dissimilitudo!
3452 1389 3581 1444 Hoec
3617 1387 3818 1460 itaque

2271 1482 2584 1557 peregrina
2629 1479 3112 1539 adolescentioris
3144 1479 3431 1554 profectio
3476 1484 3563 1538 est
3604 1496 3822 1554 pecca-

2273 1576 2418 1634 toris
2471 1576 2551 1634 ad
2606 1574 3029 1633 commutabile
3074 1574 3306 1633 bonum
3360 1574 3685 1634 conversio.
3737 1578 3818 1635 De

2274 1671 2445 1729 tertio
2464 1669 2517 1728 ⁶:
2555 1690 2585 1724 α
2627 1668 3133 1729 Adolescentiores
3160 1670 3374 1727 viduas
3411 1669 3607 1728 devita
3622 1690 3641 1742 3
3680 1686 3823 1727 cum

2277 1765 2438 1822 enim
2475 1763 2783 1822 luxuriatae
2819 1763 3035 1820 suerint
3075 1764 3140 1820 in
3167 1763 3424 1834 Christo,
3461 1765 3687 1822 nubere
3714 1781 3823 1823 vo-

2275 1860 2445 1930 lunt,
2504 1859 2792 1917 habentes
2846 1858 3325 1933 damnationem,
3382 1859 3526 1933 quia
3566 1861 3825 1934 primam

2276 1952 2463 2010 fidem
2496 1952 2722 2010 irritam
2755 1951 3057 2011 fecerunt:
3088 1974 3119 2008 »
3148 1970 3218 2011 ac
3251 1954 3300 2010 si
3333 1959 3535 2028 aperte
3564 1954 3820 2012 diceret:

2284 2065 2313 2100 α
2339 2047 2559 2104 Viduas
2586 2046 3106 2118 adolescentioreS,
3138 2065 3169 2103 ι
3193 2047 3415 2105 scilicet
3432 2052 3721 2122 quantum
3746 2049 3827 2105 ad

2277 2147 2528 2214 oetatem,
2546 2162 2576 2196 α
2592 2141 2819 2214 devita,
2846 2164 2873 2196 »ι
2902 2142 3120 2200 scilicet
3146 2148 3388 2216 propter
3411 2142 3823 2200 lubricitatem.

2285 2257 2315 2291 <t
2341 2239 2492 2294 Cum
2519 2236 2682 2294 enirn
2708 2237 3017 2295 luxuriatae
3049 2236 3267 2295 fuerint
3300 2237 3364 2293 in
3388 2237 3632 2307 Christo,
3659 2255 3692 2291 n
3719 2237 3829 2294 sci-

2278 2333 2417 2390 licet
2432 2335 2724 2406 quantum
2745 2331 2826 2389 ad
2844 2331 3232 2401 voluntatem,
3257 2332 3519 2389 «nubere
3542 2331 3770 2401 volunt,
3796 2353 3824 2384 ι»

2278 2426 2501 2484 scilicet
2554 2430 2844 2500 quantum
2887 2426 2968 2483 ad
3025 2426 3421 2500 voluptatem,
3470 2444 3502 2478 a
3544 2425 3827 2483 babentes

2283 2520 2727 2578 damnationem
2770 2541 2799 2576 »
2833 2523 3075 2595 propter
3113 2520 3581 2593 instabilitatem3
3628 2519 3828 2594 «quia

2279 2616 2538 2689 primam
2580 2615 2765 2673 fidem
2800 2615 3023 2673 irritam
3055 2615 3328 2686 {fecerunt
3362 2635 3391 2670 ι
3420 2619 3663 2689 propter
3695 2630 3833 2688 pec-

2283 2708 2458 2768 candi
2484 2710 2860 2784 pronitatem.

2514 2943 2520 2949 ⁵
2795 2867 3083 2924 Articulus
3121 2870 3334 2925 tertius.

2354 2992 2445 3051 Ad
2469 2991 2703 3050 tertium
2730 2994 2983 3065 spectat,
3010 2991 3181 3065 quod
3205 2992 3407 3050 subdit
3429 2995 3625 3050 :Viam
3649 3010 3824 3051 suam.

2283 3086 2389 3143 Via
2429 3084 2914 3143 adolescentioris
2959 3088 3046 3142 est
3088 3085 3267 3160 culpa
3301 3087 3656 3160 peccatoriS‚
3697 3104 3830 3162 quse
3919 3107 4080 3150 9000..

2282 3181 2635 3255 proponitur
2673 3178 2903 3253 pudore
2933 3178 3333 3238 confessionis,
3364 3183 3432 3237 Et
3462 3186 3635 3251 nota,
3661 3183 3829 3255 quod
3856 3169 4078 3285 {33⁸}st

2283 3273 2607 3348 peccatoris
2644 3273 2744 3330 via
2776 3275 2863 3330 est
2898 3274 3242 3345 tenebrosa,
3278 3274 3545 3345 lubrica,
3582 3280 3640 3332 et
3676 3275 3827 3348 lapi-

2285 3366 2433 3426 dosa
2449 3388 2468 3440 3
2510 3366 2824 3424 tenebrosa
2866 3365 3079 3424 dicitur
3119 3372 3362 3442 propter
3398 3368 3826 3441 ignorantiam3

2283 3465 2534 3535 lubrica,
2561 3460 3298 3539 propter'immunditiam3
3328 3464 3620 3538 lapidosa.
3651 3481 3831 3540 prop-

2283 3564 2370 3617 ter
2386 3558 2582 3616 cordis
2600 3557 2899 3628 duritiam,
2914 3571 3018 3614 seu
3037 3557 3442 3631 pertinaciam.
3465 3561 3543 3615 De
3566 3559 3759 3632 primo
3774 3562 3826 3615 ⁷:

2291 3671 2323 3706 α
2346 3653 2453 3710 Via
2490 3650 2813 3725 impiorum
2850 3650 3201 3709 tenebrosa:
3244 3651 3514 3709 nesciunt
3552 3652 3658 3709 ubi
3699 3668 3831 3709 cor-

2284 3749 2477 3804 ruant.
2511 3764 2540 3799 »
2571 3743 2903 3802 Tenebrosa
2945 3743 3161 3802 dicitur
3197 3751 3442 3818 propter
3484 3745 3832 3818 impruden·

2285 3840 2458 3910 tlam5
2502 3838 2611 3896 sed
2650 3858 2681 3892 ι
2719 3837 2988 3895 nesciunt
3029 3837 3137 3894 ubi
3178 3842 3488 3910 corruant,
3533 3859 3561 3893 n
3591 3842 3834 3913 propter

2285 3932 2649 4007 injustitiam.
2696 3934 2775 3990 De
2825 3929 3090 3989 secundo
3133 3932 3203 3988 ⁸:
3257 3953 3286 3984 «
3324 3931 3432 3989 Via
3473 3947 3683 3990 corum
3726 3933 3834 3991 erit

2288 4026 2457 4101 quasi
2494 4025 2798 4084 lubricum
2831 4025 2896 4081 in
2932 4024 3207 4082 tenebriS.
3236 4046 3265 4078 ι)
3301 4027 3380 4082 De
3409 4028 3661 4099 utroque
3688 4041 3833 4083 vero

2289 4120 2502 4179 dicitur
2526 4122 2548 4156 ⁹
2574 4138 2588 4176 :
2625 4140 2656 4174 ιι
2683 4119 2807 4177 Fiat
2839 4119 2940 4176 via
2979 4118 3221 4176 illorum
3259 4118 3517 4177 tenebrae
3557 4121 3618 4176 et
3648 4118 3835 4176 lubri-

2288 4232 2446 4274 cum.
2487 4237 2516 4268 ι»
2564 4215 2809 4272 Tenebrae
2844 4216 3110 4287 spectant
3142 4211 3222 4270 ad
3257 4211 3689 4285 ignorantiam3
3727 4214 3832 4272 sed

2289 4312 2550 4368 lubricum
2590 4309 2671 4367 ad
2710 4306 3172 4366 immunditiam.
3215 4309 3292 4363 De
3337 4308 3503 4364 tertio
3546 4306 3588 4342 ¹⁰
3620 4325 3635 4363 :
3677 4307 3835 4364 «Via

2286 4404 2655 4478 peccantium
2687 4403 3068 4476 complanata
3093 4405 3181 4459 est
3204 4399 3538 4474 lapidibus,
3579 4404 3636 4458 ct
3671 4400 3735 4458 in
3760 4402 3832 4457 fi-

2287 4514 2428 4555 nem
2455 4496 2696 4556 illorum
2723 4495 2917 4564 inferi,
2946 4500 3004 4553 et
3026 4495 3305 4564 tenebrae,
3333 4497 3391 4552 et
3407 4510 3618 4569 poeuae.
3640 4517 3668 4550 ιο
3685 4497 3836 4564 Quo-

2288 4609 2424 4650 rum
2459 4592 2720 4666 primum
2753 4590 3003 4663 pertinet
3033 4588 3114 4645 ad
3142 4589 3417 4661 culpam,
3445 4588 3665 4646 scilicet
3698 4604 3834 4661 per·-

2290 4685 2569 4743 tinaciam
2590 4705 2609 4757 3
2653 4682 2983 4741 secundum
3031 4682 3113 4739 ad
3151 4698 3435 4756 poenam:
3480 4697 3625 4739 nam
3666 4683 3837 4750 infert·

2291 4784 2556 4855 spectant
2576 4778 2655 4836 ad
2679 4793 2924 4852 poenam
2950 4775 3337 4846 exteriorem,
3378 4792 3513 4849 quae
3539 4778 3626 4833 est
3660 4790 3838 4848 poena

2291 4874 2445 4948 ignis
2462 4893 2479 4946 ;
2511 4874 2739 4930 tenebra:
2766 4871 2846 4929 ad
2888 4886 3129 4944 poenam
3167 4870 3564 4943 superiorem,
3596 4885 3728 4943 quae
3752 4873 3839 4925 est

2290 4984 2470 5043 poena
2526 4965 2764 5035 damni,
2818 4981 2924 5022 seu
2976 4964 3237 5022 carentia
3289 4964 3506 5022 divinae
3556 4962 3835 5034 visionis3

2293 5080 2461 5136 poenoe
2504 5077 2649 5120 vero
2690 5060 2770 5119 ad
2800 5075 3039 5134 poenam
3068 5060 3441 5130 interiorem,
3469 5075 3604 5133 qua:
3628 5058 3839 5116 dicitur

2293 5171 2472 5232 poena
2496 5154 2737 5213 vermis,

2298 5305 2316 5333 ⁴
2341 5305 2475 5359 Luc..
2504 5314 2595 5365 xv,
2627 5305 2701 5351 12.
2738 5329 2801 5340 -
2838 5304 2857 5332 ⁵
2898 5301 3043 5365 ibid„
3076 5306 3153 5353 13.
3182 5328 3244 5339 -
3271 5304 3291 5332 ⁶
3323 5303 3336 5351 1
3372 5302 3517 5363 Tim„
3553 5312 3601 5363 v,
3646 5303 3723 5363 11,
3758 5304 3837 5349 12.

2295 5402 2360 5414 -
2397 5378 2413 5406 ⁷
2447 5377 2614 5437 Pron„
2653 5386 2723 5431 w.
2761 5377 2842 5425 19.
2877 5400 2934 5411 -·
2967 5376 2987 5403 ⁸
3016 5374 3221 5438 lev-em„
3258 5385 3421 5436 xxm,
3456 5378 3533 5424 12.
3564 5395 3618 5409 -
3650 5378 3670 5403 ⁹
3697 5374 3836 5422 Psal.

2296 5459 2475 5500 xxxiv.
2502 5451 2554 5498 6.
2581 5472 2644 5485 -
2677 5448 2723 5482 ¹⁰
2746 5444 2927 5511 Eccli„
2956 5458 3066 5510 xm,
3100 5450 3175 5497 11.
