4196 6294
1353 485 1437 553 IN
1478 483 2045 553 HEXAEMERON.
2088 484 2353 551 SERMO
2393 484 2529 553 Vll.
3463 493 3545 555 67

346 628 745 709 nonpotest,
774 624 1169 709 quaeamitti
1194 627 1435 708 Μὴ
1472 624 1895 708 perfectapax

350 752 469 800 non
492 738 615 812 est,
643 733 780 798 nisi
800 734 876 798 111
898 733 1207 799 reunione
1229 732 1516 815 corporis
1536 736 1602 797 et
1621 732 1888 810 animae3

354 845 407 905 et
428 841 552 906 hoc
577 844 677 905 est
720 845 1003 907 certum.
1048 838 1112 906 Si
1140 841 1310 906 enim
1341 841 1559 906 anima
1582 841 1894 905 essentia-

356 948 472 1014 lem
509 949 1003 1015 inclinationem
1053 950 1245 1014 habet
1287 950 1369 1014 ad
1409 966 1641 1032 corpus
1657 999 1673 1030 ,
1721 967 1889 1013 nun-

359 1076 545 1141 quam
568 1058 793 1121 anima
812 1058 1000 1141 plene
1021 1056 1361 1140 quietatur,
1384 1056 1507 1120 nisi
1529 1056 1647 1120 sibi
1666 1074 1895 1139 corpus

359 1166 676 1231 reddatur.
726 1164 1105 1247 Philosophi
1149 1169 1368 1229 autem
1427 1165 1896 1246 ignoraverunt

361 1281 590 1338 certam
611 1274 1058 1338 aeternitatem.
1078 1271 1434 1338 Posuerunt
1450 1272 1623 1337 enim
1642 1277 1704 1336 et
1716 1272 1891 1355 ipsi¹,

359 1382 523 1464 quod
560 1382 783 1445 anima
826 1381 1201 1445 ascendebat
1232 1399 1350 1462 per
1394 1379 1851 1462 Capricornum
1872 1427 1892 1457 ,

359 1494 413 1554 et
438 1489 861 1554 descendebat
905 1507 1019 1571 per
1044 1487 1356 1552 Cancrum
1370 1536 1388 1568 ,
1417 1486 1647 1552 deinde
1682 1491 1892 1550 trans-

357 1598 489 1661 iens
514 1615 633 1679 per
661 1595 964 1661 Lacteum
991 1595 1311 1660 Circulum
1331 1642 1349 1672 ,
1386 1612 1585 1677 quem
1625 1611 1744 1658 nos
1773 1592 1898 1657 Ga-

356 1702 593 1767 laxiam
621 1721 947 1782 vocamus,
995 1703 1488 1768 obliviscebatur
1529 1720 1676 1785 quae
1708 1719 1900 1784 supe-

355 1811 488 1875 rius
532 1811 804 1890 flebant,
860 1813 926 1875 et
965 1812 1312 1876 uniebatur
1359 1810 1612 1892 corpori
1664 1809 1898 1873 misero

353 1919 471 1983 sibi
500 1922 717 2002 aptato
731 1968 753 1999 ,
797 1937 1135 2003 quousque
1180 1920 1418 1983 iterum
1462 1917 1753 2000 superius
1794 1935 1895 1981 re-

357 2028 541 2093 diret.
574 2027 729 2093 Haee
754 2033 970 2092 autem
1006 2032 1103 2092 est
1140 2027 1301 2091 falsa
1326 2026 1653 2097 beatitudo
1670 2074 1689 2104 ,
1733 2024 1902 2089 scili-

361 2143 458 2202 cet
482 2137 658 2220 quod
683 2137 901 2201 anima
926 2140 1089 2200 esset
1110 2136 1177 2200 in
1199 2134 1609 2214 beatitudine,
1643 2137 1708 2198 et
1733 2137 1904 2216 post-

355 2264 432 2311 ea
450 2248 901 2310 reverteretur.
935 2243 1162 2308 Pacem
1184 2244 1378 2308 etiam
1398 2243 1737 2325 perfectam
1768 2259 1901 2306 non

354 2355 827 2435 cognoverunt,
874 2353 1028 2434 quia
1071 2370 1205 2416 non
1247 2353 1694 2433 cognoverunt
1727 2350 1900 2432 quod

350 2461 637 2526 mundus
691 2459 956 2523 haberet
1008 2458 1204 2523 finem
1235 2509 1252 2536 ,
1305 2463 1368 2523 et
1422 2458 1595 2541 quod
1638 2474 1903 2540 corpora

350 2568 749 2651 pulverizata
765 2570 1136 2647 resurgant.
1160 2565 1288 2631 Nec
1305 2567 1567 2644 mirum,
1590 2565 1742 2648 quia
1764 2565 1903 2629 haec

352 2695 481 2741 non
490 2680 678 2740 erant
693 2673 1169 2755 investigabilia
1180 2673 1534 2737 secundum
1547 2673 1901 2754 potentiam

352 2784 617 2848 rationis
662 2805 678 2846 ι
734 2783 895 2846 ratio
956 2784 1174 2846 autem
1216 2799 1351 2845 non
1410 2783 1615 2863 potest
1659 2781 1740 2845 ad
1779 2781 1902 2846 boc

352 2891 686 2974 pervenire
704 2940 721 2970 ,
776 2893 853 2953 ut
903 2906 1169 2971 corpora
1207 2891 1552 2969 resurgant
1569 2936 1590 2967 ‚
1652 2891 1728 2951 ut
1772 2888 1901 2952 ele-

354 2999 571 3060 menta
592 2993 919 3059 contraria
937 2993 1181 3076 possint
1193 2991 1525 3056 conciliata
1543 2992 1633 3056 sic
1654 2992 1725 3056 in
1742 2992 1902 3058 coelo

358 3104 492 3169 siue
528 3102 882 3169 reflexione
930 3118 1328 3185 permanere.
1380 3099 1436 3166 N
1437 3118 1523 3166 on
1549 3100 1905 3166 referebant

361 3232 515 3296 ergo
564 3211 649 3276 ad
683 3210 863 3275 illam
891 3210 1124 3286 vitam,
1162 3209 1272 3273 sed
1310 3209 1379 3273 in
1422 3209 1698 3273 abeunte
1733 3227 1902 3292 qua-

364 3321 508 3385 dam
544 3317 958 3384 circulatione
993 3317 1314 3400 ponebant
1350 3317 1657 3381 animam.
1701 3315 1897 3397 Igno-

364 3429 585 3492 rabant
624 3443 784 3508 ergo
827 3424 1055 3505 fidem,
1101 3425 1240 3489 sine
1286 3444 1416 3508 qua
1458 3424 1731 3489 virtutes
1769 3443 1902 3489 non

369 3536 574 3600 valent
592 3583 612 3614 ‚
662 3538 742 3599 ut
785 3532 939 3597 dicit
1001 3531 1407 3614 Augustinus
1442 3534 1466 3568 ¹
1500 3532 1570 3595 in
1612 3531 1776 3597 libro
1825 3532 1904 3599 de

383 3647 706 3712 Irinitate.
738 3640 1029 3707 Secundo
1067 3643 1314 3723 oportet
1342 3639 1610 3705 affectus
1642 3639 1898 3705 ordina-

379 3756 470 3816 tos
510 3752 857 3817 rectificare
899 3765 1016 3830 per
1069 3747 1338 3812 virtutes
1390 3747 1565 3812 istas.
1619 3746 1904 3812 Affectus

379 3864 578 3925 autem
602 3863 886 3943 quatuor
927 3859 1078 3920 sunt
1091 3903 1111 3934 ,
1158 3854 1395 3919 scilicet
1420 3855 1640 3936 timor,
1690 3854 1898 3934 dolor,

381 3970 582 4036 laetitia
602 4021 624 4052 ,
672 3974 737 4035 et
783 3967 1039 4033 fiducia.
1085 3964 1196 4031 Isti
1236 3969 1457 4031 autem
1496 3984 1628 4031 non
1665 3968 1898 4032 rectifi-

380 4084 610 4159 cantur,
638 4078 771 4142 nisi
796 4076 880 4140 sit
904 4077 1098 4139 timor
1132 4078 1421 4156 sanctus,
1445 4074 1627 4140 dolor
1646 4078 1860 4157 justus
1877 4125 1900 4156 ,

381 4186 586 4253 laetitia
613 4205 798 4266 vera,
828 4184 1065 4250 fiducia
1099 4187 1295 4248 certa.
1341 4181 1409 4248 Si
1439 4186 1657 4248 autem
1697 4184 1778 4247 sit
1819 4184 1902 4248 ti-

381 4311 511 4359 mor
533 4294 867 4378 superbus,
899 4291 1078 4357 dolor
1096 4290 1400 4374 injustus,
1420 4288 1640 4354 laetitia
1664 4291 1900 4372 inepta,

378 4402 597 4468 fiducia
645 4403 1191 4486 praesumptuosa,
1249 4403 1407 4463 tunc
1452 4398 1716 4464 affectus
1756 4403 1907 4463 sunt

381 4507 631 4592 obliqui.
661 4508 944 4574 Virtutes
978 4509 1198 4570 autem
1225 4505 1363 4570 istae
1404 4524 1520 4588 per
1551 4522 1621 4569 se
1668 4505 1903 4569 rectifi-

382 4618 499 4679 cari
520 4635 648 4681 non
677 4618 965 4699 possunt.
1005 4612 1271 4679 Fiducia
1295 4614 1466 4679 enim
1485 4663 1507 4694 ,
1556 4613 1693 4677 sive
1720 4630 1863 4695 spes
1885 4662 1902 4692 ,

384 4725 471 4785 est
506 4722 580 4787 de
614 4723 740 4787 hoc
778 4721 951 4805 quod
991 4739 1125 4785 non
1164 4720 1442 4799 videtur,
1487 4723 1562 4784 ut
1598 4720 1677 4785 de
1722 4720 1909 4784 beata

386 4829 523 4895 vita.
551 4830 741 4896 Beata
764 4832 986 4895 autem
1024 4828 1160 4891 vita
1191 4846 1324 4892 non
1358 4825 1571 4908 datur,
1604 4827 1726 4892 nisi
1754 4828 1909 4909 dig-

388 4936 476 4999 nis
505 4956 521 5001 1
557 4938 799 5021 dignus
844 4940 1060 5001 autem
1094 4935 1316 5000 nullus
1351 4937 1479 5014 est,
1520 4935 1644 4999 nisi
1678 4935 1910 4999 babeat

387 5045 593 5108 merita
625 5043 1034 5110 sufficientia.
1071 5040 1226 5105 Haec
1248 5059 1365 5123 per
1389 5042 1562 5106 vires
1592 5041 1774 5106 liberi
1800 5060 1905 5106 ar-

390 5147 544 5216 bitrii
581 5152 803 5217 haberi
839 5168 975 5216 non
1011 5151 1317 5233 possunt,
1353 5148 1478 5212 nisi
1504 5165 1620 5231 per
1652 5149 1912 5214 condes-

2006 622 2348 705 condignae
2371 621 2697 705 passiones
2713 622 2918 705 hujus
2937 621 3246 706 temporis
3267 624 3351 690 ad
3374 624 3546 692 futu·

2005 748 2148 794 ram
2208 730 2513 812 gloriam,
2574 751 2607 791 »
2651 728 2862 813 inquit
2915 729 3275 814 Apostolus.
3331 734 3543 800 Tertio

2005 840 2253 919 oportet
2306 837 2570 902 affectus
2624 838 2862 917 sanari,
2923 842 2995 903 ut
3045 838 3479 906 rectificentur
3524 865 3540 909 :

2003 964 2136 1011 non
2179 948 2441 1009 sanatur
2483 949 2703 1010 autem
2738 945 2968 1028 aliquis
2981 993 3003 1025 ,
3040 945 3164 1010 nisi
3202 955 3547 1030 cognoscat

2005 1053 2330 1134 morbum,
2373 1057 2437 1118 et
2487 1070 2781 1132 causam,
2826 1053 3146 1118 medicum
3188 1059 3254 1119 et
3296 1058 3548 1123 medici-

2004 1179 2179 1225 nam.
2206 1160 2464 1227 Morbus
2488 1166 2704 1227 autem
2731 1164 2826 1225 est
2853 1160 3220 1243 depravatio
3242 1163 3543 1233 affectus:

2006 1267 2114 1333 hic
2155 1274 2251 1333 est
2293 1274 2510 1335 autem
2555 1268 2985 1353 quadrupleX,
3036 1269 3189 1351 quia
3230 1274 3549 1339 contrahit

2006 1375 2254 1455 anima,
2293 1395 2376 1441 ex
2411 1376 2855 1458 conjunctione
2888 1376 3123 1441 animae
3163 1376 3246 1443 ad
3291 1398 3542 1464 corpus,

2007 1483 2470 1564 infirmitatem,
2493 1485 2949 1566 ignorantiam,
2970 1485 3302 1567 malitiam,
3320 1493 3383 1552 et
3401 1507 3550 1554 con-

2008 1596 2498 1678 cupiscentiam;
2546 1615 2629 1661 ex
2663 1595 2899 1678 quibus
2937 1594 3220 1661 inficitur
3262 1596 3550 1664 intellec-

2007 1702 2163 1778 tiva,
2195 1702 2496 1781 amative,
2526 1702 2894 1785 operativa:
2927 1706 2991 1766 et
3014 1705 3169 1767 tunc
3195 1704 3430 1770 infecta
3452 1715 3549 1772 est

2010 1813 2141 1873 tota
2167 1810 2402 1873 anima.
2438 1809 2565 1873 Has
2599 1810 2863 1875 omnino
2894 1829 3024 1875 non
3051 1811 3543 1898 ignoraverunt,

2008 1935 2128 1981 nec
2162 1916 2485 1981 sciverunt
2509 1916 2772 1982 omnino
2808 1940 2823 1981 z
2855 1918 3155 1983 videbant
3185 1920 3305 1985 bos
3342 1922 3551 1988 defec-

2011 2025 2146 2102 tuS,
2193 2024 2302 2087 sed
2349 2025 2690 2089 credebant
2736 2042 2845 2089 eos
2883 2043 3019 2089 esse
3063 2027 3134 2091 in
3178 2028 3546 2111 phantasia,

2008 2147 2144 2194 non
2198 2132 2269 2193 in
2339 2131 2639 2213 potentiis
2697 2131 3129 2198 interioribus,
3201 2134 3551 2203 Credebant

2010 2238 2182 2303 enim
2199 2287 2215 2318 ,
2264 2239 2437 2320 quod
2481 2239 2649 2303 sicut
2692 2238 2946 2321 sphaera
2993 2245 3290 2308 movetur
3329 2249 3554 2312 contra

2013 2345 2335 2429 sphaeram
2350 2394 2368 2425 ,
2401 2347 2490 2409 sic
2514 2345 2856 2428 phantasia
2884 2354 3173 2414 moveret
3198 2356 3261 2415 et
3285 2352 3551 2420 inclina-

2010 2458 2111 2518 ret
2147 2453 2227 2517 ad
2262 2454 2578 2517 exteriora
2593 2502 2610 2533 ,
2644 2454 2754 2518 sed
2792 2455 3146 2520 intellectus
3175 2461 3554 2528 naturaliter

2011 2561 2094 2628 ad
2147 2562 2517 2643 superiora;
2569 2565 2633 2625 et
2680 2564 2900 2625 tamen
2954 2562 3197 2645 decepti
3255 2566 3549 2649 fuerunt,

2011 2674 2164 2757 quia
2189 2673 2295 2737 hae
2326 2672 2730 2736 infirmitates
2758 2671 2829 2734 in
2854 2676 3033 2755 parte
3057 2674 3350 2739 rationali
3374 2686 3549 2761 sunt,

2010 2778 2415 2859 intellectiva,
2448 2780 2749 2858 amativa,
2779 2780 3130 2862 operativa,
3162 2800 3295 2847 non
3323 2785 3393 2853 111
3419 2787 3555 2854 sola

2011 2889 2315 2954 sensitiva
2356 2907 2373 2952 :
2419 2889 2650 2953 idcirco
2702 2891 2854 2953 sunt
2905 2889 3155 2955 infectae
3215 2910 3422 2975 usque
3474 2895 3555 2959 ad

2011 2997 2381 3063 medullam.
2431 2998 2726 3063 Morbum
2767 2997 3160 3079 nescierunt,
3200 3001 3355 3082 quia
3398 3020 3555 3067 cau-

2011 3124 2151 3170 sam
2197 3106 2684 3189 ignoraverunt.
2734 3105 3105 3172 Secundum
3157 3109 3329 3174 enim
3377 3113 3552 3194 quod

2010 3214 2230 3279 dicunt
2261 3214 2653 3297 philosophi,
2687 3216 2903 3279 anima
2930 3218 3303 3283 naturaliter
3328 3222 3555 3287 unitur

2010 3321 2259 3404 corpori
2276 3370 2293 3402 ,
2341 3325 2405 3386 et
2448 3340 2580 3387 non
2621 3323 2938 3388 contrahit
2982 3327 3319 3405 morbum3
3367 3328 3554 3398 aliter

2010 3428 2178 3495 Deus
2220 3447 2324 3494 res
2366 3429 2730 3512 dissiparet,
2770 3449 2902 3495 non
2942 3439 3367 3499 conservaret.
3418 3436 3552 3502 Hoc

2008 3541 2226 3603 tamen
2271 3539 2346 3602 fit
2383 3556 2498 3622 per
2542 3537 2795 3621 culpam
2839 3557 2880 3602 a
2921 3542 3271 3624 principio,
3317 3543 3551 3611 scilicet

2010 3644 2317 3725 originali
2343 3649 2597 3727 peccato
2624 3644 2852 3710 Adam.
2884 3645 3018 3711 Hoc
3041 3652 3292 3729 autem,
3321 3651 3555 3717 scilicet

2010 3753 2183 3835 quod
2222 3753 2428 3818 Adam
2467 3754 2739 3818 comedit
2776 3753 3037 3835 lignum
3086 3757 3390 3836 vetitum,
3438 3778 3555 3843 per

2008 3859 2324 3925 rationem
2351 3861 2499 3924 sciri
2524 3879 2656 3925 non
2682 3865 2908 3944 potest,
2931 3863 3058 3926 nisi
3077 3881 3192 3946 per
3216 3865 3547 3934 auditum:

2008 3972 2073 4032 et
2098 3968 2240 4033 ideo
2265 3968 2425 4033 fides
2451 3969 2807 4033 necessaria
2830 3972 2947 4034 est.
2978 3970 3077 4034 Ad
3106 3988 3364 4036 causam
3391 3991 3550 4056 ergo

2010 4076 2221 4140 morbi
2270 4094 2402 4139 non
2446 4080 2798 4154 venerunt,
2845 4078 3001 4160 quia
3043 4078 3368 4161 prophetis
3419 4097 3550 4146 non

2011 4184 2439 4263 crediderunt,
2469 4188 2546 4248 ut
2573 4183 2726 4249 dicit
2750 4184 3159 4266 Augustinus
3188 4186 3230 4250 ⁴.
3264 4186 3359 4251 Illi
3389 4206 3553 4269 gen-

1968 4313 1975 4321 ·
2010 4292 2176 4356 tium
2202 4291 2564 4376 philosophi
2594 4292 2923 4375 praecipui,
2958 4293 3069 4375 qui
3091 4293 3113 4329 ⁸
3146 4317 3178 4355 α
3205 4295 3553 4361 invisibilia

2011 4398 2123 4463 Dei
2149 4417 2264 4481 per
2288 4416 2366 4463 ea
2392 4417 2540 4481 quae
2566 4399 2728 4463 facta
2758 4405 2933 4477 sunt,
2966 4399 3285 4465 intellecta
3310 4403 3554 4485 conspi-

2011 4525 2157 4571 cere
2190 4528 2223 4567 »
2271 4509 2618 4589 potuerunt
2634 4552 2651 4584 ,
2691 4510 2903 4571 tamen
2950 4508 3102 4590 quia
3141 4507 3280 4574 sine
3316 4508 3552 4581 Media-

2012 4619 2185 4694 tore,
2234 4612 2298 4676 id
2338 4618 2465 4693 est,
2504 4613 2643 4677 sine
2691 4612 2952 4677 homine
2994 4613 3238 4679 Christo
3278 4616 3555 4698 philoso-

2013 4721 2192 4803 phati
2219 4723 2401 4800 sunt,
2433 4739 2625 4803 quem
2668 4739 2785 4784 nec
2824 4725 3173 4785 venturum
3206 4722 3552 4804 propbetiS,

2016 4846 2135 4892 nec
2185 4828 2436 4894 venisse
2486 4827 2782 4911 apostolis
2834 4829 3239 4895 crediderunt
3254 4877 3272 4907 ,
3329 4852 3360 4891 α
3400 4833 3560 4896 veri-

2014 4938 2213 4999 tatem
2260 4935 2673 5000 detinuerunt
2714 4941 2737 4978 ⁶
2789 4936 2858 4999 in
2912 4936 3268 5018 iniquitate.
3321 4958 3353 4998 n
3403 4937 3562 5003 Item

2016 5042 2337 5106 medicum
2359 5060 2491 5105 non
2508 5046 2954 5124 cognoverunt
2974 5062 2992 5106 ε
3013 5061 3163 5108 cum
3182 5045 3357 5109 enim
3381 5064 3560 5112 mor·
3631 5129 3637 5134 Ι

2016 5151 2142 5215 bus
2175 5149 2365 5214 fuerit
2399 5167 2483 5214 ex
2519 5149 2788 5214 crimine
2815 5149 2986 5215 laesae
3023 5152 3404 5234 majestatis,
3433 5172 3557 5237 pu-

394 5259 727 5325 censionem
772 5257 883 5323 Dei
926 5274 1041 5340 per
1088 5254 1389 5336 gratiam.
1437 5255 1460 5291 ⁸
1499 5278 1532 5317 α
1575 5253 1717 5322 Non
1760 5257 1915 5320 sunt
2020 5257 2183 5322 nitio
2230 5255 2449 5322 debuit
2488 5274 2624 5322 esse
2667 5257 3074 5339 gravissima.
3123 5258 3349 5326 Nullus
3397 5278 3558 5345 ergo

452 5421 733 5487 ’Μαι-1011,
758 5424 931 5473 Somn.
960 5419 1119 5482 Seip„
1146 5415 1236 5467 lib.
1272 5418 1313 5480 l,
1344 5433 1389 5470 c.
1417 5429 1514 5470 ιιι.
1543 5445 1597 5455 -
1626 5418 1645 5449 ²
1675 5420 1828 5483 Aug„
1853 5416 1915 5466 de
2024 5413 2103 5461 ¹8.
2132 5435 2194 5449 -
2220 5411 2238 5442 ⁴
2257 5413 2409 5475 Aug„
2435 5410 2495 5461 de
2525 5411 2682 5472 Tria„
2709 5411 2798 5464 lib.
2830 5412 2966 5478 xlll,
2992 5429 3040 5465 c.
3067 5426 3180 5466 xlx.
3205 5441 3265 5456 —
3292 5416 3310 5446 ⁸
3339 5415 3497 5478 Rom„
3523 5428 3564 5480 1,

401 5487 580 5560 rn’na't„
604 5496 696 5547 lib.
725 5496 866 5557 lull,
892 5507 941 5544 c.
969 5502 1068 5553 ¹¹3
1096 5489 1186 5539 lib.
1206 5489 1340 5554 xlv,
1359 5504 1408 5541 c.
1433 5503 1551 5543 1.-
1573 5491 1593 5524 ⁸
1612 5491 1773 5554 Rom„
1802 5501 1916 5553 vm,

2023 5486 2186 5534 20.—
2213 5483 2233 5513 ⁸
2258 5483 2405 5546 ibid„
2436 5484 2512 5533 18.
