4196 6294
734 415 851 476 510
1700 495 1709 503 ·
1776 408 2190 476 EXPOSITIO
2235 408 2318 474 IN
2360 406 2887 472 PSALTERHJM.

733 544 1060 604 secutiones
1106 542 1455 602 animalium
1489 543 1918 616 cogitationum
1953 546 2277 622 appropin-

733 643 1068 714 quaverunt
1083 636 1376 712 iniquitati
1395 637 1774 695 rationalium
1794 640 2274 712 consensionum,

733 735 839 792 sed
867 750 902 791 a
934 732 1415 808 pronuntiatione
1457 731 1740 804 legalium
1766 732 2087 791 lectionum
2127 735 2279 792 facta

733 833 818 886 est
854 828 1155 899 elongatio
1196 824 1404 883 talium
1447 826 1976 899 persecutionum?
2018 830 2280 896 Quatuor

734 937 876 994 ergo
923 925 1080 992 sunt,
1132 937 1265 993 quae
1310 936 1487 994 super
1534 920 1659 977 haec
1711 920 1946 993 pensari
1989 925 2273 994 possunt3

733 1018 954 1076 scilicet
979 1018 1382 1090 cogitationeS,
1411 1018 1829 1075 consensiones
1848 1060 1864 1087 ,
1890 1018 2192 1090 lectione5‚
2223 1020 2282 1074 et

735 1113 1174 1185 elongationes:
1213 1128 1470 1186 quarum
1498 1111 1743 1185 quidem
1769 1111 1860 1168 hae
1890 1115 2165 1182 currunt,
2189 1111 2282 1167 hae

736 1210 1111 1275 concurrunt,
1138 1207 1231 1263 hae
1261 1208 1630 1275 succurrunt,
1658 1206 1751 1262 hae
1776 1209 2106 1262 recurrunt.

1229 1365 1513 1420 Articulus
1551 1366 1780 1435 primus.

809 1491 1064 1549 Primum
1082 1489 1394 1563 praelucet,
1417 1505 1553 1546 cum
1583 1488 1796 1546 dicitur
1819 1505 1833 1545 ε
1861 1491 2282 1561 Appropinqua-

733 1591 919 1642 verunt
946 1590 1316 1657 persequentes
1344 1600 1443 1639 me.
1473 1582 1638 1640 Tales
1666 1582 1887 1657 quippe
1914 1598 2278 1657 persequen-

734 1684 851 1750 teS,
884 1682 1019 1736 sunt
1049 1677 1483 1736 irrationabiles
1512 1676 1897 1749 cogitationes
1913 1719 1932 1748 ,
1962 1692 2094 1750 quai
2134 1675 2279 1732 dum

733 1774 1085 1848 perveniunt
1109 1773 1188 1830 ad
1219 1772 1659 1842 delectationeS,
1689 1771 2174 1845 appropinquant
2202 1770 2279 1827 ad

734 1867 1171 1925 consensiones.
1196 1866 1295 1923 llic
1318 1870 1522 1922 notare
1541 1880 1858 1938 possumus
1879 1864 1953 1920 de
1978 1864 2282 1935 supradic-

733 1962 807 2019 tis
832 1959 1343 2036 persequentibus,
1378 1959 1543 2032 quod
1571 1958 1869 2015 interdum
1899 1956 2283 2030 cogitationes

733 2054 1051 2112 rationales
1093 2057 1227 2109 sunt
1264 2055 1712 2126 persequentes,
1752 2057 1807 2109 et
1854 2052 2142 2108 animales
2188 2051 2280 2107 fu-

735 2148 985 2220 gientes3
1014 2147 1310 2204 interdum
1349 2145 1634 2203 animales
1670 2149 1805 2202 sunt
1840 2148 2279 2218 persequenteS,

737 2246 792 2298 et
818 2240 1137 2298 rationales
1162 2238 1450 2311 fugientes
1467 2258 1483 2311 3
1515 2237 1812 2296 interdum
1843 2237 2132 2295 animales
2161 2254 2283 2295 non

735 2339 871 2391 sunt
918 2336 1367 2407 persequentes,
1418 2337 1474 2389 et
1527 2338 1723 2390 tamen
1776 2331 2092 2389 rationales
2148 2335 2284 2388 sunt

735 2427 1025 2500 fugientes
1056 2445 1070 2482 ε
1104 2442 1362 2500 quorum
1394 2425 1657 2500 primum
1698 2431 1783 2482 est
1817 2424 2155 2492 laudabile;
2189 2441 2282 2482 se-

738 2521 1002 2579 cundum
1039 2518 1458 2593 vituperabile,
1488 2519 1594 2576 sed
1623 2518 1999 2592 aliquatenus
2041 2534 2282 2576 excusa-

736 2616 886 2686 bile3
914 2614 1151 2672 tertium
1177 2612 1604 2686 vituperabile,
1633 2616 1690 2669 et
1712 2612 1946 2685 penitus
1978 2613 2284 2670 inexcusa-

738 2709 882 2767 bile.
928 2711 1006 2765 De
1049 2707 1245 2781 primo
1275 2708 1294 2742 ¹
1347 2724 1362 2762 τ
1423 2726 1451 2758 α
1494 2704 1620 2762 Filii
1668 2704 1843 2765 lsrael
1881 2721 2002 2764 uno
2045 2705 2284 2779 agmine

736 2804 1155 2879 persequentes
1217 2800 1605 2859 debilitabant
1667 2815 1875 2858 omnes
1891 2842 1910 2872 ,
1970 2822 1996 2852 »
2067 2799 2287 2857 scilicet

739 2895 1096 2971 Babylonios
1146 2895 1435 2967 fugientes
1467 2913 1486 2966 3
1547 2894 1653 2952 ubi
1715 2909 1824 2967 per
1884 2892 2042 2950 filios
2109 2892 2286 2951 lsrael

737 2990 1142 3064 significantur
1170 2989 1552 3061 cogitationes
1578 2988 1931 3058 rationales3
1959 3002 2066 3060 per
2095 2987 2284 3060 Baby-

736 3086 957 3156 lonica,
987 3083 1373 3158 cogitationes
1395 3081 1783 3140 irrationales
1817 3085 1894 3138 De
1923 3080 2185 3138 secundo
2214 3083 2236 3115 ²
2269 3099 2282 3136 :

747 3202 774 3232 α
801 3179 1288 3253 persequentibus
1335 3178 1482 3235 Joab
1525 3182 1581 3235 et
1614 3176 1811 3234 Abisai
1847 3176 1923 3250 (a)
1964 3175 2285 3248 fugientem

740 3276 937 3334 Abner
955 3316 974 3346 ,
1004 3274 1094 3332 sol
1124 3273 1405 3331 occubuit
1435 3292 1449 3329 :
1493 3294 1521 3326 ι)
1556 3271 1704 3329 Joab
1733 3272 2145 3346 interpretatur
2173 3274 2286 3327 ini-

740 3373 910 3427 micus
932 3412 950 3440 ,
992 3367 1118 3443 ipse
1163 3371 1250 3425 est
1305 3365 1615 3438 diabolus;
1665 3364 1863 3423 Abisai
1882 3407 1902 3436 ,
1934 3370 2095 3438 pater
2139 3381 2285 3422 meus

740 3467 1041 3537 superfluus
1061 3504 1077 3526 .
1122 3460 1248 3533 ipse
1289 3464 1373 3517 est
1418 3458 1671 3517 carnalis
1724 3459 2033 3530 stimulus3
2090 3458 2288 3516 Abner

740 3558 924 3631 patris
966 3557 1245 3623 lucerna,
1293 3554 1423 3628 ipsa
1471 3556 1557 3610 est
1599 3551 1902 3610 rationalis
1946 3552 2285 3626 appetitiva.

662 3713 676 3726 ‚
741 3650 1029 3721 Quocirca
1098 3646 1590 3721 persequentibus
1650 3646 1800 3705 Joab
1856 3651 1914 3704 et
1955 3645 2154 3703 Abisai
2195 3645 2286 3703 fu·

667 3745 696 3787 '·
743 3744 1000 3816 gientem
1029 3741 1246 3813 Abner,
1276 3739 1368 3798 sol
1396 3739 1727 3809 occumbit,
1754 3738 1898 3813 quia
1924 3754 2288 3814 persequen-
2337 3754 2344 3761 ·

646 3820 683 3850 ¹⁹·
740 3836 900 3894 tibus
922 3841 1042 3893 tam
1070 3833 1337 3906 diabolo,
1370 3848 1552 3907 quam
1575 3814 1798 3890 carnali
1820 3832 2081 3903 stimulo,
2108 3832 2288 3890 ratio-

742 3929 938 3987 nalem
982 3927 1401 4003 appetitivam,
1445 3926 1596 3984 ratio
1625 3942 1780 4001 saepe
1817 3926 2168 3984 succumbit.
2207 3928 2285 3983 De

742 4023 909 4081 tertio
937 4023 958 4057 ³
986 4040 999 4079 :
1031 4041 1059 4075 α
1081 4021 1248 4094 Fugit
1273 4020 1512 4094 impiuS,
1541 4020 1777 4078 nemine
1803 4023 2195 4094 persequente
2205 4038 2224 4091 3
2252 4039 2282 4073 η

742 4120 885 4191 quia
909 4116 1061 4189 fugit
1095 4115 1306 4189 saepius
1341 4113 1730 4171 intellectivus
1763 4114 2089 4189 appetitus,
2121 4113 2288 4172 nulla

742 4211 1016 4284 passione
1045 4208 1311 4268 sensibili
1333 4208 1741 4281 impugnante.

1229 4367 1513 4423 Articulus
1539 4366 1825 4424 secundus.

811 4493 1146 4553 Secundum
1164 4491 1460 4561 sublucet,
1481 4480 1619 4549 cum
1637 4491 1910 4564 adjicitur
1931 4510 1946 4549 ε
1964 4495 2283 4564 Iniquitati.

740 4595 898 4649 Tunc
926 4590 1367 4647 consummatur
1392 4585 1672 4661 iniquitas
1685 4629 1704 4659 ,
1733 4603 1871 4644 cum
1896 4585 2290 4647 irrationabili

742 4682 1082 4757 cogitationi
1126 4680 1413 4740 consentit
1458 4679 1788 4737 deliberata
1827 4678 2121 4738 voluntas,
2174 4684 2290 4739 No·

741 4777 990 4836 tandum
1028 4775 1232 4849 igitur,
1264 4772 1433 4849 quod
1471 4772 1750 4848 iniquitas
1786 4774 2078 4845 nascitur,
2109 4774 2287 4832 trahi-

741 4876 874 4945 tur,
904 4877 959 4930 et
985 4870 1353 4944 completur:
1382 4869 1641 4925 nascitur
1680 4884 1940 4943 namque
1971 4869 2035 4926 in
2061 4868 2287 4942 cogita-

740 4970 933 5040 tione;
968 4966 1215 5025 trahitur
1259 4964 1323 5020 in
1371 4962 1756 5023 delectatione
1766 4984 1785 5037 3
1843 4964 2174 5037 completur
2226 4963 2290 5020 in

743 5062 1148 5121 consensione.
1207 5060 1285 5116 De
1333 5056 1529 5132 primo
1581 5057 1603 5092 ⁴
1651 5075 1666 5114 :
1722 5076 1752 5112 α
1804 5060 1884 5115 De
1928 5057 2290 5116 vestimentis

809 5210 1040 5277 Quam»,
1081 5222 1170 5272 xv,
1213 5210 1259 5258 4.
1302 5234 1364 5246 —
1401 5210 1424 5244 ¹
1467 5210 1506 5257 ll
1542 5209 1679 5274 Κεφ,
1727 5221 1795 5273 11,
1844 5213 1923 5260 24.
1962 5237 2024 5247 —
2061 5209 2083 5245 ⁸
2119 5211 2287 5271 Pron„

743 5294 940 5346 xxviii,
975 5288 1022 5333 1.
1060 5308 1114 5317 —
1158 5280 1182 5315 ⁸
1216 5280 1396 5339 Eccti„
1434 5290 1573 5343 xm,
1618 5285 1695 5331 13.
1723 5307 1784 5318 —
1818 5282 1840 5317 ⁸
1867 5282 1987 5343 Iso„
2030 5293 2081 5345 v,
2122 5282 2199 5331 18.
2230 5306 2286 5318 --

744 5357 766 5392 ⁸
796 5356 989 5419 Thr-en„
1023 5365 1093 5419 iv,
1130 5353 1208 5404 22.
1237 5378 1298 5388 -
1326 5353 1343 5383 ²
1383 5351 1568 5414 Exod„
1601 5364 1723 5416 xm,
1765 5356 1816 5406 9.
1853 5380 1916 5392 -
1961 5355 1979 5384 ⁸
2018 5354 2059 5404 ll
2102 5353 2288 5414 Μαι-ὴ..

2388 543 2657 617 procedit
2686 543 2874 612 tinea,
2903 546 2959 600 et
2985 557 3022 599 a
3049 541 3295 599 muliere
3324 543 3600 618 iniquitas
3624 544 3770 618 viri;
3798 567 3824 602 n
3854 548 3909 606 id

2390 641 2476 693 est
2521 654 2558 695 a
2595 636 2873 695 muliebri
2919 636 3271 710 cogitatione
3312 636 3595 711 iniquitas
3640 641 3912 714 appetitus

2389 730 2747 789 intellectivi.
2809 733 2884 787 De
2937 729 3199 787 secundo
3241 731 3263 764 ⁸
3305 749 3319 787 :
3366 753 3394 782 «
3440 734 3535 789 Vae
3571 733 3676 806 qui
3712 735 3913 793 trahitis

2390 824 2757 897 iniquitatem
2802 823 2863 880 in
2909 822 3187 880 funiculis
3229 824 3502 882 vanitatis
3549 843 3564 881 :
3606 846 3636 879 n
3686 829 3821 884 tunc
3859 829 3913 886 in

2388 917 2665 974 funiculis
2692 917 2963 975 vanitatis
2991 916 3270 990 iniquitas
3296 918 3576 989 trahitur,
3606 936 3743 977 cum
3766 922 3914 981 vanis

2390 1011 2847 1068 delectationum
2880 1011 3130 1068 vinculis
3167 1011 3440 1069 voluntas
3474 1013 3554 1069 ad
3582 1030 3913 1073 consensum

2389 1103 2757 1162 conducitur.
2784 1107 2860 1161 De
2881 1105 3048 1162 tertio
3071 1105 3129 1161 ⁶:
3162 1124 3191 1157 α
3217 1106 3524 1180 Completa
3547 1113 3632 1164 est
3656 1107 3913 1183 iniquitas

2388 1202 2518 1269 tua,
2547 1199 2685 1256 Sion
2720 1216 2735 1255 :
2767 1218 2794 1252 υ
2823 1213 2931 1271 per
2969 1197 3142 1267 Sion,
3181 1214 3315 1272 quae
3343 1199 3756 1273 interpretatur
3794 1218 3912 1276 spe·
3930 1221 4079 1273 sinam

2389 1294 2555 1365 cula,
2592 1293 2689 1350 vel
2723 1292 3076 1366 speculatio,
3109 1298 3264 1350 recte
3297 1298 3536 1353 notatur
3571 1296 3756 1368 ratio,
3798 1315 3914 1371 quae
3968 1283 4051 1327 ⁶⁸¹¹·

2390 1387 2536 1444 dum
2576 1387 2656 1443 ad
2691 1402 3045 1444 consensum
3083 1386 3431 1461 inclinatur,
3477 1389 3756 1464 iniquitas
3789 1408 3912 1450 con-

2390 1483 2737 1538 summatur.

2899 1632 3174 1688 Articulus
3213 1634 3425 1689 tertius.

2460 1764 2714 1820 Tertium
2752 1763 2966 1834 claret,
2996 1781 3132 1822 cum
3172 1765 3474 1823 scribitur:
3507 1770 3550 1822 A
3602 1769 3719 1838 leqc
3764 1775 3920 1825 autem

2392 1865 2511 1926 tua,
2566 1857 2787 1915 scilicet
2842 1858 3175 1930 psallend0,
3226 1860 3322 1916 vel
3378 1860 3654 1917 canendo
3708 1861 3921 1935 prolata

2385 1951 2531 2014 ,soris
2562 1967 2670 2025 per
2706 1966 3002 2024 organum
3048 1952 3201 2022 oriS,
3232 1952 3311 2010 ad
3345 1954 3761 2012 excitationem
3796 1955 3922 2012 inte-

2391 2045 2561 2102 rioris
2609 2044 2868 2101 hominis
2925 2063 2938 2100 :
2998 2045 3077 2102 ad
3122 2046 3237 2103 hoc
3285 2047 3446 2103 enim
3489 2049 3746 2106 exterius
3795 2049 3922 2106 tuba

2391 2139 2964 2216 insonatxsalutariffi
2995 2144 3057 2197 ut
3092 2141 3335 2199 interius
3375 2141 3546 2200 turba
3588 2143 3780 2216 fugiat
3815 2144 3924 2201 ani-

2391 2235 2583 2291 maliS.
2629 2235 2742 2292 Sed
2779 2239 2952 2304 nota,
2980 2237 3149 2308 quod
3186 2237 3298 2293 tria
3326 2241 3462 2294 sunt
3505 2239 3836 2297 necessaria
3870 2240 3923 2295 in

2391 2328 2669 2402 praedicta
2707 2328 2854 2402 legis
2891 2330 3189 2396 custodia;
3232 2331 3470 2404 scilicet,
3516 2333 3690 2405 quod
3731 2333 3790 2390 in
3832 2349 3920 2390 ore

2392 2422 2485 2479 lex
2527 2423 2849 2495 habeatur,
2893 2439 2997 2481 cor
3033 2423 3445 2498 adaperiatur,
3487 2425 3589 2483 lex
3632 2425 3754 2484 oris
3795 2441 3921 2484 aure

2392 2518 2586 2575 cordis
2622 2518 2977 2592 percipiatur
3011 2537 3025 2575 :
3073 2535 3331 2593 quorum
3376 2521 3643 2594 primum
3693 2522 3924 2594 pertinet

2391 2611 2472 2668 ad
2498 2611 2714 2683 objecti
2756 2612 3227 2686 propositionem
3237 2633 3255 2685 ;
3300 2615 3665 2687 secundum,
3696 2616 3774 2675 ad
3800 2615 3924 2673 sub-

2385 2705 2523 2775 Jecti
2554 2705 3002 2778 dispositionem
3021 2726 3039 2778 ;
3060 2706 3318 2779 tertium,
3347 2709 3426 2766 ad
3453 2710 3763 2785 utriusque
3784 2726 3923 2768 com-

2391 2799 2766 2871 positionem.
2800 2803 2877 2857 De
2913 2801 3108 2874 primo
3136 2803 3157 2837 ⁷
3190 2820 3205 2859 :
3240 2821 3270 2855 ε(
3296 2805 3412 2860 Lex
3444 2804 3681 2862 Domini
3710 2820 3924 2878 semper

2392 2891 2466 2948 sit
2508 2890 2572 2948 in
2627 2910 2729 2950 ore
2783 2897 2884 2952 tuo
2918 2912 2932 2952 ε
2964 2916 2992 2949 u
3025 2911 3160 2954 ecce
3208 2896 3305 2954 lex
3359 2897 3420 2954 in
3469 2913 3590 2971 ore,
3650 2900 3816 2974 quod
3852 2901 3926 2955 est

2393 2987 2607 3058 objecti
2646 2990 2990 3063 propositio,
3028 2994 3106 3049 De
3138 2991 3401 3050 secundo
3439 2993 3461 3028 ⁸
3503 3010 3517 3048 :
3556 3012 3585 3045 α
3625 2992 3925 3067 Adaperiat

2393 3083 2674 3141 Dominus
2699 3100 2802 3142 cor
2829 3090 3089 3143 vestrum
3106 3085 3168 3142 in
3192 3086 3323 3160 lege
3345 3102 3491 3143 sua:
3520 3106 3549 3140 1>
3583 3102 3727 3145 ecce
3746 3086 3926 3145 cordis

2394 3178 2643 3251 apertio,
2669 3195 2801 3251 quoe
2832 3185 2917 3236 est
2944 3179 3185 3253 subjecti
3214 3182 3541 3256 dispositio.
3574 3186 3657 3242 De
3681 3184 3846 3242 tertio
3867 3186 3887 3219 ⁹
3910 3201 3923 3241 z

2399 3271 2707 3329 «Auribus
2752 3273 3032 3347 percipite
3067 3273 3263 3347 legem
3306 3276 3406 3333 Dei
3443 3278 3623 3334 vestri
3670 3296 3686 3334 ε
3733 3298 3762 3333 ι»
3802 3292 3924 3335 ecce

2392 3364 2690 3439 perceptio
2719 3365 2867 3439 legis
2895 3383 3038 3425 aure
3066 3368 3294 3441 cordis„
3325 3371 3492 3443 quod
3518 3375 3606 3429 est
3635 3372 3924 3445 utriusque

2394 3458 2765 3533 compositio,

2886 3611 3168 3668 Articulus
3205 3617 3452 3683 quartus.

2464 3742 2747 3809 Quartum
2799 3743 3013 3818 liquet,
3056 3762 3193 3801 cum
3238 3745 3511 3805 scribitur
3550 3766 3565 3805 ;
3602 3751 3779 3822 Lonqe
3803 3752 3928 3819 facti

2392 3843 2540 3892 sunt.
2570 3838 2697 3893 Haec
2727 3843 2812 3894 est
2838 3838 3167 3911 elongatio,
3211 3857 3332 3914 qua
3371 3833 3689 3915 elongatur
3726 3845 3928 3918 cogita·

2394 3929 2625 3986 tionum
2653 3930 3004 3988 animalium
3045 3934 3403 4006 persecutiO,
3446 3936 3670 4009 quibus
3709 3938 3926 4013 inquie-

2395 4026 2548 4079 tatur
2592 4023 2833 4081 interior
2876 4025 3082 4082 homo.
3126 4026 3224 4083 llic
3266 4030 3460 4101 potest
3510 4031 3730 4104 notari,
3775 4030 3927 4106 quod

2393 4115 2777 4188 cogitationes
2816 4117 3101 4175 animales
3146 4118 3365 4178 debent
3401 4121 3479 4179 ab
3515 4122 3784 4183 interiori
3829 4125 3926 4180 ho-

2393 4209 2555 4267 mine
2583 4210 2847 4282 elongari
2863 4229 2881 4283 3
2914 4210 3054 4284 quia
3099 4211 3456 4271 deordinant
3481 4231 3621 4273 eum
3649 4222 3925 4292 quantum

2394 4303 2474 4361 ad
2519 4307 2737 4376 Deum,
2785 4304 2864 4362 ad
2909 4305 3199 4379 seipsum,
3250 4307 3329 4365 ad
3369 4309 3748 4384 proximum3
3795 4312 3930 4369 sicut

2394 4397 2776 4470 cogitationes
2827 4399 3096 4457 vanitatis
3115 4440 3135 4471 ,
3178 4400 3418 4460 tristitiae
3437 4444 3459 4474 ,
3498 4408 3556 4463 et
3593 4404 3924 4481 iniquitatis.

2394 4491 2586 4550 Prima
2622 4491 2920 4564 elongatio
2973 4493 3301 4553 continetur
3325 4496 3365 4531 ¹⁰
3402 4515 3416 4552 ε
3465 4517 3494 4553 α
3520 4499 3843 4557 vanitatem
3880 4501 3929 4556 et

2393 4587 2579 4645 verba
2614 4587 2929 4647 mendacia
2962 4587 3140 4662 longe
3179 4587 3272 4648 fac
3310 4606 3346 4648 a
3371 4608 3467 4650 me
3499 4611 3514 4650 ε
3547 4613 3576 4649 u
3610 4610 3748 4653 ecce
3778 4594 3927 4653 elon·

2394 4682 2554 4753 gatio
2582 4684 2854 4743 vanitatis
2873 4687 2930 4743 et
2956 4685 3243 4745 falsitatis.
3276 4689 3547 4748 Secunda
3571 4690 3824 4750 habetur
3851 4691 3885 4725 ¹¹
3912 4708 3923 4746 :

2401 4795 2430 4829 «
2454 4776 2764 4835 'tristitiam
2799 4777 2977 4851 longe
3017 4781 3247 4854 expelle
3290 4798 3327 4839 a
3368 4787 3421 4841 te
3453 4801 3468 4840 ε
3520 4805 3549 4840 ι»
3595 4802 3731 4843 ecce
3780 4785 3930 4843 elon·

2396 4871 2555 4942 gatio
2601 4870 2840 4930 tristitiae
2884 4872 2961 4930 ab
2999 4873 3261 4933 interiori
3299 4876 3562 4936 homine.
3612 4880 3801 4938 Tertia
3841 4895 3926 4936 re-

2396 4968 2665 5022 censetur
2714 4968 2758 5002 ¹¹
2798 4983 2812 5022 :
2853 4985 2881 5019 ι(
2914 4969 3111 5042 Longe
3145 4969 3322 5028 facies
3363 4972 3440 5046 (b)
3489 4973 3854 5048 iniquitatem
3897 4987 3930 5029 a

2395 5057 2781 5118 tabernaculo
2810 5062 2955 5119 tuo:
2983 5082 3013 5117 »
3046 5078 3179 5121 ecce
3205 5064 3505 5139 elongatio
3526 5066 3860 5142 iniquitatis,

2396 5204 2434 5255 1,
2464 5195 2510 5246 4.
2540 5220 2602 5233 —
2637 5196 2656 5224 ⁹
2683 5196 2802 5255 Iso„
2836 5207 2873 5258 1,
2907 5200 2982 5247 ¹0.
3014 5225 3075 5236 —
3107 5201 3142 5230 ¹·
3164 5202 3332 5266 Prov„
3364 5214 3488 5267 xxx,
3521 5207 3571 5255 8.
3595 5230 3656 5242 -
3692 5206 3730 5241 ¹¹
3758 5203 3926 5266 Eoeln'„

2395 5277 2522 5330 xxx,
2551 5268 2631 5318 24.
2651 5292 2715 5303 —
2746 5267 2783 5302 ¹²
2810 5268 2922 5334 Iob,
2948 5280 3083 5331 xxii,
3111 5274 3189 5322 23.

2461 5352 2531 5416 (a)
2551 5352 2674 5402 Coet.
2692 5351 2780 5402 edi
2786 5356 2823 5403 1.
2844 5354 3045 5419 Abysai‚
3063 5359 3197 5408 etsie
3212 5357 3516 5424 deinceps.-
3537 5362 3611 5426 (ὁ)
3626 5365 3749 5413 Item
3768 5363 3922 5413 faciet.
