4196 6294
640 474 760 536 430
1689 469 2104 535 EXPOSITIO
2148 468 2229 533 IN
2275 468 2803 535 PSALTERlUM.

637 604 979 677 sectionem,
1020 604 1285 680 protrahi
1317 604 1609 663 rationem
1647 604 1710 663 in
1742 606 2007 664 illicitam
2045 621 2189 665 con-

638 714 994 758 sensionem.

2297 608 2551 680 peratae:
2591 606 2943 662 Paulominus
2980 610 3505 673 consummaverunt,
3548 605 3840 680 quantum

2298 701 2379 757 ad
2404 698 2679 757 hostilem
2699 698 3048 755 tentantium
3073 698 3388 773 impetum,
3420 701 3527 769 Me,
3547 702 3842 773 quantum

2298 793 2378 850 ad
2404 793 2706 850 incautum
2729 792 2930 850 tentati
2950 792 3219 866 spiritum
3227 812 3246 864 ;
3276 796 3346 851 In
3365 799 3530 863 terra,
3551 795 3839 866 quantum

2298 886 2378 944 ad
2423 903 2631 944 casum
2675 902 2995 944 consensus
3046 885 3336 958 subitum3
3377 890 3492 957 qu
3524 890 3700 942 autem
3734 902 3842 942 non

2299 982 2566 1053 dereliqui
2604 981 2869 1037 mandata
2904 986 3028 1051 tua,
3071 982 3358 1053 quantum
3390 980 3470 1037 ad
3509 980 3843 1038 tentationis

2300 1074 2552 1147 exitum,
2582 1076 2793 1148 praeter
2820 1074 3145 1147 interitum,
3176 1075 3296 1132 sive
3327 1074 3531 1133 mortis
3557 1080 3800 1134 reatum.

1152 850 1429 907 Articulus
1458 852 1671 906 tertius.

711 988 890 1043 Casus
949 985 1175 1043 subitus
1229 985 1571 1059 designatur
1623 983 2012 1057 'subjiciendo
2051 1001 2065 1040 ε
2121 987 2189 1041 In

644 1084 810 1137 terra.
841 1079 1147 1153 collapsus
1168 1080 1232 1136 in
1249 1085 1465 1137 terram
1486 1082 1572 1136 est
1596 1093 1916 1137 consensus
1934 1077 1998 1134 in
2017 1093 2191 1134 mun-

448 1183 617 1226 conen-
643 1174 862 1232 danam
899 1174 1448 1246 concupiscentiam.
1489 1176 1622 1231 Haec
1648 1176 1847 1231 autern
1876 1173 2189 1247 concupis-

404 1244 617 1363 Pxsssi'g'
642 1268 832 1325 centia
859 1267 1197 1341 triplicatur,
1229 1271 1286 1348 et
1310 1283 1418 1341 per
1443 1266 1741 1341 triplicem
1766 1271 1981 1324 terram
2013 1266 2190 1339 signi-

396 1365 524 1445 im..
552 1372 614 1414 ni·
642 1362 851 1420 ficatur
878 1381 896 1418 ε
952 1361 1203 1434 legimus
1248 1364 1407 1419 enim
1450 1365 1667 1419 terram
1721 1361 2189 1435 superbientem,

418 1434 602 1538 “ff’
642 1456 960 1527 sitientem,
986 1455 1315 1527 soetentem,
1343 1456 1735 1530 pertinentem
1774 1455 1854 1512 ad
1876 1453 2186 1528 concupis-

2831 1297 3162 1341 vnasmums
3198 1300 3318 1341 vm.

2370 1454 2460 1509 88.
2539 1453 2834 1509 Secundum
2915 1454 3338 1510 misericordiam
3410 1459 3558 1510 tuam
3624 1457 3845 1526 vivifica

645 1550 896 1608 centiam
934 1551 1255 1623 superbiae,
1295 1550 1580 1621 avaritioe,
1621 1549 1889 1606 luxuriae.
1924 1551 2001 1606 De
2036 1551 2192 1605 terra

643 1643 837 1716 prima
864 1646 882 1680 ¹
908 1661 973 1700 :c
999 1643 1152 1711 Quid
1178 1644 1470 1717 superbiS,
1500 1647 1656 1701 terra
1682 1647 1740 1700 et
1773 1642 1920 1700 cinis
1937 1645 1966 1698 ‘2
1990 1662 2020 1697 »
2054 1656 2190 1698 ecce

642 1740 798 1795 terra
825 1736 1192 1811 superbiens
1213 1738 1289 1792 De
1318 1737 1649 1793 secunda2:
1680 1756 1707 1789 α
1732 1735 2020 1795 Ascendet
2042 1734 2192 1792 sicut

642 1830 818 1888 radix
845 1829 920 1888 de
948 1834 1100 1888 terra
1127 1829 1375 1886 sitienti:
1413 1850 1441 1884 ιο
1473 1830 1646 1887 radix
1672 1831 1782 1887 ista
1824 1833 1909 1887 est
1934 1829 2191 1886 Christus

645 1923 926 1981 Dominus
941 1944 958 1996 3
1006 1928 1159 1981 terra
1202 1923 1431 1994 sitienS,
1474 1938 1687 1980 avarus
1722 1923 1982 1997 populus
2009 1940 2023 1980 ε
2054 1937 2190 1979 ecce

645 2022 801 2075 terra
834 2017 1051 2075 sitiens.
1084 2020 1162 2074 De
1200 2016 1369 2074 tertia
1396 2020 1454 2074 ³:
1492 2037 1519 2070 α
1547 2017 1810 2089 irrigabo
1839 2020 2055 2074 terram
2081 2015 2188 2073 foe-

645 2114 773 2168 tore
802 2110 1102 2184 sanguinis
1130 2110 1213 2167 tui
1241 2128 1306 2166 z»
1333 2126 1467 2168 ecce
1492 2114 1647 2168 terra
1672 2109 1904 2167 foetens,

1139 2273 1414 2328 Articulus
1446 2274 1691 2343 quartus.

718 2398 992 2471 Exceptio
1028 2396 1293 2454 interitus
1334 2395 1428 2453 vel
1465 2395 1731 2453 mortalis
1766 2398 1962 2453 reatus
2002 2392 2191 2451 consi-

647 2495 860 2564 gnatur
885 2490 1428 2564 superadjiciendo:
1460 2492 1570 2561 qu
1598 2495 1774 2546 autem
1792 2504 1898 2544 non
1925 2488 2193 2557 dereliqui

647 2585 909 2641 mandata
945 2589 1038 2641 tua
1057 2603 1076 2657 ;
1122 2584 1293 2657 quasi
1333 2582 1526 2655 dicat:
1572 2582 1723 2640 Nihil
1767 2580 2003 2656 optavi,
2040 2579 2190 2635 nihil

647 2677 939 2736 attentavi·
964 2681 1169 2735 contra
1208 2676 1411 2734 divina
1449 2676 1730 2733 mandata
1762 2675 1992 2732 ratione
2030 2672 2189 2729 exci-

647 2776 795 2843 tata,
838 2779 896 2829 et
931 2771 1234 2829 voluntate
1262 2769 1599 2842 consiliata3
1644 2769 1812 2844 quod
1848 2766 2061 2825 clarius
2090 2767 2194 2824 de-

648 2865 911 2938 claravit,
943 2881 1081 2923 cum
1111 2865 1230 2922 ait:
1259 2866 1381 2921 Non
1409 2864 1695 2935 dereliqui,
1726 2862 1791 2919 id
1819 2864 1932 2919 est:
1964 2860 2078 2918 Etsi
2105 2875 2193 2917 re-

646 2958 826 3032 liqui,
861 2974 985 3016 non
1020 2962 1218 3016 tamen
1262 2956 1589 3030 dereliqui:
1637 2972 1780 3013 nam
1802 2982 1803 2985 ¹
1827 2956 1930 3013 etsi
1974 2953 2191 3028 reliqui

648 3051 896 3109 consilio
938 3051 1169 3124 subito,
1208 3066 1333 3108 non
1374 3054 1573 3109 tamen
1615 3047 1905 3123 dereliqui
1942 3048 2191 3130 consilio

649 3145 918 3205 diffinito.
948 3145 1285 3204 Notandum
1303 3145 1521 3219 itaque,
1547 3144 1714 3219 quod
1732 3160 1856 3202 non
1879 3141 2194 3217 dereliquit

648 3239 961 3299 Dominum
1014 3239 1481 3313 derelinquendo
1537 3238 1885 3310 mandatum
1901 3280 1919 3310 ,
1975 3237 2189 3311 triplici

645 3334 865 3409 praevia
892 3334 1118 3393 ratione
1147 3353 1162 3392 ε
1192 3333 1590 3392 consideravit
1615 3348 1875 3407 namque
1905 3331 2038 3406 quis
2068 3336 2192 3389 erat

645 3445 826 3503 supra
854 3446 947 3499 se,
974 3429 1109 3503 quis
1138 3432 1265 3486 erat·
1278 3429 1446 3500 juxta
1475 3443 1566 3499 se,
1611 3426 1743 3500 quis
1773 3428 1899 3484 erat
1924 3424 2078 3483 infra
2105 3441 2189 3482 se.

645 3522 1049 3584 consideratio
1075 3523 1270 3597 prima
1295 3521 1435 3594 fuit,
1476 3537 1551 3579 ne
1590 3536 1627 3578 a
1662 3520 1910 3578 Domino
1939 3519 2192 3577 derelin-

645 3619 926 3691 queretur
937 3634 956 3690 3
1000 3617 1293 3687 secunda,
1324 3632 1399 3673 ne
1442 3616 1741 3688 subjectus
1773 3609 2037 3689 populus
2078 3629 2189 3688 pro

646 3728 756 3770 suo
791 3712 1000 3770 merito
1039 3710 1373 3769 turbaretur
1382 3729 1400 3782 3
1439 3709 1638 3782 tertia,
1681 3724 1758 3766 ne
1794 3711 2037 3782 propter
2074 3708 2191 3766 hoc

646 3804 710 3862 in
756 3803 1081 3877 gehennale
1134 3803 1492 3878 supplicium
1534 3802 1902 3875 dejiceretur.
1952 3805 2029 3860 De
2060 3802 2190 3875 pri-

647 3915 749 3957 mo
776 3901 835 3955 ⁴:
871 3917 901 3952 α
928 3899 985 3958 Si
1021 3897 1511 3972 dereliquerimus
1542 3897 1892 3967 Dominum,
1929 3894 2190 3953 derelin·

648 3997 789 4066 quet
830 4008 984 4050 nos:
1031 4013 1060 4048 n
1103 4008 1239 4050 ecce
1282 3991 1476 4066 prima
1508 3989 1930 4062 consideratiO,
1974 3988 2194 4049 scilicet

647 4088 950 4146 Dominica
974 4088 1295 4146 derelictio.
1329 4091 1405 4146 De
1434 4086 1720 4159 secundo,
1739 4086 1845 4144 ubi
1871 4085 2020 4143 dixit
2038 4085 2192 4142 Elias

648 4182 728 4240 ad
775 4180 974 4241 Achab
1011 4198 1213 4255 regem
1258 4182 1432 4241 lsrael
1462 4182 1523 4238 ¹⁵:
1572 4200 1601 4234 α
1641 4183 1770 4238 Non
1807 4196 1921 4252 ego
1956 4179 2192 4237 turbavi

647 4275 824 4336 lsrael
833 4295 852 4349 ς
890 4275 997 4333 sed
1022 4281 1114 4348 tu,
1144 4279 1201 4334 et
1236 4276 1452 4333 domus
1486 4274 1668 4349 patris
1706 4275 1812 4345 tui,
1843 4274 1948 4348 qui
1978 4273 2191 4330 dereli-

647 4370 855 4446 quistis
889 4370 1170 4427 mandata
1210 4367 1443 4427 Domini
1476 4387 1490 4426 :
1520 4388 1548 4422 ι)
1584 4384 1717 4425 ecce
1758 4367 2020 4424 secunda
2054 4382 2192 4424 con-

646 4463 947 4537 sideratio,
976 4463 1195 4522 scilicet
1217 4462 1630 4537 proximorum
1666 4461 1946 4520 turbatio.
1977 4464 2055 4518 De
2080 4465 2192 4518 ter-

645 4559 757 4632 tio,
790 4559 893 4617 ubi
935 4557 1075 4615 dicit
1116 4555 1301 4614 David
1332 4556 1636 4615 Salomoni
1674 4555 1800 4612 filio
1842 4571 1951 4612 suo
1983 4556 2040 4619 ⁸‚:
2078 4574 2107 4605 <t
2134 4554 2191 4612 Si

648 4651 1035 4726 dereliqueris
1088 4651 1433 4721 Dominum,
1493 4649 1765 4723 projiciet
1815 4651 1872 4706 te
1925 4649 1991 4706 in
2030 4651 2193 4707 oeter·

646 4762 823 4806 num:
856 4766 885 4802 ιο
909 4761 1043 4805 ecce
1071 4745 1240 4803 tertia
1265 4743 1655 4802 consideratio
1673 4786 1690 4814 ,
1721 4742 1941 4801 scilicet
1970 4741 2188 4815 gehen-

645 4841 797 4900 nalis
822 4840 1091 4914 dejectio.

1290 4921 1546 4987 Epilogus

720 5035 803 5090 Ex
839 5030 932 5089 his
966 5031 1157 5105 potest
1199 5029 1517 5088 clarescere
1558 5043 1723 5085 mens
1757 5027 2060 5100 Prophetae
2101 5025 2190 5082 lo-

651 5124 879 5200 quentis
916 5124 1053 5183 loco
1091 5139 1358 5198 personae
1395 5122 1473 5180 ab
1513 5119 1801 5192 hostibus,
1846 5119 1942 5176 vel
1982 5134 2191 5178 eorum

650 5218 1039 5294 complicibus
1074 5217 1401 5288 summates,
1431 5230 1555 5273 non
1589 5218 1789 5272 tamen
1815 5213 2071 5286 graviter
2098 5227 2193 5269 su-

713 5349 731 5382 ²
763 5344 941 5407 Eccli„
967 5357 1029 5408 x,
1057 5346 1106 5395 9.
1130 5371 1191 5382 -
1226 5344 1244 5373 ²
1267 5344 1386 5396 Isa..
1417 5352 1545 5404 mn,
1575 5344 1619 5390 l.
1650 5366 1712 5378 —
1739 5339 1761 5375 ⁸
1792 5338 1992 5403 Erech„
2020 5349 2193 5400 xxxu,

649 5421 697 5471 6.
724 5444 786 5459 -
821 5418 844 5455 ⁴
882 5418 922 5467 ll
951 5416 1199 5482 Paralip„
1225 5425 1315 5478 xv,
1342 5415 1388 5462 2.
1419 5438 1482 5450 —
1507 5412 1529 5447 ⁸
1559 5411 1623 5460 ΙΙΙ
1662 5411 1796 5474 Req„
1827 5422 1985 5475 xvm,
2022 5413 2095 5460 18.
2129 5436 2189 5447 —

2299 1562 2411 1616 me,
2443 1550 2550 1603 etc.
2579 1549 2788 1603 Versus
2822 1562 3080 1619 praesens
3109 1550 3386 1619 quartum
3415 1546 3843 1605 irritamentum

2304 1637 2640 1710 contincnS,
2678 1643 3053 1712 repraesentat
3088 1639 3445 1696 titillationes
3478 1639 3842 1711 intrinsecas,

2299 1737 2355 1790 et
2372 1732 2542 1805 quasi
2567 1733 2741 1790 vestis
2761 1734 3007 1806 mystica
3029 1732 3355 1806 explicatur
3374 1736 3433 1789 et
3456 1734 3845 1808 complicatur

2299 1825 2362 1881 in
2394 1829 2647 1899 quatuor
2673 1825 2878 1899 plicas.
2913 1829 3078 1883 Veste
3107 1827 3216 1883 ista
3249 1827 3489 1884 vestitus
3515 1827 3843 1899 psalmista,

2297 1918 2605 1992 praet'atum
2627 1921 3053 1977 irritamentum
3073 1920 3324 1995 explicat
3345 1921 3456 1978 sub
3478 1922 3589 1979 hac
3614 1921 3839 1980 forma:

2300 2012 2599 2070 Secundum
2634 2014 3064 2071 misericordiam
3094 2021 3278 2085 tuam,
3309 2019 3415 2073 etc.
3432 2034 3450 2088 3
3490 2032 3559 2073 ac
3586 2016 3635 2072 si
3661 2016 3843 2089 plane

2300 2106 2491 2163 dicat:
2540 2107 2875 2165 Secundum
2928 2108 3395 2166 misericordiam
3451 2114 3649 2180 tuam,
3703 2126 3841 2184 quae

2299 2201 2570 2272 congruit
2595 2216 2741 2258 meae
2765 2203 3013 2260 miseriae
3036 2202 3314 2274 sensuali,
3332 2207 3551 2275 vivifica
3572 2202 3690 2260 vita
3722 2203 3842 2277 spi-

2297 2294 2492 2353 rituali
2510 2312 2612 2366 me,
2644 2298 2928 2352 tentatum
2951 2296 3267 2354 tentatione
3296 2296 3617 2371 corporali3
3650 2302 3700 2353 et
3726 2313 3842 2353 cus-

2301 2389 2504 2444 todiam
2532 2392 2841 2446 testimonia
2867 2393 2978 2446 oris
3007 2395 3112 2457 tui,
3142 2407 3275 2464 quae
3302 2389 3552 2447 docuisti
3572 2390 3838 2447 doctrina

2298 2482 2533 2540 morali.
2553 2483 2716 2540 Unde
2739 2482 2923 2556 liquet
2945 2488 3166 2556 aperte,
3185 2482 3350 2557 quod
3369 2483 3686 2540 adversum
3700 2499 3838 2540 con-

2298 2576 2669 2649 cupiscentiae
2710 2577 3104 2651 corruptelam
3141 2577 3288 2650 petit
3326 2578 3524 2649 gratiae
3563 2578 3834 2650 tutelam,

2297 2669 2378 2725 ad
2405 2668 2726 2743 iniquitatis
2749 2670 3072 2741 cautelam,
3099 2673 3155 2727 et
3185 2670 3472 2745 aequitatis
3499 2670 3835 2745 sequelam.-

2298 2766 2555 2835 quorum
2598 2763 2860 2835 primum
2896 2766 3117 2836 spectat
3156 2764 3236 2820 ad
3269 2764 3566 2822 miseriam
3601 2780 3839 2822 sensua-

2296 2854 2444 2928 lem3
2475 2856 2825 2928 secundum,
2853 2856 2931 2913 ad
2951 2857 3134 2914 vitam
3161 2856 3554 2930 spiritualem3
3583 2858 3835 2930 tertium,

2297 2951 2372 3007 ad
2407 2951 2787 3008 tentationem
2819 2950 3225 3024 corporalem3
3266 2955 3577 3024 quartum,
3614 2951 3695 3009 ad
3733 2951 3842 3009 ob-

2296 3044 2692 3102 servationem
2717 3045 3022 3102 moralem.
3247 3040 3250 3043 ’

2784 3206 3066 3261 Articulus
3114 3205 3348 3277 primus·

2368 3328 2661 3395 Quantum
2698 3327 2777 3385 ad
2817 3327 3098 3401 primum,
3142 3329 3496 3403 praeposuit:
3543 3331 3837 3389 secundum

2297 3421 2720 3477 misericordiam
2759 3428 2939 3493 tuam,
2969 3422 3207 3496 supple,
3249 3424 3497 3481 miseriae
3523 3440 3670 3482 meae
3698 3442 3839 3483 con·

2297 3529 2544 3585 gruamr
2579 3513 2799 3588 quippe
2828 3514 2902 3571 de
2943 3515 3180 3573 miseria
3208 3517 3492 3590 queritur,
3518 3535 3554 3576 a
3577 3535 3699 3593 quo
3727 3520 3838 3577 mi-

2297 3606 2617 3666 sericordia
2635 3608 2930 3681 quaeritur.
2959 3609 3162 3668 Nullus
3182 3611 3342 3668 enim
3367 3611 3839 3672 misericordiam

2296 3701 2619 3772 invocaret,
2641 3701 2751 3758 nisi
2769 3701 3006 3759 miseria
3024 3708 3392 3777 provocaret.
3410 3708 3478 3763 Et
3493 3711 3656 3780 nota,
3673 3708 3838 3783 quod

2296 3794 2703 3854 misericordia
2738 3795 2955 3869 legitur
2984 3796 3045 3854 in
3085 3798 3381 3872 Scriptura
3419 3817 3669 3874 magna,
3699 3818 3832 3877 spe·
3908 3818 4078 3862 κως.

2297 3888 2492 3959 ciosa,
2538 3887 2818 3962 benigna·
2856 3891 3045 3958 Quare
3083 3894 3344 3964 magna?
3383 3894 3530 3963 Quia
3556 3895 3768 3953 liberat
3801 3913 3837 3953 a
3865 3879 4037 3923 ⁰⁰¹⁵&ss

2296 4001 2514 4057 magna
2565 3985 2804 4043 miseria
2855 3985 3040 4059 culpae
3098 3987 3417 4060 originalis».
3476 3992 3663 4059 Quare
3708 4007 3837 4066 spe·

2298 4077 2498 4137 ciosa‘?
2540 4079 2687 4148 Quia
2729 4083 3047 4153 praeservat
3092 4097 3128 4138 a
3173 4080 3334 4139 foeda
3375 4082 3614 4142 miseria
3652 4084 3839 4159 culpae

2297 4173 2556 4231 actualis,
2573 4175 2762 4243 Quare
2781 4173 3079 4246 benigna?
3101 4175 3252 4245 Quia
3274 4180 3508 4252 separat
3525 4194 3562 4237 a
3577 4178 3840 4252 maligna

2296 4268 2532 4326 miseria
2554 4268 2836 4326 molestiae
2862 4270 3223 4342 temporalis.
3247 4273 3326 4329 De
3352 4271 3548 4346 prima
3561 4288 3670 4347 per
3690 4273 3842 4331 Psal-

2298 4360 2530 4418 mistam
2558 4361 2831 4419 scribitur
2854 4363 2877 4398 ⁷
2904 4381 2918 4419 :
2951 4383 2980 4415 «
2999 4363 3146 4432 Quia
3181 4380 3401 4437 magna
3437 4365 3841 4426 misericordia

2296 4459 2399 4514 tua
2434 4472 2611 4530 super
2648 4473 2776 4528 me,
2816 4460 2873 4515 et
2909 4459 3106 4516 eruisti
3133 4460 3396 4519 animam
3421 4478 3619 4521 meam
3648 4480 3722 4522 ex
3749 4462 3838 4521 in-

2295 4549 2474 4627 ferno,
2500 4550 2797 4609 inferiori:
2827 4571 2855 4606 ι)
2892 4568 3025 4610 eece
3053 4552 3461 4614 misericordia
3486 4572 3734 4629 magna,
3761 4557 3835 4616 li·

2295 4643 2513 4702 berans
2538 4661 2575 4701 a
2611 4645 2789 4719 culpa
2816 4645 3090 4718 originali
3132 4646 3195 4704 in
3231 4652 3498 4723 tempore
3537 4666 3839 4723 regenera-

2296 4737 2493 4796 tioniS.
2549 4740 2627 4795 De
2683 4739 2945 4797 secunda
3000 4757 3108 4814 per
3160 4743 3490 4816 Sapientem
3534 4743 3747 4802 dicitur
3773 4745 3834 4802 ⁸:

2300 4851 2332 4885 a
2357 4830 2630 4906 Speciosa
2667 4836 2752 4889 est
2780 4832 2878 4890 Dei
2907 4834 3309 4893 misericordia
3345 4836 3408 4894 in
3446 4841 3709 4913 tempore
3735 4838 3838 4895 tri-

2296 4925 2639 4997 bulationis,
2664 4926 2813 4984 sicut
2838 4928 3031 4986 nubes
3053 4930 3270 5003 pluviae
3295 4930 3358 4989 in
3385 4935 3648 5006 tempore
3677 4932 3839 4991 sicci·

2296 5020 2459 5078 tatis:
2495 5040 2522 5076 »
2555 5037 2688 5079 ecce
2716 5022 3124 5083 misericordia
3157 5025 3445 5099 speciosa,
3475 5042 3839 5101 praeservans

2300 5130 2338 5171 a
2365 5114 2541 5188 culpa
2566 5115 2782 5173 actuali
2807 5116 3155 5193 intempore
3182 5120 3537 5178 tentationis.
3564 5123 3642 5179 De
3670 5120 3839 5179 tertia

2297 5224 2405 5282 per
2418 5208 2774 5283 prophetam
2792 5210 3059 5284 psallitur
3073 5213 3122 5266 ⁹:
3145 5232 3174 5268 α
3187 5213 3415 5272 Exaudi
3430 5230 3550 5287 me,
3571 5214 3835 5288 Domine,

2300 5336 2319 5366 ⁸
2365 5337 2382 5385 1
2428 5333 2672 5399 Paralip..
2720 5347 2922 5402 xxvm,
2959 5340 3007 5389 9.
3055 5364 3115 5376 -
3167 5339 3183 5370 ⁷
3221 5339 3358 5393 Pml.
3408 5353 3600 5406 cxxxv,
3651 5345 3730 5392 13.
3778 5368 3838 5381 -

2294 5406 2317 5441 ⁸
2348 5409 2526 5471 Eccli„
2561 5418 2715 5472 xxm,
2747 5410 2826 5460 26.
2852 5434 2911 5448 -
2939 5411 2958 5440 ⁹
2986 5411 3124 5462 Psal.
3155 5423 3342 5477 mm,
3376 5417 3452 5467 ¹7.
