4196 6294
118 4491 286 4533 Lutum

61 4550 249 4604 triplex.

1627 450 1992 518 PSALMUS
2033 450 2276 522 XXXIX

420 584 480 645 8.
498 579 583 647 Et
606 594 780 646 nunc
800 597 945 665 quoe
969 589 1063 652 est
1086 587 1441 668 expectatio
1458 600 1599 652 mea
1608 584 1650 649 P.
1666 586 1890 653 Nonne

338 688 696 757 Dominus?
723 692 838 774 qui
864 697 959 757 est
988 712 1181 778 super
1206 695 1445 774 omnia,
1474 695 1541 760 id
1567 699 1662 761 est
1685 695 1890 761 Chris-

337 800 466 862 tus,
506 797 706 864 Nota:
755 799 1040 867 Christus
1074 804 1304 869 dicitur
1338 821 1472 868 esse
1511 822 1706 886 super
1747 823 1888 869 om·

337 924 489 970 nem
533 907 781 988 locum,
823 909 928 973 vel
972 900 1209 975 omnia·
1234 912 1406 990 loca,
1449 912 1623 976 unde
1668 910 1790 975 hoc
1815 917 1883 977 ¹:

348 1037 380 1075 α
406 1014 685 1097 Attingit
710 1034 871 1098 ergo
899 1036 938 1082 a
979 1020 1108 1083 fine
1131 1037 1338 1102 usque
1378 1019 1456 1083 ad
1483 1020 1678 1082 finem
1705 1019 1885 1083 sorti-

336 1125 454 1185 ter.
485 1144 515 1181 n
562 1121 886 1202 Potentia;
930 1142 1086 1189 nam
1122 1125 1182 1189 ei
1222 1128 1246 1162 ¹
1309 1147 1340 1186 α
1373 1125 1649 1190 flectitur
1692 1143 1885 1191 omne

336 1246 535 1311 genu,
567 1251 599 1288 t>
636 1229 867 1294 scilicet
906 1255 936 1292 α
964 1232 1339 1311 coelestium,
1369 1231 1791 1311 terrestrium,
1822 1236 1886 1296 et

336 1335 755 1402 infernorum.
785 1359 816 1398 n
852 1336 931 1402 Et
973 1339 1318 1420 dignitate,
1351 1339 1524 1402 unde
1550 1338 1784 1403 dicitur
1806 1338 1829 1375 ⁸
1860 1361 1874 1402 ε

340 1468 372 1506 α
398 1443 876 1527 Primogenitus
899 1451 1047 1511 ante
1071 1465 1330 1512 omnem
1356 1449 1739 1511 creaturam.
1761 1469 1792 1506 ι)

564 1687 967 1758 PSALMUS
1012 1690 1286 1761 DAVID
1330 1690 1644 1760 XXXIX.

411 1880 472 1938 2.
503 1875 895 1958 Expectans,
928 1880 1262 1960 expectavi
1280 1878 1645 1956 Dominum,
1676 1884 1740 1946 et
1769 1881 1876 1945 in-

332 1981 543 2049 tendit
571 1983 759 2050 mihi.
795 1982 950 2049 Vide
989 2002 1117 2067 quo
1163 1984 1376 2050 modo.
1420 1983 1586 2050 Nam
1631 1991 1881 2051 montes

334 2095 670 2172 expectant
706 2093 997 2157 durando
1016 2140 1033 2171 ,
1074 2093 1371 2158 homines
1418 2094 1872 2160 desiderando:

330 2203 579 2263 montes
603 2205 937 2283 expectant
963 2200 1277 2284 pluviam,
1304 2219 1387 2266 ne
1413 2207 1737 2280 arescant3
1769 2202 1881 2267 ho-

331 2305 539 2370 mines
560 2307 858 2388 gratiam,
888 2326 972 2371 ne
997 2312 1283 2390 pereant.
1317 2308 1439 2384 Qui
1467 2309 1779 2389 durando,
1816 2315 1879 2375 et

328 2432 460 2478 non
487 2417 975 2497 perseveranda,
1028 2420 1341 2498 expectat,
1385 2425 1724 2500 expectans
1747 2436 1879 2483 non

330 2526 652 2603 expectat3
702 2524 814 2606 qui
843 2503 1246 2606 hperseverat,
1296 2528 1360 2589 et
1391 2525 1728 2604 desiderat,
1757 2542 1878 2588 ex-

327 2634 584 2711 pectans
620 2636 932 2714 expectat.
981 2632 1158 2714 Ergo
1202 2637 1548 2715 expectans
1590 2643 1874 2717 expecta,

327 2735 394 2800 id
438 2741 554 2817 est,
600 2757 1013 2821 perseverans
1055 2739 1363 2819 desidera,
1407 2745 1473 2805 et
1511 2741 1877 2806 desiderans

328 2861 664 2926 persevera
696 2847 775 2929 (a)
805 2869 821 2910 ε
870 2851 932 2910 et
966 2847 1151 2912 faciet
1187 2847 1496 2913 Dominus
1535 2849 1708 2932 quod
1742 2868 1875 2915 non

323 2953 718 3020 fraudaberis
743 2974 783 3019 a
808 2956 1128 3021 desiderio
1156 2960 1292 3021 tue.

408 3060 482 3143 (b)
508 3060 698 3127 Nota:
713 3082 862 3127 cum
875 3064 1107 3128 dicitur
1127 3084 1144 3129 ε
1162 3066 1532 3149 Expectans
1540 3071 1877 3150 expectavi

323 3170 685 3251 Dominum,
708 3178 771 3239 et
796 3172 1084 3240 intendit
1111 3174 1305 3255 mihi,
1334 3192 1451 3257 pro
1471 3174 1598 3240 alio
1619 3175 1709 3239 sic
1727 3195 1875 3260 sup-

319 3295 512 3359 pone,
553 3296 668 3361 per
712 3281 1088 3345 antecedens
1128 3285 1193 3345 et
1229 3299 1621 3364 consequens
1659 3305 1672 3346 :
1718 3301 1872 3348 nam

319 3386 434 3467 qui
463 3391 961 3469 expectaverunt
989 3388 1332 3468 Christum,
1365 3407 1497 3453 non
1547 3390 1867 3471 viderunt,

320 3492 430 3556 sed
453 3492 586 3557 alii.

401 3603 462 3664 3.
493 3601 752 3671 Eduxit
781 3620 879 3670 me
909 3603 989 3671 de
1016 3604 1165 3671 lacu
1193 3605 1499 3685 miserioe,
1543 3611 1604 3673 et
1629 3606 1709 3674 de
1737 3608 1869 3675 luto

221 3743 245 3774 s
321 3711 521 3788 t'oecis.
555 3710 711 3776 Tres
756 3713 986 3794 gratiae
1020 3716 1349 3793 notantur,
1389 3713 1666 3780 scilicet:
1701 3716 1870 3780 inci-

234 3823 245 3835 ·
315 3817 516 3899 piens,
549 3818 659 3883 uhi
683 3819 834 3884 dicit
860 3843 875 3882 :
908 3819 1164 3887 Eduxit
1186 3836 1280 3886 me
1297 3821 1375 3887 de
1394 3821 1538 3888 lacu
1556 3824 1868 3895 miserioe:

317 3928 673 4008 proficiens),
712 3927 823 3993 uhi
853 3929 1001 3993 dicit
1032 3950 1046 3992 ε
1095 3929 1349 3996 Diremit
1374 3947 1627 4013 messus
1656 3948 1862 4015 αεσξη

315 4034 670 4116 perficiens,
712 4035 827 4101 ubi
872 4035 1075 4100 dixit:
1122 4038 1404 4106 Immisit
1430 4041 1505 4106 in
1549 4056 1618 4107 os
1660 4058 1867 4108 meum

315 4144 638 4209 canticum
658 4159 918 4210 novum.

395 4254 486 4318 Et
510 4251 590 4318 de
615 4252 747 4319 luto
777 4254 979 4333 foecis.
1009 4250 1174 4318 Nota
1212 4275 1228 4317 ε
1258 4258 1354 4318 est
1386 4254 1597 4320 lutum
1628 4255 1864 4339 platea-

315 4376 461 4424 rum
480 4409 496 4439 ,
546 4360 718 4424 faecis
735 4407 756 4440 ‚
803 4379 885 4425 ex
929 4364 1139 4443 stupo.
1187 4360 1275 4425 De
1319 4362 1530 4444 primo
1575 4363 1699 4428 hoc
1731 4385 1747 4429 ε
1793 4365 1868 4432 Ut

314 4464 519 4531 lutum
572 4466 929 4549 platearum
965 4466 1176 4534 delebo
1222 4484 1325 4536 eos
1357 4488 1381 4534 .·
1429 4475 1493 4534 et
1544 4470 1867 4551 significat

314 4573 644 4639 luxuriam
690 4594 807 4658 per
847 4576 1045 4640 latam
1089 4576 1266 4641 viam
1306 4578 1705 4643 incedentem
1738 4600 1754 4642 ε
1785 4579 1865 4645 de

315 4681 596 4747 secundo
621 4681 746 4747 hoc
777 4683 799 4718 ⁸
827 4703 843 4745 ε
880 4705 911 4743 α
942 4680 1129 4747 Viam
1152 4683 1356 4749 fecisti
1391 4685 1462 4749 in
1489 4686 1655 4751 mari
1681 4687 1865 4770 equis

313 4789 440 4854 tuis
466 4790 538 4853 in
563 4788 704 4861 luto
734 4806 1050 4871 aquarum
1077 4790 1463 4869 multarum;
1495 4813 1527 4851 »
1567 4796 1630 4856 et
1654 4793 1865 4874 signi·

314 4896 460 4961 fleat
488 4913 712 4961 curam
758 4897 1242 4979 temporalium:
1290 4898 1370 4963 de
1412 4898 1599 4966 tertio
1640 4899 1768 4980 hic,
1799 4906 1864 4967 et

313 5004 657 5088 exponitur
682 5003 789 5070 vel
816 5003 896 5068 de
920 5004 1452 5087 concupiscentia,
1474 5006 1580 5072 vel
1602 5006 1680 5072 de
1706 5026 1862 5090 gen-

379 5169 399 5203 ¹
424 5166 561 5231 Sap..
586 5178 700 5228 vm,
731 5171 776 5218 ι.
810 5191 872 5203 -
894 5166 912 5196 “·”
941 5165 1152 5230 Philip„
1183 5178 1244 5228 ιι,
1268 5170 1346 5218 ίο.
1366 5194 1428 5205 -
1454 5167 1477 5204 ⁸
1503 5167 1681 5228 Eccli„
1715 5181 1858 5235 xxiv,

313 5242 362 5290 5.
389 5239 490 5277 ...t
516 5237 651 5288 Psal.
677 5248 807 5298 xvlt,
834 5239 915 5287 43.
942 5263 1005 5274 —
1031 5238 1049 5267 ⁵
1078 5236 1259 5289 nabao.
1286 5277 1300 5299 ,
1328 5249 1419 5299 111,
1461 5241 1538 5289 ¹5.
1559 5266 1619 5277 —
1654 5241 1673 5271 ⁸
1693 5242 1856 5307 loom,

313 5322 392 5374 lx,
415 5313 463 5359 6.
484 5336 546 5349 -
566 5309 585 5344 ⁷
615 5308 724 5368 Job,
740 5320 835 5372 vn,
863 5311 939 5358 19.
969 5334 1031 5347 ·-
1050 5307 1229 5358 8Ρσιιὶ.
1256 5321 1367 5374 xvi,
1393 5312 1469 5361 15.
1502 5312 1598 5347 ...⁹
1624 5312 1858 5379 Luc.,1x,

311 5383 391 5432 62.
421 5407 485 5419 —
505 5382 543 5418 ¹⁰
567 5379 698 5431 Psal.
726 5391 840 5442 ctu,
870 5383 949 5430 25.
973 5407 1029 5418 -
1063 5381 1100 5412 ¹¹
1131 5379 1270 5430 Psal.
1302 5393 1479 5441 nxxw,
1503 5385 1578 5434 ¹6.
1601 5409 1662 5423 -
1689 5385 1724 5415 ¹²
1749 5386 1857 5452 Job,

313 5463 412 5514 vu,
433 5455 511 5503 ¹2.

3426 481 3544 543 207

1998 587 2173 654 tibus
2196 591 2367 658 idola
2394 594 2769 680 colentibuS,
2799 603 2905 668 vel
2949 604 3031 670 de
3055 606 3313 673 miseria
3342 609 3542 694 huius

1996 698 2237 763 saeeuli.
2290 699 2558 784 Lutum,
2618 707 2852 774 scilicet
2896 716 3158 795 sputum
3176 761 3197 794 ‚
3257 717 3431 782 unde
3471 719 3542 782 in

1995 802 2349 889 Evangelio
2379 812 2402 848 ⁸
2427 813 2735 882 Dominus
2760 818 2897 886 luto
2922 824 3177 888 sanavit
3192 826 3410 893 oculos
3426 845 3543 893 ca*-

1995 914 2082 994 ci,
2134 921 2420 1001 apposita
2464 925 2683 991 saliva.
2734 928 2895 994 Nota
2927 953 2943 995 :
2993 932 3207 997 lutum
3254 939 3350 999 est
3393 955 3541 1002 caro

1995 1018 2251 1103 Christi;
2301 1028 2503 1094 saliva
2529 1038 2624 1097 est
2659 1036 2961 1119 sapientia
3003 1039 3231 1123 Patris,
3282 1061 3430 1126 quae
3460 1063 3543 1109 ex

1991 1146 2103 1194 ore
2128 1130 2434 1199 Altissimi
2477 1130 2725 1221 prodiit.
2758 1141 2935 1210 Unde
2958 1145 3077 1211 Joh
3106 1147 3169 1212 ⁷:
3207 1171 3239 1209 α
3266 1148 3407 1215 Non
3439 1152 3542 1216 di-

1991 1237 2194 1302 mittis
2217 1258 2345 1321 me,
2368 1248 2444 1308 ut
2461 1246 2732 1327 glutiam
2751 1251 3054 1318 salivam:
3074 1275 3105 1314 n
3139 1256 3292 1339 quia
3319 1258 3542 1339 cogni-

1990 1344 2081 1410 tio
2108 1347 2433 1429 sapientiae
2473 1353 2679 1421 Patris
2706 1359 2975 1424 venitin
3000 1365 3302 1443 praesenti
3331 1385 3539 1450 usque

1989 1450 2068 1515 ad
2114 1459 2362 1538 guttur,
2405 1477 2536 1525 non
2580 1482 2786 1547 usque
2829 1467 2911 1532 ad
2950 1472 3262 1551 ventrem,
3309 1471 3372 1537 id
3415 1478 3534 1554 est,

1988 1575 2120 1623 non
2141 1580 2345 1646 usque
2362 1568 2443 1632 ad
2456 1569 2829 1654 satietatem,
2847 1574 3091 1641 habens
3108 1579 3535 1660 cognitionem

1985 1666 2064 1732 de
2091 1672 2402 1753 sapientia
2445 1676 2650 1745 Patris
2679 1701 2697 1746 ε
2731 1682 2843 1746 sed
2868 1688 2891 1723 ⁸
2930 1701 2948 1747 ε
2988 1706 3019 1744 α
3045 1683 3355 1765 Satiabor,
3386 1706 3535 1754 cum

1986 1781 2357 1858 apparuerit
2379 1782 2592 1864 gloria
2630 1789 2764 1852 tua.
2793 1811 2824 1848 n
2865 1788 3147 1857 Salivam
3178 1793 3383 1875 igitur
3421 1814 3534 1879 ap-

1985 1885 2200 1965 posuit
2236 1885 2374 1953 luto
2412 1891 2493 1956 ad
2530 1894 2889 1961 sanandum
2921 1915 3164 1964 caecum
3201 1922 3216 1966 ε
3252 1920 3403 1966 nam
3433 1923 3539 1969 sa-

1985 1991 2226 2072 pientia
2262 1998 2359 2059 est
2405 1998 2731 2066 incarnata
2775 2003 2857 2068 ad
2922 2008 3279 2074 sanandum
3325 2029 3537 2092 genus

1985 2097 2372 2167 humanum.

2065 2210 2159 2274 Et
2184 2208 2433 2278 direxit
2447 2229 2702 2296 pressus
2730 2234 2899 2286 meos
2922 2221 2968 2285 ⁹.
2999 2244 3031 2282 α
3048 2221 3250 2289 Nemo
3277 2225 3535 2292 mittens
3615 2257 3773 2301 ma.-

1983 2313 2065 2377 ad
2090 2319 2380 2381 aratrum
2395 2337 2688 2402 manum,
2718 2327 2781 2387 et
2796 2326 3107 2408 aspiciens
3134 2333 3327 2410 retr0,
3347 2338 3534 2416 aptus
3559 2318 3674 2423 22⁰
3706 2320 3769 2362 ‘¹'

1984 2424 2079 2484 est
2121 2440 2330 2504 regno
2359 2426 2522 2492 coeli.
2553 2450 2584 2488 n
2616 2427 2797 2495 Unde
2822 2434 3142 2514 sacerdOS,
3191 2441 3530 2520 postquam

3597 848 3773 898 Lutum

3618 909 3781 955 Salin-

1984 2530 2285 2611 apposuit
2312 2551 2579 2599 manum
2603 2537 2683 2602 ad
2711 2538 2995 2620 calicem,
3016 2542 3255 2607 scilicet
3283 2544 3365 2609 ad
3392 2565 3531 2612 ara·

1982 2639 2181 2716 trum,
2212 2657 2341 2704 non
2386 2645 2697 2710 convertit
2729 2665 2797 2712 se
2833 2648 2915 2712 ad
2957 2650 3295 2733 populum,
3334 2654 3532 2720 donec

1982 2744 2166 2810 finita
2192 2748 2275 2812 sit
2301 2751 2519 2817 missa.

2061 2860 2123 2916 4.
2153 2852 2430 2925 Immisit
2456 2861 2532 2926 in
2569 2877 2639 2928 os
2679 2879 2891 2932 meum
2916 2868 3244 2935 canticum
3268 2886 3525 2939 novum.

1980 2957 2143 3024 Nota
2183 2980 2200 3024 ε
2254 2961 2614 3033 Cardinales
2652 2968 2718 3034 in
2766 2971 2939 3037 festis
2982 2975 3207 3042 diebus
3250 2981 3529 3047 resident
3618 3012 3765 3056 cm-

1980 3066 2164 3150 equis
2198 3072 2380 3136 tectis
2406 3074 2568 3139 albis
2593 3080 2842 3162 pannis,
2866 3080 2989 3146 Per
3015 3102 3254 3167 equum
3281 3087 3522 3173 album,
3558 3074 3762 3179 ffiffl,

1979 3194 2157 3255 car03
2201 3198 2316 3261 per
2350 3201 2640 3265 pannum
2674 3187 2918 3271 album,
2956 3194 3272 3259 munditia
3297 3196 3527 3263 intelli·
3557 3198 3681 3304 {⁵⁹2¹-
3722 3199 3768 3241 ¹¹¹

1977 3283 2159 3365 gitur
2191 3288 2288 3369 (c),
2318 3290 2400 3354 ad
2427 3292 2924 3373 significandum
2949 3303 3120 3382 quod
3158 3303 3389 3369 dehent
3416 3325 3531 3372 su·
3575 3273 3623 3304 ω
3683 3290 3698 3305 ’

1979 3408 2251 3474 peresse,
2283 3395 2348 3461 id
2374 3403 2494 3479 est,
2516 3400 2832 3468 dominari
2857 3408 3053 3487 carni,
3077 3427 3211 3473 non
3236 3429 3382 3477 caro
3411 3414 3526 3493 eiS,

1978 3503 2043 3563 et
2066 3518 2215 3566 caro
2242 3503 2428 3569 debet
2469 3524 2607 3572 esse
2635 3511 2906 3576 munda.
2951 3512 3101 3578 Inde
3143 3520 3206 3579 et
3233 3535 3529 3587 summus

1980 3605 2274 3674 Pontifex
2299 3629 2554 3696 semper
2572 3617 2818 3699 equitat
2831 3620 3013 3702 equis
3029 3622 3211 3706 albia,
3243 3628 3307 3689 et
3328 3645 3529 3709 quan·

1978 3714 2188 3799 doque
2214 3720 2395 3784 tectis
2417 3724 2646 3803 pannis
2667 3724 2904 3806 sericiS‚
2930 3728 3012 3791 ad
3029 3730 3527 3812 significandum

1975 3822 2146 3904 quod
2175 3823 2361 3889 debet
2386 3826 2623 3895 hahere
2648 3831 2937 3914 virtum,
2971 3854 3132 3919 quas
3159 3839 3527 3920 significant

1974 3930 2173 4011 panni
2197 3933 2402 3998 serici.

2054 4044 2117 4104 6.
2148 4041 2362 4109 Multa
2390 4044 2628 4123 fecisti.
2674 4046 2869 4130 Mare,
2902 4052 3238 4136 saeculum,
3269 4065 3529 4145 propter

1974 4148 2494 4230 amaritudinem,
2525 4153 2697 4218 unde
2724 4154 2846 4221 hoc
2868 4159 2915 4198 ¹⁰
2948 4178 2966 4223 ε
2999 4184 3030 4224 α
3054 4161 3187 4229 Hoc
3216 4185 3527 4237 marema-

1976 4271 2186 4335 gnum
2210 4261 2273 4321 et
2299 4259 2647 4341 spatiosum
2667 4280 2685 4341 ;
2705 4283 2734 4321 n
2761 4264 2873 4328 ubi
2903 4284 3183 4350 magnus
3211 4274 3400 4355 piscis
3424 4279 3529 4342 de-

1972 4367 2158 4427 vorat
2185 4363 2519 4430 minorem.
2561 4366 2646 4449 (d)
2670 4367 2952 4453 Gentilis,
2975 4383 3236 4460 propter
3263 4381 3527 4451 fluctua-

1970 4470 2247 4550 tionem,
2308 4472 2462 4554 quia
2510 4474 2748 4540 scilicet
2796 4477 3067 4547 fluctuat
3128 4486 3200 4568 (e)
3263 4488 3333 4552 in
3402 4489 3527 4555 hoc

1972 4577 2239 4657 mund0,
2271 4580 2441 4644 unde
2466 4580 2589 4647 hoc
2619 4583 2663 4625 ¹¹
2690 4605 2707 4648 τ
2744 4608 2776 4646 α
2795 4583 2870 4651 ln
2897 4590 3063 4654 mari
3087 4592 3196 4657 via
3219 4597 3354 4660 tua.
3378 4620 3409 4656 n
3447 4597 3524 4663 Et

1971 4683 2217 4750 dicitur
2241 4686 2460 4767 homo,
2509 4695 2773 4774 propter
2801 4695 3320 4783 profunditatem,
3353 4705 3527 4770 unde

1970 4791 2087 4856 Joh
2120 4794 2201 4857 ¹¹:
2231 4793 2604 4878 «Numquid
2630 4815 2758 4879 ego
2787 4818 2932 4865 sum
2962 4807 3182 4871 mare?
3208 4829 3239 4867 υ
3272 4805 3352 4874 Et
3373 4809 3526 4875 dici-

1972 4903 2077 4963 tur
2105 4899 2498 4983 BaptismuS,
2519 4904 2688 4969 unde
2713 4924 2732 4969 ε
2757 4905 2929 4975 Mare
2957 4909 3252 4980 Rubrum
3278 4916 3525 5000 signifi·
3551 4890 3765 4998 2¹3,”‘

3597 4094 3736 4136 Maro.

2032 5103 2097 5166 (α)
2139 5103 2263 5156 Coet.
2287 5104 2411 5156 edet.
2450 5108 2750 5171 expectat...
2777 5108 3088 5165 desiderat...
3118 5122 3435 5181 perseverat.
3463 5148 3520 5159 —

1973 5173 2046 5240 (b)
2075 5176 2132 5225 tn
2164 5180 2277 5228 caet.
2313 5177 2435 5229 edit.
2471 5178 2728 5229 habentur
2765 5179 2989 5234 ibinotae
3017 5185 3155 5238 clrca
3185 5188 3445 5242 diabolum
3472 5195 3526 5244 et

1970 5247 2105 5298 circa
2134 5248 2435 5300 tentationis
2473 5249 2724 5315 originem
2741 5288 2758 5316 ,
2784 5266 2911 5317 quas
2938 5257 3111 5319 potius
3144 5262 3524 5316 transferendas

1968 5319 2263 5371 censuimus
2289 5321 2355 5371 ad
2382 5320 2517 5371 Peal.
2541 5334 2626 5384 xe,
2676 5325 2763 5386 ¹3,
2801 5327 2854 5373 et
2893 5326 2959 5376 ad
2984 5328 3123 5380 Psal.
3163 5345 3294 5398 xvu,
3339 5337 3420 5385 3⁰.
3460 5362 3526 5375 -

1973 5391 2037 5453 (c)
2070 5391 2191 5444 Coet.
2223 5391 2345 5443 edit.
2374 5391 2679 5443 munditiam
2707 5392 2959 5460 intelligit.
2985 5425 3047 5437 —
3082 5401 3158 5468 (d)
3195 5405 3351 5471 Supp,
3383 5408 3523 5459 Mare

1968 5463 2169 5514 dicitur.
2193 5490 2254 5503 -
2282 5464 2350 5530 (e)
2381 5465 2507 5516 coet.
2539 5463 2661 5517 edit.
2690 5465 2950 5519 fluctuant.
