4196 6294
817 398 939 460 6³4

898 528 1025 594 Sed
1049 527 1364 612 quaeritur
1386 529 1466 595 de
1491 530 1637 611 hoc,
1666 531 1840 614 quod
1864 531 2046 596 dicit¹
2072 551 2092 596 :
2124 534 2363 601 Melius

817 642 914 706 est
962 635 1182 703 videre
1222 636 1398 720 quod
1439 640 1703 722 cupias,
1749 655 1944 722 quam
1995 639 2365 708 desiderare

817 744 989 828 quod
1022 744 1275 811 nescias
1298 762 1322 809 .·
1362 762 1525 827 ergo
1573 745 1885 830 implicat,
1926 748 2100 829 quod
2132 748 2367 832 aliquis

816 854 1023 935 potest
1047 852 1434 929 desiderare,
1475 854 1648 937 quod
1674 855 1894 919 nescit.
1926 854 2195 920 Contra:
2227 856 2365 922 Au-

820 958 1121 1040 gustinus
1148 959 1303 1023 dicit
1327 967 1374 1039 ⁸,
1405 961 1579 1045 quod
1608 961 1818 1025 invisa
1843 980 2187 1044 possumus
2214 964 2364 1029 dili-

819 1084 974 1148 gere
987 1116 1005 1147 ,
1031 1067 1356 1150 incognita
1381 1087 1790 1153 nequaquam
1821 1091 1837 1134 2
1869 1070 1923 1133 si
1945 1070 2025 1153 (a)
2058 1070 2261 1152 igitur
2285 1072 2365 1136 ad

820 1175 963 1254 hoc,
970 1176 1139 1257 quod
1151 1175 1379 1259 aliquis
1395 1177 1722 1259 diligatur,
1739 1177 2133 1243 desideratur
2148 1178 2248 1261 (b),
2260 1196 2367 1243 ne-

821 1301 991 1348 cesse
1017 1287 1113 1347 est
1139 1285 1471 1365 cognosci.
1512 1285 1832 1350 Praeterea
1863 1285 2128 1350 affectus
2154 1287 2364 1369 sequi-

820 1395 929 1456 tur
978 1392 1408 1458 intellectum:
1454 1411 1617 1475 ergo
1630 1442 1647 1472 ,
1693 1394 1805 1459 ubi
1841 1393 2195 1459 intellectus
2234 1412 2367 1460 non

820 1504 1149 1588 praecedit,
1188 1523 1321 1571 non
1348 1523 1418 1569 se
1443 1505 1726 1570 extendit
1766 1505 2070 1570 affectus:
2117 1505 2228 1571 sed
2263 1506 2367 1569 in-

820 1612 1110 1677 tellectus
1145 1631 1279 1678 non
1302 1614 1586 1679 extendit
1611 1632 1680 1678 se
1711 1614 1792 1678 ad
1818 1633 1917 1690 ea,
1948 1631 2097 1698 quae
2128 1613 2362 1678 nescit:

820 1738 980 1802 ergo
1014 1740 1133 1786 nec
1174 1722 1436 1787 affectus
1473 1721 1585 1786 illa
1625 1722 1955 1788 desiderat.
1998 1722 2367 1805 Respondeo

767 1845 779 1859 ·
821 1828 1197 1907 dicendum,
1227 1829 1399 1911 quod
1437 1828 1676 1911 duplex
1710 1834 1807 1893 est
1836 1829 2147 1911 cognitio,
2181 1829 2368 1894 certi-

821 1935 1064 2000 tudinis
1104 1935 1368 2014 scilicet,
1416 1939 1481 2000 et
1516 1936 1990 2002 aestimationis:
2032 1935 2125 2001 sic
2159 1940 2224 2002 et
2253 1953 2368 2019 per

821 2043 1184 2125 oppositum
1229 2042 1466 2125 duplex
1505 2043 1850 2108 nescientia
1864 2093 1882 2123 ,
1926 2062 2057 2108 una
2094 2062 2210 2127 per
2241 2044 2369 2127 pri-

822 2148 1146 2213 vationem
1181 2148 1523 2232 cujuslibet
1550 2150 1945 2214 certitudinis
1966 2199 1984 2230 ,
2016 2152 2079 2216 et
2103 2149 2229 2214 alia
2254 2168 2369 2233 per

823 2238 1248 2340 privationem
1314 2255 1657 2339 cuiuslibet
1702 2257 2160 2322 aestimationis.
2217 2257 2368 2323 Dico

824 2380 1015 2444 erge,
1052 2363 1224 2445 quod
1266 2364 1346 2428 ad
1383 2363 1539 2443 hoc,
1573 2363 1745 2446 quod
1783 2363 2019 2446 aliquid
2063 2362 2371 2428 desidere-

821 2473 952 2549 tur,
982 2488 1116 2533 non
1140 2487 1396 2535 necesse
1422 2473 1519 2535 est
1540 2470 1713 2554 quod
1744 2471 2059 2554 praecedat
2083 2470 2368 2552 cognitio

823 2576 1242 2657 certitudini5‚
1261 2577 1645 2642 desiderium
1667 2577 1838 2642 enim
1856 2578 2145 2661 sequitur
2166 2577 2368 2642 solam

822 2685 1343 2764 aestimationem3
1382 2685 1493 2751 sed
1518 2689 1784 2768 oportet,
1817 2685 1989 2768 quod
2025 2684 2239 2768 aliqua
2266 2702 2369 2750 oo·

821 2792 1030 2875 gnitio
1056 2792 1492 2857 aestimationis
1517 2793 1832 2876 praecedat
1858 2814 1874 2856 t
1904 2792 2011 2857 hic
2038 2798 2251 2857 autem
2281 2791 2369 2857 lo-

822 2901 1043 2984 quitur
1068 2901 1147 2966 de
1185 2900 1531 2967 nescientia
1570 2918 1686 2983 per
1724 2901 2150 2983 privationem
2180 2900 2365 2966 certi—

821 3008 1066 3074 tudinis
1092 3008 1186 3090 (c).

1314 3168 1640 3239 CAPUT
1701 3168 1868 3239 Vll.

901 3347 932 3406 1
945 3389 961 3406 .
988 3340 1159 3419 Quid
1167 3355 1414 3407 necesse
1426 3346 1543 3420 est,
1557 3342 1714 3405 etc.?
1726 3338 1842 3405 Hic
1854 3344 2112 3407 revocat
2125 3340 2310 3406 tertio
2329 3359 2369 3406 a

818 3447 1276 3534 perscrutando
1328 3446 1665 3527 sublimia,
1723 3451 1788 3513 et
1833 3448 2249 3531 requirend03
2304 3451 2367 3512 et

820 3557 966 3633 hoc,
996 3573 1143 3620 cum
1169 3555 1402 3621 habeat
1430 3555 1786 3620 satisfacere
1814 3556 1893 3620 de
1923 3555 2368 3637 cognoscendo

819 3681 937 3728 sua
957 3662 1213 3746 propria
1239 3662 1433 3740 mala,
1454 3661 1558 3726 vel
1585 3662 1978 3743 communia,
2001 3663 2145 3727 ideo
2172 3661 2361 3727 dicit:

824 3769 995 3845 Quid
1019 3785 1261 3837 necesse
1289 3775 1382 3837 est
1402 3769 1651 3837 homini
1678 3769 1930 3852 majora
1950 3785 2015 3836 se
2041 3768 2368 3852 quoerere?

822 3877 1008 3961 quasi
1035 3877 1240 3942 dicat:
1273 3874 1416 3940 Non
1454 3880 1553 3941 est
1590 3894 1879 3954 necesse,
1924 3879 1998 3940 ut
2039 3869 2270 3941 dicitur
2299 3877 2361 3942 ⁸:

829 4007 861 4046 ι
887 3983 1130 4049 Altiora
1156 3987 1221 4048 te
1258 4001 1341 4047 ne
1381 3982 1740 4066 quaesieris,
1786 3986 1851 4047 et
1894 3982 2155 4048 fortiora
2186 3986 2249 4046 te
2285 3999 2368 4045 ne

821 4094 1139 4157 scrutatus
1167 4090 1399 4168 fueris;
1422 4112 1454 4150 n
1480 4094 1543 4155 et
1570 4089 1631 4153 ⁴:
1666 4111 1697 4149 α
1724 4088 1866 4154 Noli
1893 4089 2094 4154 altum
2122 4107 2364 4172 sapere,

819 4199 931 4264 sed
956 4198 1131 4263 time.
1172 4218 1204 4258 ιο
1222 4196 1300 4262 Et
1327 4195 1665 4278 subjungit
1690 4196 2027 4276 rationem,
2056 4197 2211 4279 quia
2233 4214 2367 4261 nou

821 4307 1007 4373 debet
1041 4323 1332 4389 quaerere
1367 4307 1654 4387 majora:
1693 4304 1849 4370 Cum
1874 4306 2128 4388 iquoret
2144 4352 2166 4385 ,
2205 4303 2369 4388 quid

821 4415 1137 4482 conducat
1167 4413 1295 4480 sibi
1332 4413 1408 4478 in
1443 4413 1588 4479 vita
1615 4429 1767 4492 sua,
1797 4412 1863 4477 id
1897 4416 2021 4492 est,
2062 4412 2219 4494 quid
2246 4411 2368 4476 sibi

823 4523 906 4587 sit
924 4522 1100 4587 utile.
1125 4526 1148 4562 ⁸
1170 4543 1201 4582 α
1222 4519 1484 4585 Difficile
1510 4520 1902 4586 aestimamus
1927 4537 2075 4603 quae
2103 4520 2173 4583 in
2186 4522 2369 4584 terra

824 4634 1009 4695 sunt:
1040 4632 1103 4694 et
1130 4645 1277 4712 quae
1318 4627 1385 4692 in
1425 4631 1763 4711 prospectu
1786 4632 1965 4708 sunt,
1995 4627 2368 4693 invenimus

824 4757 973 4804 cum
998 4736 1239 4802 labore.
1269 4733 1427 4812 Quae
1463 4739 1678 4800 autem
1716 4736 1787 4799 in
1814 4735 1988 4800 coelis
2016 4737 2197 4811 sunt,
2227 4733 2371 4817 quis

825 4845 1282 4927 investigabit?
1306 4844 1623 4925 »Ignorat
1648 4845 1891 4928 utique,
1919 4844 2075 4928 quid
2105 4843 2186 4907 sit
2214 4842 2370 4908 utile

892 5044 910 5079 ¹
935 5045 1121 5108 Supra,
1160 5054 1243 5107 vr,
1280 5045 1328 5094 9.
1357 5068 1420 5081 —
1455 5043 1478 5078 ¹
1507 5044 1660 5109 Aug„
1695 5043 1755 5094 de
1794 5043 1997 5107 Triste..
2024 5042 2116 5093 lib.
2152 5042 2226 5106 X,
2256 5056 2303 5094 c.
2329 5055 2368 5093 1.

823 5144 888 5156 —
918 5118 938 5148 ³
966 5116 1143 5179 Eccli„
1178 5127 1271 5180 111,
1299 5118 1380 5165 22.
1411 5142 1474 5153 -
1508 5116 1527 5146 ⁸
1558 5117 1716 5176 Rom„
1750 5128 1832 5181 ιι,
1867 5120 1946 5169 2ο.
1980 5142 2040 5155 -—
2072 5117 2090 5146 ⁵
2123 5117 2266 5179 Sap„
2292 5127 2370 5178 ιι,

828 5190 907 5239 16.
932 5215 997 5226 -
1030 5188 1053 5223 ⁸
1083 5187 1225 5249 Gen„
1254 5197 1426 5249 nvn,
1455 5190 1502 5238 9.
1534 5215 1588 5224 —
1623 5188 1646 5224 ⁷
1689 5190 1728 5237 ΙΙ
1759 5188 1902 5242 cor..
1926 5200 1976 5252 v,
2008 5191 2055 5239 6.
2085 5210 2147 5224 -
2185 5189 2204 5219 ⁸
2232 5185 2371 5237 Psal.

826 5271 1052 5323 xxxvm,
1079 5261 1153 5311 ¹3.
1202 5286 1258 5297 -
1288 5260 1308 5290 ⁹
1334 5259 1351 5309 Ι
1380 5257 1572 5322 Par-ol„
1602 5270 1749 5324 1111,
1775 5263 1852 5312 15.
1875 5285 1938 5298 --
1967 5262 2009 5297 ¹·
2035 5262 2158 5322 Ita„
2185 5270 2370 5322 xnvm,

832 5331 911 5381 13.
934 5355 990 5366 -
1024 5331 1058 5360 ¹¹
1087 5328 1241 5390 Intra,
1266 5340 1384 5393 vm,
1413 5331 1463 5379 7.
1485 5357 1539 5367 -
1572 5330 1611 5367 ¹²
1629 5329 1810 5393 Exti„
1837 5343 1917 5394 111,
1947 5333 2028 5381 22.
2052 5356 2115 5370 -
2146 5331 2185 5367 ¹³
2213 5330 2371 5395 Rom,

831 5410 909 5466 11,
935 5401 1014 5449 20.
1042 5425 1104 5439 -
1133 5400 1167 5431 ¹⁴
1201 5400 1354 5464 Aug„
1383 5400 1560 5452 Eum.
1589 5400 1646 5453 in
1674 5400 1807 5452 Psal.
1843 5413 1992 5453 tvm.

1828 395 2244 464 Exposrrlo
2289 397 2371 464 ΙΝ
2413 399 3018 471 ECCLESIASTEN.

2470 537 2543 601 in
2577 537 2697 602 hac
2741 539 2876 604 vita
2913 544 3392 620 momentanea3
3434 542 3601 607 unde
3623 543 3938 627 subiungit:

2470 644 2746 712 Numero
2769 645 3023 714 dierum
3036 650 3576 732 percarinationis
3592 667 3735 718 παι».
3757 651 3777 686 ⁸
3793 677 3819 713 ι
3834 652 3942 718 nien

2469 753 3007 835 peregrinationis
3032 742 3184 820 vitae
3215 774 3410 836 meae,
3456 762 3702 823 centum
3729 759 3942 841 triginta

2471 878 2786 925 annorum
2816 866 2989 941 sunt,
3018 863 3221 946 parvi,
3251 867 3315 928 et
3334 863 3512 942 mali;
3539 885 3569 923 ι
3597 866 3756 929 etita
3785 866 3942 943 Quan-

2470 967 2583 1031 diu
2622 984 2850 1031 sumus
2877 967 2946 1031 in
2981 968 3104 1032 hoc
3129 987 3422 1052 corpore,
3456 972 3943 1052 peregrinamura

2472 1073 2761 1139 Domino.
2806 1097 2837 1135 n
2873 1077 2956 1143 Et
2992 1080 3297 1160 tempore,
3339 1077 3516 1159 quod
3565 1077 3729 1145 velut
3772 1079 3943 1146 umbra

2462 1182 2888 1265 proeten'tffl).
2909 1188 2974 1243 ἀ
3001 1183 3335 1264 Peregrini
3363 1203 3591 1250 sumus
3617 1204 3808 1250 coram
3830 1190 3878 1251 le
3899 1191 3943 1250 et

2472 1289 2766 1369 advenae,
2796 1290 2961 1354 sicut
2983 1307 3206 1354 omnes
3233 1296 3447 1374 patres
3464 1292 3679 1356 nostri.
3697 1315 3726 1353 n
3747 1293 3767 1327 ⁹
3799 1316 3825 1353 α
3842 1292 3945 1358 Dies

2472 1397 2671 1461 nostri
2717 1399 2901 1481 quasi
2946 1399 3180 1463 umbra
3217 1418 3411 1482 super
3445 1403 3677 1465 terram
3691 1448 3707 1477 ,
3737 1405 3792 1464 et
3814 1401 3946 1464 nulla

2473 1508 2571 1568 est
2595 1523 2798 1570 mora.
2828 1528 2858 1566 n
2895 1505 2975 1570 Et
3001 1506 3090 1570 ita
3125 1524 3238 1589 per
3281 1525 3351 1571 se
3393 1525 3525 1571 non
3562 1510 3752 1590 potest
3781 1507 3945 1590 inqui·

2473 1630 2647 1692 rere,
2676 1629 2796 1676 nec
2818 1613 3007 1677 etiam
3044 1612 3126 1677 ab
3166 1613 3291 1677 alio
3318 1614 3637 1678 addiscere
3664 1614 3764 1696 (e);
3798 1632 3944 1696 prop-

2473 1722 2646 1785 terea
2687 1719 3067 1801 subjungit:
3111 1721 3244 1787 Aut
3283 1723 3433 1803 quis
3467 1723 3529 1787 ei
3564 1724 3776 1805 poterit
3808 1721 3947 1787 indi-

2473 1843 2642 1906 care,
2679 1826 2841 1910 quid
2866 1832 3011 1909 post
3049 1843 3189 1894 eum
3216 1834 3560 1895 venturum
3586 1831 3672 1896 sit
3692 1829 3793 1894 sub
3815 1828 3948 1894 sole?

2474 1933 2611 1999 Non
2638 1934 2812 1998 enim
2841 1934 3036 1999 homo
3058 1935 3176 1998 scit
3200 1936 3442 2016 futura,
3474 1936 3599 2000 nisi
3624 1936 3856 2001 Domino
3874 1952 3943 1998 re-

2473 2041 2724 2107 velante
2739 2088 2760 2120 ,
2797 2040 2925 2106 nisi
2961 2060 3075 2124 per
3115 2043 3417 2124 gratiam.
3450 2044 3593 2110 Ideo
3621 2045 3695 2109 ad
3718 2044 3824 2108 hoc
3850 2060 3946 2106 non

2475 2149 2661 2213 debet
2699 2150 2898 2214 homo
2944 2150 3400 2232 cogitationem
3431 2153 3753 2236 applicare.
3788 2153 3825 2191 ¹⁰
3854 2174 3877 2211 ι
3892 2149 3947 2213 Et

2475 2273 2606 2320 non
2632 2256 2862 2321 audisti
2889 2275 2984 2337 ea,
3016 2276 3099 2322 ne
3127 2257 3287 2321 forte
3323 2258 3534 2324 dicas:
3566 2259 3714 2324 Ecce
3737 2258 3949 2339 cognovi

2474 2381 2573 2429 ea.
2606 2363 2822 2447 Neque
2849 2365 3111 2445 audisti,
3142 2383 3353 2449 neque
3384 2367 3764 2449 cognovisti,
3791 2382 3948 2447 neque

2475 2492 2559 2539 ex
2584 2476 2739 2537 tunc
2760 2478 2978 2557 aperta
2989 2480 3087 2539 est
3111 2476 3288 2540 auris
3311 2481 3452 2542 tua.
3473 2500 3504 2537 υ
3530 2476 3684 2543 Et¹¹:
3705 2475 3950 2557 «Ignorat

2474 2581 2672 2646 homo
2697 2583 3049 2665 praeterita,
3089 2587 3153 2649 et
3178 2586 3397 2649 futura
3424 2586 3604 2650 nullo
3629 2587 3813 2667 potest
3832 2581 3949 2646 scire

2474 2689 2724 2753 nuntio.
2758 2710 2790 2749 n
2813 2689 2991 2755 Unde
3031 2690 3204 2756 solus
3238 2691 3406 2757 Deus
3447 2693 3661 2757 futura
3693 2687 3950 2774 cognoscit

2476 2799 2540 2862 et
2563 2796 2803 2861 revelat
2829 2799 2936 2879 (t).

2555 2905 2877 2984 Quaeritur
2916 2907 2993 2971 de
3041 2907 3196 2986 hoc,
3241 2906 3415 2989 quod
3452 2907 3600 2972 dicit
3640 2930 3655 2971 ε
3700 2902 3847 2983 Quia
3871 2915 3949 2966 ne-

2475 3028 2642 3080 cesse
2670 3019 2763 3080 est
2787 3013 3036 3081 homini
3061 3012 3310 3096 majora
3334 3030 3403 3080 se
3431 3014 3744 3098 quaerere?
3766 3010 3847 3076 Ex
3866 3007 3951 3073 hoc

2475 3120 2750 3201 videtur,
2773 3120 2944 3205 quod
2975 3120 3169 3187 homo
3194 3139 3325 3187 non
3351 3121 3582 3188 debeat
3606 3118 3822 3205 aliquid
3841 3131 3951 3199 per-

2476 3228 2743 3294 scrutari
2761 3277 2778 3308 ,
2809 3246 2929 3292 nec
2955 3228 3245 3294 laborare
3277 3229 3355 3312 (9)
3387 3246 3802 3312 cognoscere,
3827 3220 3950 3308 quod

2474 3336 2599 3402 hoc
2651 3337 2735 3400 sit
2774 3355 2971 3421 supra
3015 3355 3082 3401 se
3128 3359 3143 3401 ε
3193 3341 3259 3403 et
3283 3338 3595 3420 probatur
3632 3356 3712 3404 ex
3748 3334 3840 3399 illo
3875 3333 3907 3371 ¹¹
3936 3348 3947 3389 ε

2484 3467 2517 3505 α
2540 3444 2782 3509 Altiora
2819 3449 2885 3508 te
2924 3463 3006 3510 ne
3045 3445 3414 3529 quaesieris3
3447 3467 3479 3506 n
3513 3450 3578 3511 et
3604 3446 3648 3482 ¹⁸
3676 3466 3737 3509 εει
3761 3438 3879 3507 Noli
3896 3434 3954 3501 al·

2474 3554 2619 3615 tum
2654 3570 2904 3635 sapere,
2938 3552 3048 3617 sed
3082 3553 3259 3616 time.
3290 3574 3321 3612 n
3358 3551 3486 3619 Sed
3513 3555 3727 3617 contra
3753 3571 3768 3612 ε
3797 3546 3951 3611 Homo

2476 3661 2572 3723 est
2620 3657 2687 3721 in
2714 3641 2947 3723 'medio
3000 3659 3165 3724 inter
3213 3663 3543 3725 creaturas
3590 3655 3876 3731 visibiles,
3911 3651 3956 3712 el

2478 3763 2719 3829 Deum:
2749 3766 2859 3830 sed
2886 3766 3037 3831 dicit
3062 3765 3476 3849 Augustinus
3508 3773 3575 3847 ¹⁸,
3608 3765 3767 3850 quod
3790 3759 3956 3826 aninu

2477 3872 3267 3952 hominis-obtenebratur,
3300 3875 3561 3958 quando
3596 3876 3662 3938 in
3687 3873 3780 3938 his
3802 3874 3953 3933 terre-

2477 3979 2579 4042 nis
2607 3983 2671 4044 et
2704 3979 2943 4044 infimis
2968 3981 3231 4046 oculum
3256 3982 3434 4064 flgit3
3470 3983 3847 4048 illuminatur
3868 3990 3951 4037 au·

2478 4090 2646 4166 tem,
2704 4105 2853 4151 cum
2906 4089 3301 4152 convertitur
3348 4090 3431 4156 ad
3489 4095 3725 4156 aeterna
3771 4087 3910 4149 bona
3942 4098 3953 4139 :

2479 4213 2642 4276 ergo
2681 4213 2933 4278 semper
2975 4195 3087 4261 illa
3130 4196 3317 4261 debet
3359 4216 3651 4281 quaerere
3696 4215 3713 4260 ε
3755 4191 3848 4258 sed
3880 4184 3959 4251 illa

2480 4305 2633 4366 sunt
2658 4301 2925 4368 altiora:
2957 4321 3141 4385 ergo,
3176 4303 3495 4371 Praeterea
3521 4318 3833 4387 nunqnam
3854 4292 3958 4360 ani·

2479 4427 2587 4474 ma
2625 4409 2957 4491 perficitur
2995 4411 3380 4492 perfectione
3419 4412 3754 4496 completa,
3782 4403 3886 4471 nisi
3911 4400 3959 4462 in

2478 4516 2582 4582 his
2612 4534 2759 4600 quae
2801 4520 2955 4581 sunt
2990 4517 3216 4583 altiora
3252 4521 3424 4601 ipsa;
3464 4520 3578 4584 sed
3619 4506 3959 4596 unumquod-

2480 4642 2604 4707 que
2644 4623 3029 4708 perfectibile
3071 4625 3257 4691 debet
3298 4626 3598 4707 tendere,
3628 4631 3689 4691 et
3725 4629 3959 4707 quaerere

2479 4732 2545 4796 id
2571 4733 2639 4795 in
2669 4749 2796 4813 quo
2822 4731 3149 4813 perficitur
3181 4751 3198 4796 ε
3242 4750 3404 4814 ergo
3443 4751 3730 4817 quaerere
3760 4727 3957 4794 altiora.

2481 4839 2548 4904 Si
2577 4839 2750 4903 dicas
2769 4886 2786 4918 ,
2831 4839 3000 4921 quod
3043 4857 3178 4904 non
3220 4838 3620 4923 intelligitur,
3667 4836 3824 4923 quod
3862 4843 3959 4895 110ss

2543 4968 2611 5033 (α)
2643 4966 2759 5018 Del.
2787 4967 2913 5019 si.—
2945 4967 3013 5033 (b)
3043 4968 3157 5034 [ις.
3189 4969 3381 5034 aliquid
3404 4970 3638 5036 diligatur
3662 4967 3740 5019 vel
3765 4958 3963 5016 desidere·

2479 5043 2580 5092 tur.
2600 5065 2663 5078 —
2692 5040 2753 5100 (c)
2790 5040 2935 5091 Totus
2961 5041 3057 5091 iste
3086 5040 3247 5104 locus,
3284 5057 3316 5092 a
3350 5041 3481 5093 linea
3508 5059 3528 5093 .·
3558 5042 3655 5094 Sed
3684 5035 3894 5104 quaeritur
3917 5026 3961 5076 de

2480 5114 2597 5177 hoc,
2625 5110 2763 5176 quod
2796 5111 2942 5176 dicit,
2971 5115 3089 5172 etc„
3120 5114 3173 5162 in
3208 5117 3317 5163 ooet.
3345 5114 3467 5165 edit.
3511 5112 3776 5162 translatus
3798 5106 3889 5155 erat
3915 5093 3965 5145 ad

2480 5188 2630 5250 capue
2664 5186 2958 5249 septimum,
3002 5187 3287 5239 immediate
3330 5192 3481 5239 ante:
3523 5186 3767 5248 Quaeritnr
3803 5180 3857 5230 de
3890 5173 3964 5223 ΒΜ

2483 5257 2621 5323 quod
2637 5256 2785 5308 dicit:
2818 5258 2951 5318 Quid
2974 5272 3161 5309 necesse
3174 5262 3251 5309 est
3268 5259 3458 5310 laomim·
3478 5260 3667 5323 majora
3686 5270 3736 5306 se
3758 5237 3964 5318 qm?

2481 5356 2546 5369 ...
2559 5328 2633 5394 (d)
2653 5328 2731 5379 ΑΙ.
2751 5330 3086 5394 preteriit.—
3098 5331 3162 5395 (e)
3182 5330 3305 5383 σοι.
3324 5330 3443 5381 edit.
3461 5330 3784 5382 adducere.-
3796 5320 3859 5388 (Ι)
3877 5310 3963 5366 Ἧά
4088 5387 4089 5406 ἢ

2487 5414 2599 5466 cap.
2628 5413 2807 5465 proc„
2832 5399 2885 5451 in
2909 5400 3030 5452 fine.
3054 5427 3116 5441 -
3140 5402 3210 5468 (9)
3242 5403 3365 5456 cat.
3392 5401 3509 5455 edit.
3539 5400 3727 5453 labore.
