4196 6294
1638 441 2001 510 PSALMUS
2043 441 2307 509 CXVIII.

373 579 558 638 animi
582 579 1100 640 mortificationem
1120 584 1364 656 propter
1389 579 1638 639 maximi
1667 579 1739 654 (α)
1768 595 1918 654 ρω-

373 673 820 744 varicationem,
844 678 901 731 et
932 673 1116 747 ipsius
1143 674 1605 733 vivificationem
1630 689 1739 747 per
1761 672 1922 732 illius

368 766 846 839 justificationem
855 785 874 838 3
893 768 1012 826 hoc
1031 775 1136 838 est,
1149 768 1621 843 compassionem
1640 768 1707 842 (b)
1727 783 1921 826 mora-

372 860 447 918 lis
457 903 478 933 ,
507 865 565 919 et
591 861 1160 934 congratulationem
1185 863 1319 920 vitoe
1345 860 1684 936 spiritualis.

883 1021 1167 1076 Articuius
1186 1022 1424 1092 primus.

445 1143 705 1208 Pflmum
758 1143 1075 1203 insinuavit
1123 1145 1412 1219 Propheta
1436 1189 1456 1218 ‚
1513 1161 1652 1204 cum
1705 1145 1853 1203 dixit
1904 1165 1918 1203 :

381 1238 539 1310 Vide,
571 1241 822 1309 Domine,
852 1237 958 1312 qui
979 1238 1222 1297 intueris
1252 1256 1375 1311 cor,
1400 1239 1645 1314 qualiter
1671 1238 1922 1297 inimicis

373 1332 522 1389 meis
561 1331 922 1406 compatior,
953 1331 1211 1406 ,qualiter
1233 1333 1624 1391 morientibus
1650 1348 1920 1391 commo-

372 1426 532 1484 rior:
564 1425 707 1500 quia
728 1425 746 1459 ¹
773 1444 802 1478 α
825 1425 992 1484 fortis
1006 1430 1111 1497 est,
1138 1430 1203 1484 ut
1228 1443 1411 1500 morS,
1441 1426 1714 1498 dilectio;
1745 1427 1920 1499 dura,

372 1519 522 1576 sicut
556 1518 821 1576 infernus
838 1563 858 1592 ,
888 1519 1204 1577 oemulatio.
1249 1541 1277 1574 ιο
1312 1523 1378 1578 Et
1411 1524 1584 1591 nota,
1617 1520 1785 1595 quod
1814 1520 1922 1578 tria

371 1612 535 1670 videt
583 1612 866 1670 Dominus
928 1612 1180 1671 libenter
1233 1613 1297 1671 in
1357 1613 1594 1686 anima3
1646 1613 1924 1672 videlicet

371 1705 783 1776 humilitatem,
813 1706 1180 1776 charitatem,
1205 1710 1261 1764 et
1278 1707 1558 1781 pietatem
1582 1727 1596 1765 :
1619 1710 1676 1765 et
1701 1708 1921 1781 specia-

370 1800 502 1858 liter
534 1799 926 1858 humilitatem
964 1800 1184 1859 orantis
1200 1820 1218 1873 3
1259 1800 1598 1859 charitatem
1638 1801 1918 1873 zelantis3

368 1893 646 1968 pietatem
699 1893 958 1952 alienam
1001 1894 1440 1953 tribulationem
1488 1896 1796 1969 portantis,
1842 1898 1920 1953 De

370 1986 566 2060 primo
584 1986 861 2045 scribitur
884 1990 906 2023 ²
941 2004 957 2044 ε
990 2006 1018 2041 α
1049 1987 1195 2045 Vide
1222 1988 1614 2046 humilitatem
1640 2005 1840 2047 meam
1865 1994 1924 2047 et

372 2083 647 2142 laborem
673 2100 879 2141 meum
912 2103 926 2141 ε
954 2105 984 2138 »
1020 2099 1157 2141 ecce
1196 2084 1347 2142 visio
1374 2083 1718 2143 humilitatis
1745 2100 1921 2143 oran-

371 2178 464 2248 tis,
495 2183 553 2235 et
576 2177 805 2236 orando
835 2177 1181 2236 laborantis·
1219 2182 1296 2237 De
1325 2178 1588 2237 secundo
1613 2179 1635 2214 ³
1666 2197 1681 2236 :
1723 2197 1751 2232 α
1775 2179 1920 2238 Vide

372 2271 563 2330 zelum
602 2287 804 2329 meum
845 2288 959 2347 pro
1001 2271 1252 2330 Domino
1285 2290 1299 2329 :
1351 2292 1381 2326 w
1418 2288 1551 2330 ecce
1596 2272 1747 2332 visio
1785 2274 1922 2333 cha-

371 2364 555 2424 ritatis
581 2365 850 2436 zelantis,
879 2367 938 2422 et
961 2364 1108 2423 vitia
1123 2365 1547 2440 persequentis,
1574 2369 1653 2423 De
1677 2367 1850 2426 tertio
1867 2367 1918 2426 ⁴:

379 2478 407 2511 α
433 2459 599 2531 Vide,
627 2460 896 2529 Domine,
928 2459 1216 2534 quoniam
1242 2459 1535 2518 tribulor:
1559 2479 1588 2514 n
1613 2475 1748 2520 ecce
1768 2461 1920 2520 visio
1959 2481 1967 2489 ·

372 2552 603 2626 pietatis
629 2553 886 2613 alienam
915 2553 1357 2612 tribulationem
1384 2554 1690 2628 portantia.

821 2711 1131 2769 ‚Articulus
1166 2711 1447 2768 secundus.

443 2836 777 2895 Secundum
832 2836 1152 2909 indicavit,
1208 2853 1344 2896 cum
1401 2838 1717 2911 adjunxit:
1777 2840 1923 2906 Quo-

373 2933 524 2987 niam
576 2932 838 2989 mandata
901 2937 1000 2989 tua
1047 2932 1223 2988 dilexi
1273 2950 1288 2987 ι
1337 2931 1557 3006 quibus
1628 2933 1923 2992 mandatis

372 3024 642 3083 inimicos
686 3025 962 3098 diligere,
1015 3025 1353 3085 odientibus
1391 3025 1762 3098 benefacere,
1809 3044 1922 3102 pro

372 3119 866 3194 prosequentibus
900 3123 957 3179 et
995 3119 1500 3180 calumniantibus
1547 3136 1718 3179 orare
1760 3137 1922 3181 man-

374 3212 543 3271 dasti.
589 3208 655 3271 Et
692 3217 835 3272 nota
863 3214 1019 3273 circa
1060 3214 1484 3272 mandatorum
1520 3213 1918 3288 dilectionem,

374 3307 540 3379 quod
566 3307 855 3381 probatur
881 3324 987 3381 per
1014 3306 1307 3382 triplicem
1336 3307 1627 3365 rationem
1656 3326 1671 3365 ε
1703 3308 1923 3367 scilicet

370 3415 479 3473 per
505 3400 833 3459 studiosam
859 3400 1183 3459 moralium
1216 3400 1753 3459 considerationem
1768 3420 1786 3474 3
1814 3418 1922 3476 per

367 3493 710 3567 religiosam
763 3494 1184 3569 temporalium
1238 3495 1757 3570 aspernationem3
1812 3512 1923 3571 per

370 3586 731 3647 fructuosam
772 3588 1053 3650 laborum
1093 3592 1498 3668 corporalium
1551 3592 1918 3651 exercitatio-

371 3696 512 3739 nem
543 3699 558 3738 :
608 3699 865 3758 quarum
910 3685 1105 3759 prima
1149 3689 1372 3760 spectat
1411 3687 1491 3745 ad
1519 3686 1917 3756 inteueetum;

368 3775 659 3847 secunda,
702 3776 782 3836 ad
825 3776 1137 3853 aflectum3
1176 3780 1346 3838 tertia
1389 3781 1469 3839 ad
1507 3780 1801 3840 eflectum.
1840 3785 1920 3839 De

367 3869 563 3943 prima
598 3872 620 3906 ⁸
662 3888 677 3928 :
724 3890 752 3925 α
793 3872 1117 3931 Meditabar
1155 3873 1220 3931 in
1259 3874 1555 3932 mandatis
1594 3875 1745 3946 tuis,
1788 3892 1921 3949 quoe

369 3964 596 4022 dilexi:
644 3983 675 4019 ι
722 3964 820 4023 hic
867 3965 1158 4040 probatur
1195 3967 1619 4035 mandatorum
1674 3968 1916 4027 dilectio

366 4073 475 4132 per
527 4058 995 4118 meditationem.
1051 4062 1130 4118 De
1184 4061 1450 4119 secunda
1499 4062 1522 4097 ⁶
1575 4080 1589 4118 :
1655 4081 1685 4116 a
1731 4062 1918 4120 Dilexi

368 4151 650 4209 mandata
690 4156 791 4211 tua
828 4169 1005 4228 super
1046 4170 1263 4212 aurum
1301 4158 1359 4213 et
1390 4155 1711 4229 topazion:
1749 4176 1778 4208 »
1818 4154 1916 4213 hic

366 4246 654 4318 probatur
680 4247 1120 4305 mandatorum*
1139 4247 1376 4306 dilectio
1418 4265 1527 4324 per
1545 4251 1917 4324 aspernatio-

367 4354 526 4398 nem.
570 4341 666 4397 De
699 4340 867 4399 tertia
907 4344 930 4378 ‘¹
973 4361 991 4399 ε
1036 4364 1063 4394 «
1106 4344 1319 4401 Levavi
1372 4360 1585 4402 manus
1630 4361 1793 4403 meas
1836 4346 1917 4403 ad

367 4433 650 4493 mandata
678 4437 797 4507 tua,
830 4452 962 4510 quas
991 4432 1174 4494 dilexi
1205 4453 1220 4493 ε
1251 4457 1280 4491 »
1313 4436 1411 4495 hic
1436 4426 1725 4512 probatur
1750 4455 1918 4498 man-

369 4526 645 4587 datorum
675 4529 913 4588 dilectio
939 4544 1047 4604 per
1074 4529 1572 4589 exercitationem.

874 4687 1159 4743 Articulus
1198 4689 1411 4744 tertius.

436 4813 690 4871 Tertium
735 4812 1049 4884 intimavit,
1092 4828 1227 4870 cum
1273 4814 1549 4888 apposuit
1599 4835 1615 4871 :
1681 4817 1915 4889 Vim-'fica

366 4923 477 4977 me,
508 4906 679 4981 quasi
708 4906 866 4965 dicat
898 4925 914 4963 ε
944 4905 1350 4964 Mortificatum
1387 4923 1497 4982 per
1535 4908 1915 4969 inimicorum

368 5000 862 5075 compassionem,
910 4999 1149 5058 vivifica
1202 5017 1315 5074 per
1367 5002 1612 5061 illorum
1664 5020 1913 5076 congra-

366 5093 735 5165 tulationem,
763 5098 827 5152 ut
853 5094 1004 5152 sicut
1027 5094 1362 5170 compatior
1388 5096 1655 5173 ipsorum
1684 5115 1914 5174 praeva-

433 5242 445 5269 ¹
477 5241 649 5302 Cant„
686 5253 803 5306 vm,
836 5245 884 5293 6.
915 5267 971 5279 --
1003 5241 1028 5277 ²
1055 5241 1197 5293 Psal.
1234 5255 1379 5309 xxiv,
1419 5248 1497 5296 18.
1528 5273 1579 5282 -
1622 5247 1644 5280 ³
1672 5246 1736 5298 lv
1774 5247 1913 5311 aeq„

367 5322 420 5371 Χ,
445 5313 521 5362 ¹6.
542 5339 604 5350 -
625 5314 648 5349 δ
673 5313 871 5376 Τὴνεη.,
899 5324 938 5376 1,
962 5314 1042 5364 20.
1069 5339 1132 5351 —
1159 5314 1178 5344 ⁵
1201 5313 1347 5366 Psal.
1374 5316 1497 5381 hoc,
1525 5319 1604 5368 47.
1630 5344 1681 5354 -
1711 5318 1734 5352 ⁸
1764 5315 1914 5377 ibid„

368 5384 475 5433 127.
506 5409 569 5421 —
618 5385 633 5413 ’
682 5383 829 5449 thid„
879 5388 956 5436 ⁴8.
1003 5410 1065 5422 —
1112 5386 1130 5415 ⁸
1170 5387 1333 5448 loon„
1391 5399 1439 5452 v,
1479 5391 1558 5443 2¹.
1603 5416 1655 5425 -
1705 5392 1723 5417 ²
1771 5386 1908 5447 Peal.

2027 578 2301 638 ricationi
2312 619 2333 650 ,
2374 580 2459 637 sic
2491 581 2871 655 congratuler
2905 598 3114 644 eorum
3153 587 3577 660 justificationi.

2032 672 2134 730 Hic
2187 677 2379 748 potest
2424 675 2658 747 notari,
2716 676 2885 751 quod
2944 678 3229 752 contingit
3282 683 3583 757 tripliciter

2029 765 2317 825 vivificari
2362 785 2378 825 ε
2416 783 2524 842 per
2577 769 3050 844 suscitationem,
3099 789 3207 847 per
3243 778 3580 836 conversio-

2030 875 2199 932 nem,
2228 877 2337 935 per
2374 860 2842 921 consolationem
2870 881 2885 920 :
2928 866 3126 939 prima
3151 868 3468 929 vivificatio
3497 875 3583 930 est

2032 969 2070 1012 a
2094 960 2283 1012 morte
2330 953 2412 1012 ad
2451 955 2667 1028 vitam;
2716 958 3067 1030 secunda,'a
3108 961 3287 1036 culpa
3325 964 3405 1021 ad
3450 980 3582 1038 gra-

2030 1047 2215 1120 tiam3
2246 1049 2437 1120 tertia,
2456 1065 2494 1107 a
2520 1049 2749 1108 tristitia
2777 1051 2857 1109 ad
2882 1052 3161 1111 loetitiam.
3196 1057 3273 1113 De
3286 1056 3484 1130 primo
3508 1059 3531 1096 ⁸
3561 1078 3577 1117 ε

2037 1162 2064 1193 «
2087 1141 2243 1200 Sicut
2262 1145 2429 1200 Pater
2450 1143 2685 1203 suscitat
2702 1147 2991 1218 mortuos,
3013 1150 3071 1203 et
3086 1145 3366 1222 vivificat,
3387 1170 3418 1206 ι
3435 1153 3575 1211 etc.:

2032 1250 2170 1292 ecce
2211 1235 2672 1294 vivificationem
2706 1254 2814 1312 per
2854 1239 3314 1300 suscitationem.
3363 1246 3441 1302 De
3484 1261 3579 1304 se-

2032 1329 2235 1387 cundo
2290 1329 2433 1386 dicit
2481 1331 2786 1390 psalmista
2812 1335 2835 1369 ⁹
2876 1350 2891 1390 ε
2927 1352 2955 1387 α
2998 1336 3146 1391 Deus
3165 1377 3183 1406 ,
3240 1340 3302 1393 tu
3338 1353 3584 1398 conver-

2030 1441 2154 1495 suS,
2171 1445 2201 1480 n
2221 1423 2317 1481 vel
2338 1425 2669 1484 secundum
2687 1427 2867 1486 aliam
2885 1428 3160 1503 litteram,
3187 1450 3217 1485 a
3234 1439 3582 1496 convertens

2029 1516 2362 1576 vivificabis
2374 1535 2517 1576 nos:
2541 1540 2569 1574 ι
2585 1536 2720 1578 ecce
2734 1521 3199 1583 vivificationem
3215 1542 3325 1601 per
3342 1544 3583 1590 conver·

2029 1612 2279 1671 sionem.
2312 1614 2389 1669 De
2416 1613 2583 1682 tertio
2602 1615 2802 1688 psallit
2828 1616 3117 1691 Propheta
3140 1619 3182 1656 ¹⁰
3203 1638 3218 1676 ε
3238 1639 3269 1674 α
3286 1622 3342 1678 Si
3371 1623 3580 1682 ambu-
3623 1674 3627 1678 .

2029 1706 2235 1765 lavero
2260 1706 2322 1763 in
2351 1706 2552 1765 medio
2578 1708 3001 1782 tribulationis,
3025 1711 3357 1772 vivificabis
3381 1733 3516 1776 me:
3547 1738 3576 1772 ι

2031 1814 2167 1858 ecce
2196 1799 2658 1860 vivificationem
2684 1818 2793 1876 per
2823 1804 3314 1866 consolationem.

2522 1961 2803 2016 Articulus
2839 1965 3091 2032 quartu&

2103 2084 2386 2153 Quartum
2413 2083 2644 2155 innuit,
2671 2100 2810 2142 cum
2850 2085 3201 2160 interposuit
3229 2106 3244 2145 ε
3273 2089 3342 2145 In
3365 2093 3581 2147 miseri-

2029 2179 2222 2235 cordia
2258 2184 2387 2250 tua3
2433 2176 2653 2235 scilicet
2684 2194 2720 2236 a
2756 2182 2811 2236 te
2845 2180 3131 2253 requisita
3151 2222 3172 2253 ,
3212 2180 3320 2239 sed
3353 2198 3459 2256 per
3484 2200 3582 2241 me

2032 2271 2310 2346 expetita,
2339 2274 2396 2329 et
2415 2270 2564 2329 meis
2581 2273 3058 2346 persecutoribus
3078 2274 3393 2350 impartita.
3421 2277 3582 2335 Misc-

2030 2363 2293 2423 ricordia
2318 2365 2529 2437 igitur,
2560 2381 2694 2440 quae
2729 2382 2836 2440 per
2877 2368 3229 2441 Prophetam
3269 2371 3579 2445 expetitur,

2029 2473 2142 2531 pro
2192 2457 2432 2516 miseria
2482 2459 2718 2533 petitur,
2768 2475 2892 2518 non
2943 2476 3055 2536 pro
3108 2463 3347 2523 miseria
3399 2481 3583 2539 quam

2030 2551 2323 2625 Propheta
2349 2552 2592 2627 patitur,
2621 2554 2727 2611 sed
2763 2570 2875 2628 pro
2904 2555 3143 2613 miseria
3169 2557 3265 2614 cui
3290 2559 3583 2634 Propheta

2032 2644 2407 2719 compatitur.
2466 2648 2532 2704 Et
2583 2651 2726 2705 nota
2744 2689 2765 2718 ‚
2820 2649 2989 2723 quod
3042 2654 3128 2707 est
3178 2651 3583 2714 misericordia

2030 2735 2317 2812 tripartita
2367 2756 2382 2793 ε
2437 2737 2659 2796 scilicet
2711 2739 3120 2799 misericordia
3173 2742 3580 2817 immissionis,

2032 2830 2440 2889 misericordia
2473 2831 2872 2904 remissionis,
2901 2839 2958 2893 et
3000 2835 3408 2896 misericordia
3445 2854 3582 2913 pro-

2029 2924 2346 2983 missionis.
2392 2925 2790 2985 misericordia
2815 2925 3012 3003 prima
3038 2933 3123 2986 est
3149 2932 3579 3006 compatientis,

2030 3020 2182 3076 sicut
2207 3018 2419 3091 amici3
2452 3019 2863 3079 misericordia
2882 3021 3150 3080 secunda
3176 3026 3263 3081 est
3286 3025 3577 3099 patientis,

2029 3113 2193 3172 velut
2232 3113 2588 3188 phrenetici3
2626 3115 3037 3175 misericordia
3064 3116 3235 3177 tertia
3276 3123 3362 3177 est
3397 3118 3581 3181 bene-

2028 3205 2329 3279 facientia,
2356 3212 2423 3265 ut
2447 3208 2684 3266 medici.
2708 3213 2789 3267 De
2820 3210 3016 3285 prima
3053 3212 3460 3273 misericordia
3488 3217 3531 3253 ¹¹
3562 3234 3577 3273 ε

2037 3319 2066 3353 α
2089 3301 2285 3359 Gratia
2311 3301 2411 3359 Dei
2441 3304 2501 3359 et
2538 3302 2948 3373 misericordia
2987 3304 3050 3362 in
3081 3309 3316 3363 sanctos
3344 3307 3472 3380 eJus
3502 3325 3517 3364 ε
3544 3328 3575 3364 1·

2031 3411 2169 3453 ecce
2199 3393 2606 3454 misericordia
2631 3396 3033 3456 immissionis.
3083 3401 3161 3457 De
3200 3401 3464 3459 secunda
3493 3403 3529 3437 ¹²
3560 3420 3577 3458 ε

2036 3508 2064 3543 α
2091 3489 2203 3558 Qui
2230 3488 2543 3548 abscondit
2568 3490 2792 3549 scelera
2816 3507 2946 3564 sua,
2976 3507 3100 3550 non
3127 3492 3414 3566 dirigetur
3427 3514 3447 3567 3
3474 3497 3580 3570 qui

2031 3588 2230 3642 autem
2255 3581 2558 3641 confessus
2589 3584 2783 3653 fuerit,
2817 3589 2875 3643 et
2899 3585 3206 3660 reliquerit
3228 3603 3320 3658 ea,
3347 3588 3578 3649 miseri-

2030 3676 2299 3736 cordiam
2358 3681 2752 3753 consequetur
2809 3697 2824 3736 :
2881 3699 2912 3735 1·
2977 3696 3111 3738 ecce
3174 3681 3581 3745 misericordia

2027 3769 2407 3829 remissionis.
2457 3773 2536 3829 De
2576 3771 2743 3829 tertia
2799 3773 2839 3808 ¹⁸
2880 3790 2895 3829 ε
2929 3791 2958 3825 α
2983 3775 3443 3833 Insustentabilis
3487 3777 3580 3836 ira

2029 3879 2209 3939 super
2233 3869 2574 3939 peccatores
2602 3864 3081 3923 comminationis
3109 3872 3258 3941 tuae;
3289 3869 3581 3929 immensa

2028 3972 2172 4015 vero
2197 3961 2251 4015 et
2284 3958 2711 4031 investigabilis
2730 3958 3139 4019 misericordia
3163 3961 3581 4035 promissionis

2027 4052 2142 4109 tuae
2163 4068 2222 4108 ε»
2255 4066 2390 4110 ecce
2417 4051 2828 4110 misericordia
2851 4053 3280 4126 promissionis.

2670 4212 2928 4279 Epilogus.

2100 4337 2181 4392 Ex
2206 4333 2298 4392 his
2331 4337 2527 4409 potest
2561 4334 2881 4393 clarescere
2922 4351 3043 4395 vox
3071 4339 3373 4414 Prophetas
3399 4356 3576 4400 oran-

2026 4427 2098 4485 tis
2122 4443 2196 4486 ex
2224 4428 2487 4487 maxima
2510 4427 2922 4501 compassione
2951 4445 3063 4504 pro
3091 4434 3576 4508 persequentium

2021 4521 2455 4594 justificatione.
2486 4520 2577 4579 Ait
2603 4535 2864 4596 namque
2891 4540 2906 4579 ε
2950 4524 3110 4595 Vide,
3137 4528 3380 4596 Domine,
3408 4526 3576 4585 vide-

2025 4615 2161 4675 licet
2196 4615 2380 4674 animi
2417 4616 2538 4673 mei
2580 4614 3127 4689 mortificationem,
3173 4618 3280 4677 ubi
3332 4619 3575 4679 affectus

2026 4709 2489 4784 compassionis;
2516 4710 2781 4779 Quoniam
2801 4711 3065 4768 maridata
3092 4715 3190 4770 tua
3215 4712 3415 4785 dilati,
3441 4730 3576 4789 qum

2025 4803 2320 4863 mandasti
2384 4803 2543 4863 circa
2597 4803 2853 4879 proximi
2919 4805 3468 4880 praejudicationem
3518 4812 3577 4866 et

2023 4897 2572 4974 praevaricationcm
2589 4940 2610 4969 ‚
2657 4897 2761 4956 ubi
2806 4913 2970 4955 mors
3014 4899 3291 4969 moralis3
3345 4903 3575 4973 Vivifica

2023 5008 2134 5063 me,
2160 5007 2270 5066 per
2297 4991 2479 5050 animi
2507 4991 2622 5048 mei
2664 4989 3116 5050 laetificationem
3130 5036 3150 5066 ,
3182 4994 3286 5053 ubi
3331 4994 3573 5053 affectus

2023 5084 2546 5158 congratulationis
2556 5103 2575 5156 3
2614 5086 2683 5142 In
2719 5087 3091 5145 misericordia
3128 5093 3254 5161 tua,
3284 5092 3574 5164 quantum

2023 5236 2203 5289 Lxxxx,
2238 5226 2313 5275 ¹9.
2336 5250 2400 5262 —
2445 5225 2483 5261 ¹⁶
2516 5224 2659 5275 Psal.
2691 5235 2937 5288 cxxxvii,
2966 5230 3014 5278 7.
3041 5254 3106 5267 —-
3144 5230 3175 5261 ¹¹
3201 5228 3343 5294 Sap„
3376 5239 3445 5292 iv,
3491 5231 3568 5279 ¹5.

2023 5322 2084 5334 -
2134 5297 2169 5326 ¹²
2206 5298 2379 5356 Prov„
2425 5308 2621 5361 xxvtn,
2668 5301 2743 5348 13.
2791 5323 2843 5332 —
2891 5298 2929 5334 ¹⁸
2965 5299 3108 5369 Qrat.
3147 5302 3388 5366 Menan„
3439 5300 3573 5352 inter

2021 5382 2333 5450 apocrypha.
2364 5408 2425 5422 -
2450 5382 2522 5448 (α)
2555 5383 2666 5449 Leq.
2696 5382 2937 5451 proximi.
2968 5384 3038 5423 —·-'
3072 5384 3138 5451 (ὁ)
3165 5387 3341 5455 suppl.
3369 5386 3570 5440 mortis.
