<?xml version="1.0" encoding="UTF-8"?>
<!DOCTYPE html PUBLIC "-//W3C//DTD XHTML 1.0 Transitional//EN"
    "http://www.w3.org/TR/xhtml1/DTD/xhtml1-transitional.dtd">
<html xmlns="http://www.w3.org/1999/xhtml" xml:lang="en" lang="en">
 <head>
  <title>
</title>
<meta http-equiv="Content-Type" content="text/html;charset=utf-8" />
  <meta name='ocr-system' content='tesseract 3.04.00' />
  <meta name='ocr-capabilities' content='ocr_page ocr_carea ocr_par ocr_line ocrx_word'/>
</head>
<body>
  <div class='ocr_page' id='page_1' title='image "./srecardinalissb00cargoog_0047.png"; bbox 0 0 4196 6294; ppageno 0'>
   <div class='ocr_carea' id='block_1_1' title="bbox 1370 484 3577 589">
    <p class='ocr_par' dir='ltr' id='par_1_1' title="bbox 1370 484 3577 589">
     <span class='ocr_line' id='line_1_1' title="bbox 1370 484 3577 589; baseline 0.005 -11"><span class='ocrx_word' id='word_1_1' title='bbox 1370 508 1451 578; x_wconf 78' lang='lat' dir='ltr'>m</span> <span class='ocrx_word' id='word_1_2' title='bbox 1490 508 2060 580; x_wconf 75' lang='lat' dir='ltr'>HEXAEMERON.</span> <span class='ocrx_word' id='word_1_3' title='bbox 2106 511 2345 579; x_wconf 72' lang='lat' dir='ltr'>seam.</span> <span class='ocrx_word' id='word_1_4' title='bbox 2391 512 2441 578; x_wconf 92' lang='lat'>1.</span> <span class='ocrx_word' id='word_1_5' title='bbox 3423 527 3503 589; x_wconf 76' lang='lat'>25</span> <span class='ocrx_word' id='word_1_6' title='bbox 3568 484 3577 495; x_wconf 82' lang='grc'><strong>’</strong></span> 
     </span>
    </p>
   </div>
   <div class='ocr_carea' id='block_1_2' title="bbox 267 646 1848 5378">
    <p class='ocr_par' dir='ltr' id='par_1_2' title="bbox 267 646 1848 5378">
     <span class='ocr_line' id='line_1_2' title="bbox 327 646 1847 733; baseline -0.001 -19"><span class='ocrx_word' id='word_1_7' title='bbox 327 666 493 733; x_wconf 76' lang='lat' dir='ltr'>agere</span> <span class='ocrx_word' id='word_1_8' title='bbox 507 696 526 728; x_wconf 93' lang='lat'>‚</span> <span class='ocrx_word' id='word_1_9' title='bbox 554 647 858 732; x_wconf 81' lang='lat' dir='ltr'>nihilque</span> <span class='ocrx_word' id='word_1_10' title='bbox 883 647 1008 713; x_wconf 87' lang='lat' dir='ltr'>nisi</span> <span class='ocrx_word' id='word_1_11' title='bbox 1033 648 1242 733; x_wconf 87' lang='lat' dir='ltr'>turpia</span> <span class='ocrx_word' id='word_1_12' title='bbox 1283 649 1511 715; x_wconf 90' lang='lat' dir='ltr'>timere</span> <span class='ocrx_word' id='word_1_13' title='bbox 1526 695 1546 728; x_wconf 92' lang='lat'>,</span> <span class='ocrx_word' id='word_1_14' title='bbox 1574 646 1847 713; x_wconf 89' lang='lat' dir='ltr'>tolerare</span> 
     </span>
     <span class='ocr_line' id='line_1_3' title="bbox 326 754 1848 840; baseline -0.001 -16"><span class='ocrx_word' id='word_1_15' title='bbox 326 758 543 824; x_wconf 78' lang='lat' dir='ltr'>fortiter</span> <span class='ocrx_word' id='word_1_16' title='bbox 600 755 713 821; x_wconf 78' lang='lat' dir='ltr'>vel</span> <span class='ocrx_word' id='word_1_17' title='bbox 775 774 1082 840; x_wconf 84' lang='lat' dir='ltr'>prospera</span> <span class='ocrx_word' id='word_1_18' title='bbox 1108 804 1130 837; x_wconf 93' lang='lat'>,</span> <span class='ocrx_word' id='word_1_19' title='bbox 1190 756 1295 823; x_wconf 85' lang='lat' dir='ltr'>vel</span> <span class='ocrx_word' id='word_1_20' title='bbox 1353 757 1643 823; x_wconf 87' lang='lat' dir='ltr'>adversa.</span> <span class='ocrx_word' id='word_1_21' title='bbox 1696 754 1848 822; x_wconf 84' lang='lat' dir='ltr'>Haec</span> 
     </span>
     <span class='ocr_line' id='line_1_4' title="bbox 323 862 1846 946; baseline -0.002 -15"><span class='ocrx_word' id='word_1_22' title='bbox 323 865 598 932; x_wconf 75' lang='lat' dir='ltr'>tortitudo</span> <span class='ocrx_word' id='word_1_23' title='bbox 616 864 742 929; x_wconf 79' lang='lat' dir='ltr'>fuit</span> <span class='ocrx_word' id='word_1_24' title='bbox 768 864 841 928; x_wconf 88' lang='lat' dir='ltr'>in</span> <span class='ocrx_word' id='word_1_25' title='bbox 866 864 1166 930; x_wconf 81' lang='lat' dir='ltr'><strong>Eleazaro</strong></span> <span class='ocrx_word' id='word_1_26' title='bbox 1185 871 1205 907; x_wconf 87' lang='lat'>¹</span> <span class='ocrx_word' id='word_1_27' title='bbox 1227 882 1409 943; x_wconf 90' lang='lat' dir='ltr'>sene,</span> <span class='ocrx_word' id='word_1_28' title='bbox 1434 867 1500 928; x_wconf 90' lang='lat' dir='ltr'>et</span> <span class='ocrx_word' id='word_1_29' title='bbox 1519 862 1846 946; x_wconf 89' lang='lat' dir='ltr'>potissime</span> 
     </span>
     <span class='ocr_line' id='line_1_5' title="bbox 320 970 1846 1057; baseline -0.003 -19"><span class='ocrx_word' id='word_1_30' title='bbox 320 975 380 1039; x_wconf 92' lang='lat' dir='ltr'>in</span> <span class='ocrx_word' id='word_1_31' title='bbox 404 973 789 1057; x_wconf 73' lang='lat' dir='ltr'>martyribus</span> <span class='ocrx_word' id='word_1_32' title='bbox 824 972 1075 1038; x_wconf 79' lang='lat' dir='ltr'><strong>Christi.</strong></span> <span class='ocrx_word' id='word_1_33' title='bbox 1117 972 1445 1038; x_wconf 79' lang='lat' dir='ltr'><strong>Fortitudo</strong></span> <span class='ocrx_word' id='word_1_34' title='bbox 1469 970 1846 1054; x_wconf 84' lang='lat' dir='ltr'>purgatoria</span> 
     </span>
     <span class='ocr_line' id='line_1_6' title="bbox 320 1077 1844 1161; baseline -0.003 -14"><span class='ocrx_word' id='word_1_35' title='bbox 320 1086 430 1161; x_wconf 82' lang='lat' dir='ltr'>est,</span> <span class='ocrx_word' id='word_1_36' title='bbox 458 1099 587 1146; x_wconf 94' lang='lat' dir='ltr'>non</span> <span class='ocrx_word' id='word_1_37' title='bbox 614 1080 845 1146; x_wconf 87' lang='lat' dir='ltr'>terreri</span> <span class='ocrx_word' id='word_1_38' title='bbox 873 1081 1153 1145; x_wconf 91' lang='lat' dir='ltr'>animam</span> <span class='ocrx_word' id='word_1_39' title='bbox 1178 1099 1220 1146; x_wconf 90' lang='lat' dir='ltr'>a</span> <span class='ocrx_word' id='word_1_40' title='bbox 1250 1097 1513 1161; x_wconf 89' lang='lat' dir='ltr'>corpore</span> <span class='ocrx_word' id='word_1_41' title='bbox 1540 1077 1844 1161; x_wconf 88' lang='lat' dir='ltr'>quodam-</span> 
     </span>
     <span class='ocr_line' id='line_1_7' title="bbox 317 1187 1844 1285; baseline -0.003 -31"><span class='ocrx_word' id='word_1_42' title='bbox 317 1189 486 1254; x_wconf 89' lang='lat' dir='ltr'>modo</span> <span class='ocrx_word' id='word_1_43' title='bbox 525 1189 731 1253; x_wconf 88' lang='lat' dir='ltr'>ductu</span> <span class='ocrx_word' id='word_1_44' title='bbox 766 1188 1189 1285; x_wconf 64' lang='lat' dir='ltr'>philosophiae</span> <span class='ocrx_word' id='word_1_45' title='bbox 1233 1187 1632 1252; x_wconf 78' lang='lat' dir='ltr'>recedentem</span> <span class='ocrx_word' id='word_1_46' title='bbox 1654 1234 1673 1266; x_wconf 90' lang='lat'>,</span> <span class='ocrx_word' id='word_1_47' title='bbox 1726 1204 1844 1250; x_wconf 91' lang='lat' dir='ltr'>nec</span> 
     </span>
     <span class='ocr_line' id='line_1_8' title="bbox 312 1293 1843 1380; baseline -0.003 -18"><span class='ocrx_word' id='word_1_48' title='bbox 312 1297 699 1362; x_wconf 81' lang='lat' dir='ltr'>altitudinem</span> <span class='ocrx_word' id='word_1_49' title='bbox 720 1297 1020 1380; x_wconf 78' lang='lat' dir='ltr'>profectae</span> <span class='ocrx_word' id='word_1_50' title='bbox 1036 1296 1117 1362; x_wconf 88' lang='lat' dir='ltr'>ad</span> <span class='ocrx_word' id='word_1_51' title='bbox 1140 1313 1424 1379; x_wconf 87' lang='lat' dir='ltr'>superna</span> <span class='ocrx_word' id='word_1_52' title='bbox 1449 1293 1843 1359; x_wconf 86' lang='lat' dir='ltr'>conscensio-</span> 
     </span>
     <span class='ocr_line' id='line_1_9' title="bbox 311 1401 1843 1471; baseline -0.003 0"><span class='ocrx_word' id='word_1_53' title='bbox 311 1407 401 1471; x_wconf 82' lang='lat' dir='ltr'>nis</span> <span class='ocrx_word' id='word_1_54' title='bbox 433 1405 727 1470; x_wconf 88' lang='lat' dir='ltr'>horrere.</span> <span class='ocrx_word' id='word_1_55' title='bbox 776 1402 929 1467; x_wconf 81' lang='lat' dir='ltr'>Haec</span> <span class='ocrx_word' id='word_1_56' title='bbox 969 1403 1274 1468; x_wconf 80' lang='lat' dir='ltr'>fortitudo</span> <span class='ocrx_word' id='word_1_57' title='bbox 1311 1402 1434 1467; x_wconf 79' lang='lat' dir='ltr'>fuit</span> <span class='ocrx_word' id='word_1_58' title='bbox 1473 1402 1543 1465; x_wconf 92' lang='lat' dir='ltr'>in</span> <span class='ocrx_word' id='word_1_59' title='bbox 1586 1401 1843 1467; x_wconf 84' lang='lat' dir='ltr'>Daniele</span> 
     </span>
     <span class='ocr_line' id='line_1_10' title="bbox 307 1508 1841 1597; baseline 0.001 -20"><span class='ocrx_word' id='word_1_60' title='bbox 307 1512 638 1597; x_wconf 87' lang='lat' dir='ltr'>propheta,</span> <span class='ocrx_word' id='word_1_61' title='bbox 670 1515 734 1577; x_wconf 92' lang='lat' dir='ltr'>et</span> <span class='ocrx_word' id='word_1_62' title='bbox 767 1510 1008 1576; x_wconf 85' lang='lat' dir='ltr'>Joanne</span> <span class='ocrx_word' id='word_1_63' title='bbox 1049 1510 1460 1593; x_wconf 82' lang='lat' dir='ltr'>Evangelista</span> <span class='ocrx_word' id='word_1_64' title='bbox 1486 1508 1556 1572; x_wconf 92' lang='lat' dir='ltr'>in</span> <span class='ocrx_word' id='word_1_65' title='bbox 1586 1510 1841 1595; x_wconf 83' lang='lat' dir='ltr'>Apoca-</span> 
     </span>
     <span class='ocr_line' id='line_1_11' title="bbox 307 1618 1840 1704; baseline -0.001 -18"><span class='ocrx_word' id='word_1_66' title='bbox 307 1620 485 1704; x_wconf 71' lang='lat' dir='ltr'>lypsi.</span> <span class='ocrx_word' id='word_1_67' title='bbox 517 1618 857 1684; x_wconf 82' lang='lat' dir='ltr'>Fortitudo</span> <span class='ocrx_word' id='word_1_68' title='bbox 888 1620 1154 1701; x_wconf 82' lang='lat' dir='ltr'>purgati</span> <span class='ocrx_word' id='word_1_69' title='bbox 1192 1619 1395 1683; x_wconf 90' lang='lat' dir='ltr'>animi</span> <span class='ocrx_word' id='word_1_70' title='bbox 1432 1622 1559 1699; x_wconf 88' lang='lat' dir='ltr'>est,</span> <span class='ocrx_word' id='word_1_71' title='bbox 1593 1620 1840 1702; x_wconf 87' lang='lat' dir='ltr'>passio-</span> 
     </span>
     <span class='ocr_line' id='line_1_12' title="bbox 303 1725 1841 1812; baseline -0.002 -19"><span class='ocrx_word' id='word_1_72' title='bbox 303 1747 409 1793; x_wconf 73' lang='lat' dir='ltr'>nes</span> <span class='ocrx_word' id='word_1_73' title='bbox 431 1745 549 1812; x_wconf 87' lang='lat' dir='ltr'>per</span> <span class='ocrx_word' id='word_1_74' title='bbox 572 1725 1148 1810; x_wconf 82' lang='lat' dir='ltr'>impassibilitatem</span> <span class='ocrx_word' id='word_1_75' title='bbox 1174 1726 1508 1808; x_wconf 81' lang='lat' dir='ltr'>ignorare,</span> <span class='ocrx_word' id='word_1_76' title='bbox 1540 1745 1671 1791; x_wconf 92' lang='lat' dir='ltr'>non</span> <span class='ocrx_word' id='word_1_77' title='bbox 1701 1727 1841 1793; x_wconf 83' lang='lat' dir='ltr'>vin-</span> 
     </span>
     <span class='ocr_line' id='line_1_13' title="bbox 303 1835 1840 1918; baseline -0.001 -16"><span class='ocrx_word' id='word_1_78' title='bbox 303 1855 455 1917; x_wconf 85' lang='lat' dir='ltr'>cere,</span> <span class='ocrx_word' id='word_1_79' title='bbox 473 1840 548 1901; x_wconf 90' lang='lat' dir='ltr'>ut</span> <span class='ocrx_word' id='word_1_80' title='bbox 568 1835 813 1901; x_wconf 83' lang='lat' dir='ltr'>nesciat</span> <span class='ocrx_word' id='word_1_81' title='bbox 832 1835 1049 1916; x_wconf 79' lang='lat' dir='ltr'><strong>irasci,</strong></span> <span class='ocrx_word' id='word_1_82' title='bbox 1070 1836 1415 1918; x_wconf 89' lang='lat' dir='ltr'>cupiatque</span> <span class='ocrx_word' id='word_1_83' title='bbox 1442 1835 1605 1900; x_wconf 90' lang='lat' dir='ltr'>nihil</span> <span class='ocrx_word' id='word_1_84' title='bbox 1618 1837 1664 1900; x_wconf 83' lang='lat'>¹.</span> <span class='ocrx_word' id='word_1_85' title='bbox 1686 1835 1840 1900; x_wconf 82' lang='lat' dir='ltr'>Haec</span> 
     </span>
     <span class='ocr_line' id='line_1_14' title="bbox 304 1943 1833 2030; baseline -0.002 -19"><span class='ocrx_word' id='word_1_86' title='bbox 304 1946 593 2011; x_wconf 78' lang='lat' dir='ltr'>fortitudo</span> <span class='ocrx_word' id='word_1_87' title='bbox 620 1946 746 2011; x_wconf 82' lang='lat' dir='ltr'>fuit</span> <span class='ocrx_word' id='word_1_88' title='bbox 769 1946 1091 2030; x_wconf 80' lang='lat' dir='ltr'>praecipue</span> <span class='ocrx_word' id='word_1_89' title='bbox 1119 1946 1187 2009; x_wconf 92' lang='lat' dir='ltr'>in</span> <span class='ocrx_word' id='word_1_90' title='bbox 1218 1943 1485 2025; x_wconf 82' lang='lat' dir='ltr'>Virgine</span> <span class='ocrx_word' id='word_1_91' title='bbox 1525 1943 1798 2025; x_wconf 83' lang='lat' dir='ltr'>gloriosa</span> <span class='ocrx_word' id='word_1_92' title='bbox 1811 1990 1833 2023; x_wconf 93' lang='lat'>,</span> 
     </span>
     <span class='ocr_line' id='line_1_15' title="bbox 300 2050 1832 2136; baseline -0.002 -18"><span class='ocrx_word' id='word_1_93' title='bbox 300 2058 362 2119; x_wconf 90' lang='lat' dir='ltr'>et</span> <span class='ocrx_word' id='word_1_94' title='bbox 383 2054 774 2135; x_wconf 76' lang='lat' dir='ltr'>virginibus,</span> <span class='ocrx_word' id='word_1_95' title='bbox 801 2053 1322 2136; x_wconf 79' lang='lat' dir='ltr'>martyribusque</span> <span class='ocrx_word' id='word_1_96' title='bbox 1345 2050 1541 2116; x_wconf 88' lang='lat' dir='ltr'>sacris</span> <span class='ocrx_word' id='word_1_97' title='bbox 1562 2052 1832 2133; x_wconf 81' lang='lat' dir='ltr'>Agnete‚</span> 
     </span>
     <span class='ocr_line' id='line_1_16' title="bbox 301 2162 1833 2247; baseline -0.002 -18"><span class='ocrx_word' id='word_1_98' title='bbox 301 2166 571 2247; x_wconf 80' lang='lat' dir='ltr'>Agatha,</span> <span class='ocrx_word' id='word_1_99' title='bbox 603 2165 835 2244; x_wconf 89' lang='lat' dir='ltr'>Lucia,</span> <span class='ocrx_word' id='word_1_100' title='bbox 867 2164 1147 2242; x_wconf 81' lang='lat' dir='ltr'>Caecilia,</span> <span class='ocrx_word' id='word_1_101' title='bbox 1181 2162 1555 2243; x_wconf 88' lang='lat' dir='ltr'>Catharina,</span> <span class='ocrx_word' id='word_1_102' title='bbox 1586 2162 1833 2242; x_wconf 89' lang='lat' dir='ltr'>Prisca,</span> 
     </span>
     <span class='ocr_line' id='line_1_17' title="bbox 298 2271 1837 2355; baseline -0.002 -17"><span class='ocrx_word' id='word_1_103' title='bbox 298 2273 631 2338; x_wconf 85' lang='lat' dir='ltr'>Christina.</span> <span class='ocrx_word' id='word_1_104' title='bbox 674 2272 1005 2338; x_wconf 84' lang='lat' dir='ltr'>Fortitudo</span> <span class='ocrx_word' id='word_1_105' title='bbox 1053 2271 1439 2355; x_wconf 86' lang='lat' dir='ltr'>exemplaris</span> <span class='ocrx_word' id='word_1_106' title='bbox 1485 2274 1582 2336; x_wconf 91' lang='lat' dir='ltr'>est</span> <span class='ocrx_word' id='word_1_107' title='bbox 1625 2272 1837 2337; x_wconf 83' lang='lat' dir='ltr'>virtus</span> 
     </span>
     <span class='ocr_line' id='line_1_18' title="bbox 298 2378 1837 2465; baseline -0.001 -19"><span class='ocrx_word' id='word_1_108' title='bbox 298 2382 558 2463; x_wconf 82' lang='lat' dir='ltr'>infinita,</span> <span class='ocrx_word' id='word_1_109' title='bbox 583 2398 740 2465; x_wconf 83' lang='lat' dir='ltr'>quae</span> <span class='ocrx_word' id='word_1_110' title='bbox 759 2398 1013 2464; x_wconf 87' lang='lat' dir='ltr'>semper</span> <span class='ocrx_word' id='word_1_111' title='bbox 1030 2386 1126 2447; x_wconf 88' lang='lat' dir='ltr'>est</span> <span class='ocrx_word' id='word_1_112' title='bbox 1147 2379 1391 2459; x_wconf 87' lang='lat' dir='ltr'>eadem,</span> <span class='ocrx_word' id='word_1_113' title='bbox 1414 2397 1535 2443; x_wconf 91' lang='lat' dir='ltr'>nec</span> <span class='ocrx_word' id='word_1_114' title='bbox 1552 2378 1837 2463; x_wconf 87' lang='lat' dir='ltr'>aliquan-</span> 
     </span>
     <span class='ocr_line' id='line_1_19' title="bbox 296 2488 1836 2571; baseline -0.001 -16"><span class='ocrx_word' id='word_1_115' title='bbox 296 2490 371 2555; x_wconf 92' lang='lat' dir='ltr'>do</span> <span class='ocrx_word' id='word_1_116' title='bbox 392 2495 710 2555; x_wconf 88' lang='lat' dir='ltr'>mutatur.</span> <span class='ocrx_word' id='word_1_117' title='bbox 736 2489 1109 2555; x_wconf 89' lang='lat' dir='ltr'>Invenimus</span> <span class='ocrx_word' id='word_1_118' title='bbox 1131 2488 1323 2555; x_wconf 86' lang='lat' dir='ltr'>etiam</span> <span class='ocrx_word' id='word_1_119' title='bbox 1349 2489 1836 2571; x_wconf 81' lang='lat' dir='ltr'>temperantiam</span> 
     </span>
     <span class='ocr_line' id='line_1_20' title="bbox 296 2596 1834 2682; baseline 0 -20"><span class='ocrx_word' id='word_1_120' title='bbox 296 2596 604 2682; x_wconf 83' lang='lat' dir='ltr'>politicam</span> <span class='ocrx_word' id='word_1_121' title='bbox 621 2645 641 2674; x_wconf 95' lang='lat'>,</span> <span class='ocrx_word' id='word_1_122' title='bbox 665 2597 1153 2680; x_wconf 85' lang='lat' dir='ltr'>temperantiam</span> <span class='ocrx_word' id='word_1_123' title='bbox 1176 2596 1618 2679; x_wconf 84' lang='lat' dir='ltr'>purgatoriam</span> <span class='ocrx_word' id='word_1_124' title='bbox 1633 2645 1652 2676; x_wconf 91' lang='lat'>,</span> <span class='ocrx_word' id='word_1_125' title='bbox 1678 2600 1834 2662; x_wconf 89' lang='lat' dir='ltr'>tem·</span> 
     </span>
     <span class='ocr_line' id='line_1_21' title="bbox 295 2705 1835 2790; baseline -0.002 -19"><span class='ocrx_word' id='word_1_126' title='bbox 295 2707 647 2790; x_wconf 87' lang='lat' dir='ltr'>perantiam</span> <span class='ocrx_word' id='word_1_127' title='bbox 706 2706 970 2789; x_wconf 83' lang='lat' dir='ltr'>purgati</span> <span class='ocrx_word' id='word_1_128' title='bbox 1029 2705 1227 2769; x_wconf 91' lang='lat' dir='ltr'>animi</span> <span class='ocrx_word' id='word_1_129' title='bbox 1267 2753 1287 2785; x_wconf 90' lang='lat'>,</span> <span class='ocrx_word' id='word_1_130' title='bbox 1343 2705 1835 2787; x_wconf 88' lang='lat' dir='ltr'>temperantiam</span> 
     </span>
     <span class='ocr_line' id='line_1_22' title="bbox 295 2812 1833 2898; baseline -0.001 -19"><span class='ocrx_word' id='word_1_131' title='bbox 295 2815 747 2898; x_wconf 81' lang='lat' dir='ltr'>exemplarem.</span> <span class='ocrx_word' id='word_1_132' title='bbox 796 2812 1248 2896; x_wconf 84' lang='lat' dir='ltr'>Temperantia</span> <span class='ocrx_word' id='word_1_133' title='bbox 1297 2813 1547 2896; x_wconf 88' lang='lat' dir='ltr'>politica</span> <span class='ocrx_word' id='word_1_134' title='bbox 1572 2818 1686 2894; x_wconf 88' lang='lat' dir='ltr'>est,</span> <span class='ocrx_word' id='word_1_135' title='bbox 1721 2814 1833 2878; x_wconf 90' lang='lat' dir='ltr'>ni-</span> 
     </span>
     <span class='ocr_line' id='line_1_23' title="bbox 294 2921 1835 3007; baseline -0.001 -19"><span class='ocrx_word' id='word_1_136' title='bbox 294 2922 376 2987; x_wconf 85' lang='lat' dir='ltr'>hil</span> <span class='ocrx_word' id='word_1_137' title='bbox 399 2927 703 3007; x_wconf 86' lang='lat' dir='ltr'>appetere</span> <span class='ocrx_word' id='word_1_138' title='bbox 729 2921 1171 3007; x_wconf 64' lang='lat' dir='ltr'>poenitendum</span> <span class='ocrx_word' id='word_1_139' title='bbox 1190 2970 1208 2999; x_wconf 93' lang='lat'>‚</span> <span class='ocrx_word' id='word_1_140' title='bbox 1238 2922 1307 2985; x_wconf 92' lang='lat' dir='ltr'>in</span> <span class='ocrx_word' id='word_1_141' title='bbox 1334 2921 1513 2986; x_wconf 90' lang='lat' dir='ltr'>nullo</span> <span class='ocrx_word' id='word_1_142' title='bbox 1550 2921 1835 2987; x_wconf 90' lang='lat' dir='ltr'>modera-</span> 
     </span>
     <span class='ocr_line' id='line_1_24' title="bbox 294 3029 1833 3114; baseline 0 -19"><span class='ocrx_word' id='word_1_143' title='bbox 294 3030 471 3095; x_wconf 86' lang='lat' dir='ltr'>tionis</span> <span class='ocrx_word' id='word_1_144' title='bbox 515 3032 740 3114; x_wconf 85' lang='lat' dir='ltr'>legem</span> <span class='ocrx_word' id='word_1_145' title='bbox 794 3029 1132 3108; x_wconf 81' lang='lat' dir='ltr'>excedere,</span> <span class='ocrx_word' id='word_1_146' title='bbox 1174 3029 1296 3095; x_wconf 91' lang='lat' dir='ltr'>sub</span> <span class='ocrx_word' id='word_1_147' title='bbox 1342 3032 1512 3112; x_wconf 84' lang='lat' dir='ltr'>jugo</span> <span class='ocrx_word' id='word_1_148' title='bbox 1565 3030 1833 3096; x_wconf 88' lang='lat' dir='ltr'>rationis</span> 
     </span>
     <span class='ocr_line' id='line_1_25' title="bbox 292 3136 1832 3222; baseline 0.003 -21"><span class='ocrx_word' id='word_1_149' title='bbox 292 3139 698 3222; x_wconf 82' lang='lat' dir='ltr'>cupiditatem</span> <span class='ocrx_word' id='word_1_150' title='bbox 734 3138 1017 3205; x_wconf 89' lang='lat' dir='ltr'>domare.</span> <span class='ocrx_word' id='word_1_151' title='bbox 1062 3136 1215 3203; x_wconf 80' lang='lat' dir='ltr'>Haec</span> <span class='ocrx_word' id='word_1_152' title='bbox 1252 3137 1672 3221; x_wconf 88' lang='lat' dir='ltr'>temperantia</span> <span class='ocrx_word' id='word_1_153' title='bbox 1712 3138 1832 3205; x_wconf 84' lang='lat' dir='ltr'>fuit</span> 
     </span>
     <span class='ocr_line' id='line_1_26' title="bbox 292 3246 1831 3330; baseline 0 -19"><span class='ocrx_word' id='word_1_154' title='bbox 292 3246 352 3311; x_wconf 90' lang='lat' dir='ltr'>in</span> <span class='ocrx_word' id='word_1_155' title='bbox 377 3246 521 3313; x_wconf 83' lang='lat' dir='ltr'>Ozia</span> <span class='ocrx_word' id='word_1_156' title='bbox 535 3296 552 3327; x_wconf 94' lang='lat'>,</span> <span class='ocrx_word' id='word_1_157' title='bbox 584 3246 708 3330; x_wconf 90' lang='lat' dir='ltr'>qui</span> <span class='ocrx_word' id='word_1_158' title='bbox 737 3246 1146 3312; x_wconf 87' lang='lat' dir='ltr'>continentiae</span> <span class='ocrx_word' id='word_1_159' title='bbox 1185 3246 1585 3330; x_wconf 88' lang='lat' dir='ltr'>propositum</span> <span class='ocrx_word' id='word_1_160' title='bbox 1621 3246 1831 3311; x_wconf 91' lang='lat' dir='ltr'>tenuit</span> 
     </span>
     <span class='ocr_line' id='line_1_27' title="bbox 292 3353 1830 3439; baseline 0.001 -20"><span class='ocrx_word' id='word_1_161' title='bbox 292 3355 353 3419; x_wconf 91' lang='lat' dir='ltr'>in</span> <span class='ocrx_word' id='word_1_162' title='bbox 370 3357 737 3438; x_wconf 80' lang='lat' dir='ltr'>judaismo,</span> <span class='ocrx_word' id='word_1_163' title='bbox 771 3373 1129 3439; x_wconf 84' lang='lat' dir='ltr'>corpusque</span> <span class='ocrx_word' id='word_1_164' title='bbox 1169 3360 1233 3420; x_wconf 91' lang='lat' dir='ltr'>et</span> <span class='ocrx_word' id='word_1_165' title='bbox 1266 3355 1550 3419; x_wconf 89' lang='lat' dir='ltr'>animam</span> <span class='ocrx_word' id='word_1_166' title='bbox 1580 3353 1830 3420; x_wconf 90' lang='lat' dir='ltr'>tradere</span> 
     </span>
     <span class='ocr_line' id='line_1_28' title="bbox 292 3461 1830 3548; baseline -0.002 -18"><span class='ocrx_word' id='word_1_167' title='bbox 292 3469 624 3530; x_wconf 86' lang='lat' dir='ltr'>contentus</span> <span class='ocrx_word' id='word_1_168' title='bbox 673 3482 792 3548; x_wconf 90' lang='lat' dir='ltr'>pro</span> <span class='ocrx_word' id='word_1_169' title='bbox 836 3462 1331 3547; x_wconf 87' lang='lat' dir='ltr'>perseverantia.</span> <span class='ocrx_word' id='word_1_170' title='bbox 1384 3461 1830 3545; x_wconf 89' lang='lat' dir='ltr'>Temperantia</span> 
     </span>
     <span class='ocr_line' id='line_1_29' title="bbox 291 3571 1822 3655; baseline -0.001 -19"><span class='ocrx_word' id='word_1_171' title='bbox 291 3573 667 3655; x_wconf 81' lang='lat' dir='ltr'>purgatoria</span> <span class='ocrx_word' id='word_1_172' title='bbox 690 3576 816 3650; x_wconf 70' lang='lat' dir='ltr'>aet,</span> <span class='ocrx_word' id='word_1_173' title='bbox 856 3572 1075 3637; x_wconf 91' lang='lat' dir='ltr'>omnia</span> <span class='ocrx_word' id='word_1_174' title='bbox 1099 3571 1490 3654; x_wconf 87' lang='lat' dir='ltr'>relinquere,</span> <span class='ocrx_word' id='word_1_175' title='bbox 1521 3571 1590 3634; x_wconf 90' lang='lat' dir='ltr'>in</span> <span class='ocrx_word' id='word_1_176' title='bbox 1621 3588 1822 3652; x_wconf 89' lang='lat' dir='ltr'>quan-</span> 
     </span>
     <span class='ocr_line' id='line_1_30' title="bbox 288 3678 1823 3763; baseline -0.003 -17"><span class='ocrx_word' id='word_1_177' title='bbox 288 3684 415 3745; x_wconf 87' lang='lat' dir='ltr'>tum</span> <span class='ocrx_word' id='word_1_178' title='bbox 446 3686 691 3746; x_wconf 86' lang='lat' dir='ltr'>natura</span> <span class='ocrx_word' id='word_1_179' title='bbox 724 3680 993 3763; x_wconf 85' lang='lat' dir='ltr'>patitur,</span> <span class='ocrx_word' id='word_1_180' title='bbox 1024 3696 1169 3763; x_wconf 84' lang='lat' dir='ltr'>quae</span> <span class='ocrx_word' id='word_1_181' title='bbox 1211 3678 1492 3762; x_wconf 89' lang='lat' dir='ltr'>corporis</span> <span class='ocrx_word' id='word_1_182' title='bbox 1530 3696 1686 3743; x_wconf 88' lang='lat' dir='ltr'>usus</span> <span class='ocrx_word' id='word_1_183' title='bbox 1721 3696 1823 3742; x_wconf 90' lang='lat' dir='ltr'>re-</span> 
     </span>
     <span class='ocr_line' id='line_1_31' title="bbox 284 3785 1826 3873; baseline -0.002 -18"><span class='ocrx_word' id='word_1_184' title='bbox 284 3789 500 3873; x_wconf 86' lang='lat' dir='ltr'>quirit,</span> <span class='ocrx_word' id='word_1_185' title='bbox 529 3794 609 3855; x_wconf 88' lang='lat' dir='ltr'>ut</span> <span class='ocrx_word' id='word_1_186' title='bbox 642 3793 817 3872; x_wconf 90' lang='lat' dir='ltr'>patet</span> <span class='ocrx_word' id='word_1_187' title='bbox 855 3787 925 3851; x_wconf 91' lang='lat' dir='ltr'>in</span> <span class='ocrx_word' id='word_1_188' title='bbox 950 3787 1267 3866; x_wconf 77' lang='lat' dir='ltr'>Antoni0,</span> <span class='ocrx_word' id='word_1_189' title='bbox 1299 3790 1363 3850; x_wconf 89' lang='lat' dir='ltr'>et</span> <span class='ocrx_word' id='word_1_190' title='bbox 1390 3785 1589 3851; x_wconf 88' lang='lat' dir='ltr'>Paulo</span> <span class='ocrx_word' id='word_1_191' title='bbox 1615 3787 1826 3870; x_wconf 90' lang='lat' dir='ltr'>primo</span> 
     </span>
     <span class='ocr_line' id='line_1_32' title="bbox 280 3893 1818 3978; baseline -0.001 -18"><span class='ocrx_word' id='word_1_192' title='bbox 280 3893 570 3962; x_wconf 86' lang='lat' dir='ltr'>Eremita.</span> <span class='ocrx_word' id='word_1_193' title='bbox 624 3894 1077 3978; x_wconf 91' lang='lat' dir='ltr'>Temperantia</span> <span class='ocrx_word' id='word_1_194' title='bbox 1127 3894 1391 3977; x_wconf 83' lang='lat' dir='ltr'>purgati</span> <span class='ocrx_word' id='word_1_195' title='bbox 1434 3894 1634 3958; x_wconf 91' lang='lat' dir='ltr'>animi</span> <span class='ocrx_word' id='word_1_196' title='bbox 1686 3898 1818 3974; x_wconf 88' lang='lat' dir='ltr'>est,</span> 
     </span>
     <span class='ocr_line' id='line_1_33' title="bbox 279 4001 1817 4087; baseline -0.003 -17"><span class='ocrx_word' id='word_1_197' title='bbox 279 4006 549 4070; x_wconf 85' lang='lat' dir='ltr'>terrenas</span> <span class='ocrx_word' id='word_1_198' title='bbox 588 4002 971 4087; x_wconf 79' lang='lat' dir='ltr'>cupiditates</span> <span class='ocrx_word' id='word_1_199' title='bbox 989 4049 1006 4080; x_wconf 93' lang='lat'>,</span> <span class='ocrx_word' id='word_1_200' title='bbox 1038 4018 1170 4066; x_wconf 92' lang='lat' dir='ltr'>non</span> <span class='ocrx_word' id='word_1_201' title='bbox 1200 4001 1410 4066; x_wconf 91' lang='lat' dir='ltr'>solum</span> <span class='ocrx_word' id='word_1_202' title='bbox 1435 4002 1817 4085; x_wconf 88' lang='lat' dir='ltr'>reprimere,</span> 
     </span>
     <span class='ocr_line' id='line_1_34' title="bbox 277 4109 1823 4195; baseline -0.001 -20"><span class='ocrx_word' id='word_1_203' title='bbox 277 4112 375 4175; x_wconf 74' lang='lat' dir='ltr'>sed</span> <span class='ocrx_word' id='word_1_204' title='bbox 398 4114 665 4195; x_wconf 87' lang='lat' dir='ltr'>penitus</span> <span class='ocrx_word' id='word_1_205' title='bbox 690 4110 1005 4188; x_wconf 87' lang='lat' dir='ltr'>oblivisci,</span> <span class='ocrx_word' id='word_1_206' title='bbox 1038 4110 1104 4173; x_wconf 93' lang='lat' dir='ltr'>id</span> <span class='ocrx_word' id='word_1_207' title='bbox 1125 4113 1249 4188; x_wconf 86' lang='lat' dir='ltr'>est,</span> <span class='ocrx_word' id='word_1_208' title='bbox 1289 4127 1421 4173; x_wconf 90' lang='lat' dir='ltr'>non</span> <span class='ocrx_word' id='word_1_209' title='bbox 1450 4109 1686 4174; x_wconf 90' lang='lat' dir='ltr'>sentire</span> <span class='ocrx_word' id='word_1_210' title='bbox 1704 4157 1727 4188; x_wconf 93' lang='lat'>,</span> <span class='ocrx_word' id='word_1_211' title='bbox 1747 4113 1823 4174; x_wconf 91' lang='lat' dir='ltr'>ut</span> 
     </span>
     <span class='ocr_line' id='line_1_35' title="bbox 274 4215 1818 4303; baseline -0.001 -19"><span class='ocrx_word' id='word_1_212' title='bbox 274 4223 432 4300; x_wconf 84' lang='lat' dir='ltr'>patet</span> <span class='ocrx_word' id='word_1_213' title='bbox 454 4220 521 4284; x_wconf 93' lang='lat' dir='ltr'>in</span> <span class='ocrx_word' id='word_1_214' title='bbox 550 4218 1056 4303; x_wconf 87' lang='lat' dir='ltr'>contemplativo</span> <span class='ocrx_word' id='word_1_215' title='bbox 1078 4217 1271 4281; x_wconf 79' lang='lat' dir='ltr'>fratre</span> <span class='ocrx_word' id='word_1_216' title='bbox 1289 4215 1546 4298; x_wconf 85' lang='lat' dir='ltr'>AEgidio</span> <span class='ocrx_word' id='word_1_217' title='bbox 1565 4218 1610 4279; x_wconf 76' lang='lat'>⁸.</span> <span class='ocrx_word' id='word_1_218' title='bbox 1633 4216 1818 4282; x_wconf 89' lang='lat' dir='ltr'>Tem-</span> 
     </span>
     <span class='ocr_line' id='line_1_36' title="bbox 273 4325 1813 4409; baseline -0.003 -17"><span class='ocrx_word' id='word_1_219' title='bbox 273 4329 551 4408; x_wconf 84' lang='lat' dir='ltr'>perantia</span> <span class='ocrx_word' id='word_1_220' title='bbox 605 4326 997 4409; x_wconf 81' lang='lat' dir='ltr'>exemplaris</span> <span class='ocrx_word' id='word_1_221' title='bbox 1049 4332 1146 4391; x_wconf 89' lang='lat' dir='ltr'>est</span> <span class='ocrx_word' id='word_1_222' title='bbox 1176 4375 1194 4407; x_wconf 86' lang='lat'>,</span> <span class='ocrx_word' id='word_1_223' title='bbox 1253 4343 1402 4408; x_wconf 82' lang='lat' dir='ltr'>quae</span> <span class='ocrx_word' id='word_1_224' title='bbox 1453 4325 1522 4388; x_wconf 91' lang='lat' dir='ltr'>in</span> <span class='ocrx_word' id='word_1_225' title='bbox 1576 4326 1813 4408; x_wconf 90' lang='lat' dir='ltr'>seipsa,</span> 
     </span>
     <span class='ocr_line' id='line_1_37' title="bbox 273 4432 1819 4518; baseline -0.002 -19"><span class='ocrx_word' id='word_1_226' title='bbox 273 4440 572 4518; x_wconf 85' lang='lat' dir='ltr'>perpetua</span> <span class='ocrx_word' id='word_1_227' title='bbox 617 4435 975 4499; x_wconf 89' lang='lat' dir='ltr'>intentione</span> <span class='ocrx_word' id='word_1_228' title='bbox 993 4483 1013 4514; x_wconf 96' lang='lat'>,</span> <span class='ocrx_word' id='word_1_229' title='bbox 1052 4452 1359 4499; x_wconf 87' lang='lat' dir='ltr'>conversa</span> <span class='ocrx_word' id='word_1_230' title='bbox 1397 4437 1492 4497; x_wconf 91' lang='lat' dir='ltr'>est</span> <span class='ocrx_word' id='word_1_231' title='bbox 1520 4454 1536 4497; x_wconf 89' lang='lat'>:</span> <span class='ocrx_word' id='word_1_232' title='bbox 1569 4436 1632 4496; x_wconf 92' lang='lat' dir='ltr'>et</span> <span class='ocrx_word' id='word_1_233' title='bbox 1676 4432 1819 4497; x_wconf 85' lang='lat' dir='ltr'>haec</span> 
     </span>
     <span class='ocr_line' id='line_1_38' title="bbox 274 4540 1815 4623; baseline -0.001 -17"><span class='ocrx_word' id='word_1_234' title='bbox 274 4547 358 4606; x_wconf 81' lang='lat' dir='ltr'>est</span> <span class='ocrx_word' id='word_1_235' title='bbox 397 4544 533 4607; x_wconf 84' lang='lat' dir='ltr'>sola</span> <span class='ocrx_word' id='word_1_236' title='bbox 581 4543 836 4608; x_wconf 86' lang='lat' dir='ltr'>divina.</span> <span class='ocrx_word' id='word_1_237' title='bbox 892 4541 1098 4606; x_wconf 91' lang='lat' dir='ltr'>Simili</span> <span class='ocrx_word' id='word_1_238' title='bbox 1152 4540 1342 4606; x_wconf 92' lang='lat' dir='ltr'>modo</span> <span class='ocrx_word' id='word_1_239' title='bbox 1394 4544 1488 4605; x_wconf 89' lang='lat' dir='ltr'>est</span> <span class='ocrx_word' id='word_1_240' title='bbox 1529 4540 1815 4623; x_wconf 89' lang='lat' dir='ltr'>accipere</span> 
     </span>
     <span class='ocr_line' id='line_1_39' title="bbox 267 4648 1810 4733; baseline -0.003 -18"><span class='ocrx_word' id='word_1_241' title='bbox 267 4650 570 4730; x_wconf 81' lang='lat' dir='ltr'>justitiam</span> <span class='ocrx_word' id='word_1_242' title='bbox 604 4649 938 4733; x_wconf 88' lang='lat' dir='ltr'>politicam</span> <span class='ocrx_word' id='word_1_243' title='bbox 952 4696 972 4728; x_wconf 90' lang='lat'>,</span> <span class='ocrx_word' id='word_1_244' title='bbox 995 4648 1313 4731; x_wconf 86' lang='lat' dir='ltr'>justitiam</span> <span class='ocrx_word' id='word_1_245' title='bbox 1353 4649 1618 4731; x_wconf 85' lang='lat' dir='ltr'>purgati</span> <span class='ocrx_word' id='word_1_246' title='bbox 1670 4648 1810 4711; x_wconf 90' lang='lat' dir='ltr'>ani-</span> 
     </span>
     <span class='ocr_line' id='line_1_40' title="bbox 273 4755 1813 4840; baseline 0 -20"><span class='ocrx_word' id='word_1_247' title='bbox 273 4757 384 4838; x_wconf 88' lang='lat' dir='ltr'>mi,</span> <span class='ocrx_word' id='word_1_248' title='bbox 397 4758 732 4840; x_wconf 85' lang='lat' dir='ltr'>justitiam</span> <span class='ocrx_word' id='word_1_249' title='bbox 758 4757 1233 4840; x_wconf 79' lang='lat' dir='ltr'>purgatoriam,</span> <span class='ocrx_word' id='word_1_250' title='bbox 1253 4755 1570 4839; x_wconf 85' lang='lat' dir='ltr'>justitiam</span> <span class='ocrx_word' id='word_1_251' title='bbox 1598 4774 1813 4820; x_wconf 85' lang='lat' dir='ltr'>exem-</span> 
     </span>
     <span class='ocr_line' id='line_1_41' title="bbox 273 4860 1811 4944; baseline -0.002 -16"><span class='ocrx_word' id='word_1_252' title='bbox 273 4863 497 4944; x_wconf 80' lang='lat' dir='ltr'>plarem</span> <span class='ocrx_word' id='word_1_253' title='bbox 517 4864 570 4927; x_wconf 77' lang='lat'>⁴.</span> <span class='ocrx_word' id='word_1_254' title='bbox 605 4861 872 4928; x_wconf 69' lang='lat' dir='ltr'>Iustitia</span> <span class='ocrx_word' id='word_1_255' title='bbox 890 4860 1144 4943; x_wconf 88' lang='lat' dir='ltr'>politica</span> <span class='ocrx_word' id='word_1_256' title='bbox 1184 4864 1279 4925; x_wconf 89' lang='lat' dir='ltr'>est</span> <span class='ocrx_word' id='word_1_257' title='bbox 1317 4906 1337 4937; x_wconf 88' lang='lat'>‚</span> <span class='ocrx_word' id='word_1_258' title='bbox 1377 4877 1635 4925; x_wconf 87' lang='lat' dir='ltr'>servare</span> <span class='ocrx_word' id='word_1_259' title='bbox 1662 4861 1811 4926; x_wconf 91' lang='lat' dir='ltr'>uni-</span> 
     </span>
     <span class='ocr_line' id='line_1_42' title="bbox 272 4966 1813 5056; baseline -0.003 -19"><span class='ocrx_word' id='word_1_260' title='bbox 272 4971 491 5055; x_wconf 85' lang='lat' dir='ltr'>cuique</span> <span class='ocrx_word' id='word_1_261' title='bbox 531 4969 717 5056; x_wconf 89' lang='lat' dir='ltr'>quod</span> <span class='ocrx_word' id='word_1_262' title='bbox 763 4985 959 5033; x_wconf 88' lang='lat' dir='ltr'>suum</span> <span class='ocrx_word' id='word_1_263' title='bbox 1005 4973 1122 5032; x_wconf 88' lang='lat' dir='ltr'>est.</span> <span class='ocrx_word' id='word_1_264' title='bbox 1149 4966 1400 5032; x_wconf 64' lang='lat' dir='ltr'>lustitia</span> <span class='ocrx_word' id='word_1_265' title='bbox 1437 4971 1813 5049; x_wconf 79' lang='lat' dir='ltr'>purgatoria</span> 
     </span>
     <span class='ocr_line' id='line_1_43' title="bbox 271 5073 1808 5159; baseline -0.003 -16"><span class='ocrx_word' id='word_1_266' title='bbox 271 5082 355 5143; x_wconf 78' lang='lat' dir='ltr'>est</span> <span class='ocrx_word' id='word_1_267' title='bbox 379 5081 459 5144; x_wconf 83' lang='lat' dir='ltr'>ad</span> <span class='ocrx_word' id='word_1_268' title='bbox 483 5096 699 5144; x_wconf 90' lang='lat' dir='ltr'>unam</span> <span class='ocrx_word' id='word_1_269' title='bbox 725 5075 853 5140; x_wconf 85' lang='lat' dir='ltr'>sibi</span> <span class='ocrx_word' id='word_1_270' title='bbox 890 5074 1088 5157; x_wconf 86' lang='lat' dir='ltr'>hujus</span> <span class='ocrx_word' id='word_1_271' title='bbox 1113 5073 1424 5159; x_wconf 87' lang='lat' dir='ltr'>propositi</span> <span class='ocrx_word' id='word_1_272' title='bbox 1449 5073 1625 5140; x_wconf 86' lang='lat' dir='ltr'>viam</span> <span class='ocrx_word' id='word_1_273' title='bbox 1655 5091 1808 5139; x_wconf 90' lang='lat' dir='ltr'>con-</span> 
     </span>
     <span class='ocr_line' id='line_1_44' title="bbox 271 5181 1807 5266; baseline -0.001 -15"><span class='ocrx_word' id='word_1_274' title='bbox 271 5187 490 5253; x_wconf 78' lang='lat' dir='ltr'>sentire</span> <span class='ocrx_word' id='word_1_275' title='bbox 536 5185 1063 5266; x_wconf 71' lang='lat' dir='ltr'>uniuscnjusque</span> <span class='ocrx_word' id='word_1_276' title='bbox 1099 5183 1355 5247; x_wconf 81' lang='lat' dir='ltr'>virtutis</span> <span class='ocrx_word' id='word_1_277' title='bbox 1407 5181 1807 5265; x_wconf 80' lang='lat' dir='ltr'>obsequium.</span> 
     </span>
     <span class='ocr_line' id='line_1_45' title="bbox 269 5291 1812 5378; baseline -0.003 -19"><span class='ocrx_word' id='word_1_278' title='bbox 269 5292 508 5360; x_wconf 75' lang='lat' dir='ltr'>Iustitia</span> <span class='ocrx_word' id='word_1_279' title='bbox 546 5291 822 5378; x_wconf 79' lang='lat' dir='ltr'>purgati</span> <span class='ocrx_word' id='word_1_280' title='bbox 859 5291 1057 5356; x_wconf 91' lang='lat' dir='ltr'>animi</span> <span class='ocrx_word' id='word_1_281' title='bbox 1085 5294 1208 5371; x_wconf 86' lang='lat' dir='ltr'>est,</span> <span class='ocrx_word' id='word_1_282' title='bbox 1240 5291 1328 5355; x_wconf 89' lang='lat' dir='ltr'>ita</span> <span class='ocrx_word' id='word_1_283' title='bbox 1356 5308 1508 5355; x_wconf 91' lang='lat' dir='ltr'>cum</span> <span class='ocrx_word' id='word_1_284' title='bbox 1533 5308 1812 5373; x_wconf 91' lang='lat' dir='ltr'>superna</span> 
     </span>
    </p>
   </div>
   <div class='ocr_carea' id='block_1_3' title="bbox 273 5449 1807 5591">
    <p class='ocr_par' dir='ltr' id='par_1_3' title="bbox 273 5449 1807 5591">
     <span class='ocr_line' id='line_1_46' title="bbox 326 5449 1807 5519; baseline -0.003 -12"><span class='ocrx_word' id='word_1_285' title='bbox 326 5456 343 5491; x_wconf 83' lang='lat'><strong>¹</strong></span> <span class='ocrx_word' id='word_1_286' title='bbox 367 5458 407 5508; x_wconf 89' lang='lat' dir='ltr'>ll</span> <span class='ocrx_word' id='word_1_287' title='bbox 436 5457 707 5517; x_wconf 57' lang='lat' dir='ltr'>nachan,</span> <span class='ocrx_word' id='word_1_288' title='bbox 734 5468 818 5519; x_wconf 85' lang='lat' dir='ltr'>v1,</span> <span class='ocrx_word' id='word_1_289' title='bbox 848 5459 932 5517; x_wconf 79' lang='lat'>27,</span> <span class='ocrx_word' id='word_1_290' title='bbox 962 5457 1042 5506; x_wconf 83' lang='lat'>28.</span> <span class='ocrx_word' id='word_1_291' title='bbox 1068 5481 1131 5494; x_wconf 92' lang='lat'><em>-</em></span> <span class='ocrx_word' id='word_1_292' title='bbox 1156 5455 1176 5487; x_wconf 87' lang='lat'>²</span> <span class='ocrx_word' id='word_1_293' title='bbox 1205 5455 1345 5506; x_wconf 90' lang='lat' dir='ltr'>ldem</span> <span class='ocrx_word' id='word_1_294' title='bbox 1369 5452 1523 5513; x_wconf 71' lang='lat' dir='ltr'>intra,</span> <span class='ocrx_word' id='word_1_295' title='bbox 1554 5449 1691 5502; x_wconf 85' lang='lat' dir='ltr'>circa</span> <span class='ocrx_word' id='word_1_296' title='bbox 1716 5452 1807 5503; x_wconf 84' lang='lat' dir='ltr'>fin.</span> 
     </span>
     <span class='ocr_line' id='line_1_47' title="bbox 273 5519 1806 5591; baseline -0.007 -9"><span class='ocrx_word' id='word_1_297' title='bbox 273 5537 412 5582; x_wconf 66' lang='lat' dir='ltr'>tem.</span> <span class='ocrx_word' id='word_1_298' title='bbox 453 5540 532 5581; x_wconf 71' lang='lat' dir='ltr'>vr.</span> <span class='ocrx_word' id='word_1_299' title='bbox 575 5553 646 5566; x_wconf 90' lang='lat'>-</span> <span class='ocrx_word' id='word_1_300' title='bbox 694 5527 715 5558; x_wconf 81' lang='lat'>⁸</span> <span class='ocrx_word' id='word_1_301' title='bbox 746 5528 807 5581; x_wconf 80' lang='lat' dir='ltr'>B.</span> <span class='ocrx_word' id='word_1_302' title='bbox 853 5524 1084 5591; x_wconf 72' lang='lat' dir='ltr'>AEgtdim</span> <span class='ocrx_word' id='word_1_303' title='bbox 1128 5527 1182 5579; x_wconf 82' lang='lat' dir='ltr'>S·</span> <span class='ocrx_word' id='word_1_304' title='bbox 1218 5522 1475 5578; x_wconf 64' lang='lat' dir='ltr'>francisci</span> <span class='ocrx_word' id='word_1_305' title='bbox 1511 5519 1701 5575; x_wconf 82' lang='lat' dir='ltr'>socius.</span> <span class='ocrx_word' id='word_1_306' title='bbox 1744 5549 1806 5566; x_wconf 89' lang='lat'>-·</span> 
     </span>
    </p>
   </div>
   <div class='ocr_carea' id='block_1_4' title="bbox 1919 646 3529 5381">
    <p class='ocr_par' dir='ltr' id='par_1_4' title="bbox 1950 646 3500 1055">
     <span class='ocr_line' id='line_1_48' title="bbox 1953 646 3494 743; baseline 0.008 -30"><span class='ocrx_word' id='word_1_307' title='bbox 1953 650 2020 713; x_wconf 92' lang='lat' dir='ltr'>et</span> <span class='ocrx_word' id='word_1_308' title='bbox 2058 646 2279 715; x_wconf 86' lang='lat' dir='ltr'>divina</span> <span class='ocrx_word' id='word_1_309' title='bbox 2327 653 2541 716; x_wconf 89' lang='lat' dir='ltr'>mente</span> <span class='ocrx_word' id='word_1_310' title='bbox 2581 652 2864 733; x_wconf 87' lang='lat' dir='ltr'>sociari,</span> <span class='ocrx_word' id='word_1_311' title='bbox 2906 657 2981 720; x_wconf 90' lang='lat' dir='ltr'>ut</span> <span class='ocrx_word' id='word_1_312' title='bbox 3021 659 3232 724; x_wconf 88' lang='lat' dir='ltr'>servet</span> <span class='ocrx_word' id='word_1_313' title='bbox 3268 676 3494 743; x_wconf 89' lang='lat' dir='ltr'>perpe-</span> 
     </span>
     <span class='ocr_line' id='line_1_49' title="bbox 1952 759 3500 834; baseline 0.01 -15"><span class='ocrx_word' id='word_1_314' title='bbox 1952 759 2147 820; x_wconf 93' lang='lat' dir='ltr'>tuum</span> <span class='ocrx_word' id='word_1_315' title='bbox 2197 776 2346 823; x_wconf 91' lang='lat' dir='ltr'>cum</span> <span class='ocrx_word' id='word_1_316' title='bbox 2402 777 2479 824; x_wconf 91' lang='lat' dir='ltr'>ea</span> <span class='ocrx_word' id='word_1_317' title='bbox 2531 760 2737 826; x_wconf 84' lang='lat' dir='ltr'>foedus</span> <span class='ocrx_word' id='word_1_318' title='bbox 2788 761 3101 830; x_wconf 89' lang='lat' dir='ltr'>imitando</span> <span class='ocrx_word' id='word_1_319' title='bbox 3139 765 3185 830; x_wconf 81' lang='lat'>⁸.</span> <span class='ocrx_word' id='word_1_320' title='bbox 3242 765 3500 834; x_wconf 87' lang='lat' dir='ltr'>Justitia</span> 
     </span>
     <span class='ocr_line' id='line_1_50' title="bbox 1950 864 3499 960; baseline 0.009 -32"><span class='ocrx_word' id='word_1_321' title='bbox 1950 864 2335 949; x_wconf 84' lang='lat' dir='ltr'>exemplaris</span> <span class='ocrx_word' id='word_1_322' title='bbox 2373 870 2469 931; x_wconf 91' lang='lat' dir='ltr'>est</span> <span class='ocrx_word' id='word_1_323' title='bbox 2497 886 2645 950; x_wconf 83' lang='lat' dir='ltr'>quae</span> <span class='ocrx_word' id='word_1_324' title='bbox 2674 869 2941 951; x_wconf 89' lang='lat' dir='ltr'>perenni</span> <span class='ocrx_word' id='word_1_325' title='bbox 2978 870 3127 954; x_wconf 84' lang='lat' dir='ltr'>lege</span> <span class='ocrx_word' id='word_1_326' title='bbox 3167 892 3242 938; x_wconf 91' lang='lat' dir='ltr'>ac</span> <span class='ocrx_word' id='word_1_327' title='bbox 3267 875 3499 960; x_wconf 87' lang='lat' dir='ltr'>sempi-</span> 
     </span>
     <span class='ocr_line' id='line_1_51' title="bbox 1950 974 3495 1055; baseline 0.009 -20"><span class='ocrx_word' id='word_1_328' title='bbox 1950 974 2139 1037; x_wconf 90' lang='lat' dir='ltr'>terna</span> <span class='ocrx_word' id='word_1_329' title='bbox 2153 974 2365 1055; x_wconf 89' lang='lat' dir='ltr'>operis</span> <span class='ocrx_word' id='word_1_330' title='bbox 2392 975 2494 1039; x_wconf 93' lang='lat' dir='ltr'>sui</span> <span class='ocrx_word' id='word_1_331' title='bbox 2522 975 3000 1043; x_wconf 87' lang='lat' dir='ltr'>continuatione</span> <span class='ocrx_word' id='word_1_332' title='bbox 3036 997 3169 1045; x_wconf 90' lang='lat' dir='ltr'>non</span> <span class='ocrx_word' id='word_1_333' title='bbox 3196 983 3495 1050; x_wconf 88' lang='lat' dir='ltr'>flectitur.</span> 
     </span>
    </p>

    <p class='ocr_par' dir='ltr' id='par_1_5' title="bbox 1922 1078 3529 5049">
     <span class='ocr_line' id='line_1_52' title="bbox 2031 1078 3492 1175; baseline 0.01 -32"><span class='ocrx_word' id='word_1_334' title='bbox 2031 1078 2303 1145; x_wconf 84' lang='lat' dir='ltr'>Sextum</span> <span class='ocrx_word' id='word_1_335' title='bbox 2332 1082 2617 1147; x_wconf 91' lang='lat' dir='ltr'>medium</span> <span class='ocrx_word' id='word_1_336' title='bbox 2646 1089 2742 1149; x_wconf 89' lang='lat' dir='ltr'>est</span> <span class='ocrx_word' id='word_1_337' title='bbox 2768 1086 3051 1152; x_wconf 89' lang='lat' dir='ltr'>medium</span> <span class='ocrx_word' id='word_1_338' title='bbox 3070 1089 3358 1172; x_wconf 77' lang='lat' dir='ltr'>justitiae,</span> <span class='ocrx_word' id='word_1_339' title='bbox 3381 1095 3492 1175; x_wconf 89' lang='lat' dir='ltr'>ju-</span> 
     </span>
     <span class='ocr_line' id='line_1_53' title="bbox 1948 1187 3498 1282; baseline 0.009 -30"><span class='ocrx_word' id='word_1_340' title='bbox 1948 1187 2164 1253; x_wconf 92' lang='lat' dir='ltr'>diciali</span> <span class='ocrx_word' id='word_1_341' title='bbox 2191 1191 2776 1273; x_wconf 89' lang='lat' dir='ltr'>recompensatione</span> <span class='ocrx_word' id='word_1_342' title='bbox 2799 1194 3167 1277; x_wconf 89' lang='lat' dir='ltr'>pulchrum,</span> <span class='ocrx_word' id='word_1_343' title='bbox 3196 1215 3316 1263; x_wconf 89' lang='lat' dir='ltr'>seu</span> <span class='ocrx_word' id='word_1_344' title='bbox 3337 1218 3498 1282; x_wconf 83' lang='lat' dir='ltr'>prae-</span> 
     </span>
     <span class='ocr_line' id='line_1_54' title="bbox 1948 1297 3497 1376; baseline 0.01 -16"><span class='ocrx_word' id='word_1_345' title='bbox 1948 1297 2218 1363; x_wconf 91' lang='lat' dir='ltr'>celsum.</span> <span class='ocrx_word' id='word_1_346' title='bbox 2269 1298 2402 1363; x_wconf 91' lang='lat' dir='ltr'>Hoc</span> <span class='ocrx_word' id='word_1_347' title='bbox 2448 1300 2735 1365; x_wconf 92' lang='lat' dir='ltr'>medium</span> <span class='ocrx_word' id='word_1_348' title='bbox 2788 1304 3145 1370; x_wconf 87' lang='lat' dir='ltr'>considerat</span> <span class='ocrx_word' id='word_1_349' title='bbox 3196 1305 3497 1376; x_wconf 87' lang='lat' dir='ltr'>Politicus</span> 
     </span>
     <span class='ocr_line' id='line_1_55' title="bbox 1946 1404 3494 1487; baseline 0.011 -20"><span class='ocrx_word' id='word_1_350' title='bbox 1946 1404 2084 1471; x_wconf 86' lang='lat' dir='ltr'>sive</span> <span class='ocrx_word' id='word_1_351' title='bbox 2141 1405 2381 1472; x_wconf 87' lang='lat' dir='ltr'>Jurista</span> <span class='ocrx_word' id='word_1_352' title='bbox 2406 1455 2428 1487; x_wconf 96' lang='lat'>,</span> <span class='ocrx_word' id='word_1_353' title='bbox 2475 1414 2549 1473; x_wconf 90' lang='lat' dir='ltr'>ut</span> <span class='ocrx_word' id='word_1_354' title='bbox 2593 1410 2707 1474; x_wconf 87' lang='lat' dir='ltr'>ssat</span> <span class='ocrx_word' id='word_1_355' title='bbox 2756 1412 3091 1478; x_wconf 87' lang='lat' dir='ltr'>retributio</span> <span class='ocrx_word' id='word_1_356' title='bbox 3137 1419 3494 1483; x_wconf 89' lang='lat' dir='ltr'>secundum</span> 
     </span>
     <span class='ocr_line' id='line_1_56' title="bbox 1947 1515 3496 1609; baseline 0.009 -31"><span class='ocrx_word' id='word_1_357' title='bbox 1947 1515 2200 1580; x_wconf 91' lang='lat' dir='ltr'>merita.</span> <span class='ocrx_word' id='word_1_358' title='bbox 2229 1515 2510 1583; x_wconf 87' lang='lat' dir='ltr'>Medium</span> <span class='ocrx_word' id='word_1_359' title='bbox 2540 1519 2809 1600; x_wconf 71' lang='lat' dir='ltr'>justitiae</span> <span class='ocrx_word' id='word_1_360' title='bbox 2831 1522 2953 1586; x_wconf 92' lang='lat' dir='ltr'>erit</span> <span class='ocrx_word' id='word_1_361' title='bbox 2982 1520 3279 1590; x_wconf 74' lang='lat' dir='ltr'>Cunis‘ms</span> <span class='ocrx_word' id='word_1_362' title='bbox 3305 1525 3374 1590; x_wconf 90' lang='lat' dir='ltr'>in</span> <span class='ocrx_word' id='word_1_363' title='bbox 3393 1529 3496 1609; x_wconf 90' lang='lat' dir='ltr'>ju-</span> 
     </span>
     <span class='ocr_line' id='line_1_57' title="bbox 1946 1622 3494 1717; baseline 0.008 -31"><span class='ocrx_word' id='word_1_364' title='bbox 1946 1622 2134 1688; x_wconf 91' lang='lat' dir='ltr'>dicio.</span> <span class='ocrx_word' id='word_1_365' title='bbox 2178 1622 2330 1689; x_wconf 84' lang='lat' dir='ltr'>Haec</span> <span class='ocrx_word' id='word_1_366' title='bbox 2363 1626 2616 1708; x_wconf 86' lang='lat' dir='ltr'>justitia</span> <span class='ocrx_word' id='word_1_367' title='bbox 2660 1628 2870 1692; x_wconf 91' lang='lat' dir='ltr'>totum</span> <span class='ocrx_word' id='word_1_368' title='bbox 2921 1631 3297 1696; x_wconf 85' lang='lat' dir='ltr'>universum</span> <span class='ocrx_word' id='word_1_369' title='bbox 3340 1634 3494 1717; x_wconf 92' lang='lat' dir='ltr'>pul-</span> 
     </span>
     <span class='ocr_line' id='line_1_58' title="bbox 1944 1730 3495 1817; baseline 0.008 -23"><span class='ocrx_word' id='word_1_370' title='bbox 1944 1730 2234 1795; x_wconf 85' lang='lat' dir='ltr'>chrificat</span> <span class='ocrx_word' id='word_1_371' title='bbox 2263 1750 2282 1795; x_wconf 76' lang='lat' dir='ltr'><strong><em>z</em></strong></span> <span class='ocrx_word' id='word_1_372' title='bbox 2310 1751 2462 1797; x_wconf 90' lang='lat' dir='ltr'>nam</span> <span class='ocrx_word' id='word_1_373' title='bbox 2488 1733 2698 1815; x_wconf 90' lang='lat' dir='ltr'>primo</span> <span class='ocrx_word' id='word_1_374' title='bbox 2721 1735 2973 1817; x_wconf 85' lang='lat' dir='ltr'>justitia</span> <span class='ocrx_word' id='word_1_375' title='bbox 3008 1737 3313 1804; x_wconf 81' lang='lat' dir='ltr'>deformia</span> <span class='ocrx_word' id='word_1_376' title='bbox 3349 1742 3495 1806; x_wconf 80' lang='lat' dir='ltr'>facit</span> 
     </span>
     <span class='ocr_line' id='line_1_59' title="bbox 1942 1837 3495 1928; baseline 0.008 -27"><span class='ocrx_word' id='word_1_377' title='bbox 1942 1837 2432 1921; x_wconf 83' lang='lat' dir='ltr'>pulchriformia</span> <span class='ocrx_word' id='word_1_378' title='bbox 2450 1862 2468 1918; x_wconf 91' lang='lat'>;</span> <span class='ocrx_word' id='word_1_379' title='bbox 2495 1841 2770 1907; x_wconf 87' lang='lat' dir='ltr'>secundo</span> <span class='ocrx_word' id='word_1_380' title='bbox 2788 1844 3039 1925; x_wconf 86' lang='lat' dir='ltr'>justitia</span> <span class='ocrx_word' id='word_1_381' title='bbox 3058 1845 3329 1928; x_wconf 87' lang='lat' dir='ltr'>pulchra</span> <span class='ocrx_word' id='word_1_382' title='bbox 3345 1848 3495 1913; x_wconf 82' lang='lat' dir='ltr'>facit</span> 
     </span>
     <span class='ocr_line' id='line_1_60' title="bbox 1942 1944 3492 2036; baseline 0.008 -28"><span class='ocrx_word' id='word_1_383' title='bbox 1942 1944 2516 2028; x_wconf 83' lang='lat' dir='ltr'>pulchriformiora3</span> <span class='ocrx_word' id='word_1_384' title='bbox 2532 1949 2717 2014; x_wconf 90' lang='lat' dir='ltr'>tertio</span> <span class='ocrx_word' id='word_1_385' title='bbox 2723 1951 2975 2033; x_wconf 85' lang='lat' dir='ltr'>justitia</span> <span class='ocrx_word' id='word_1_386' title='bbox 2982 1952 3492 2036; x_wconf 85' lang='lat' dir='ltr'>pulchriformio-</span> 
     </span>
     <span class='ocr_line' id='line_1_61' title="bbox 1942 2053 3488 2137; baseline 0.01 -22"><span class='ocrx_word' id='word_1_387' title='bbox 1942 2070 2018 2115; x_wconf 91' lang='lat' dir='ltr'>ra</span> <span class='ocrx_word' id='word_1_388' title='bbox 2052 2053 2196 2117; x_wconf 81' lang='lat' dir='ltr'>facit</span> <span class='ocrx_word' id='word_1_389' title='bbox 2228 2054 2885 2137; x_wconf 80' lang='lat' dir='ltr'>pulchrilormissima.</span> <span class='ocrx_word' id='word_1_390' title='bbox 2923 2059 3102 2125; x_wconf 90' lang='lat' dir='ltr'>Unde</span> <span class='ocrx_word' id='word_1_391' title='bbox 3136 2062 3488 2129; x_wconf 88' lang='lat' dir='ltr'>secundum</span> 
     </span>
     <span class='ocr_line' id='line_1_62' title="bbox 1942 2144 3489 2241; baseline 0.01 -19"><span class='ocrx_word' id='word_1_392' title='bbox 1942 2159 2388 2241; x_wconf 83' lang='lat' dir='ltr'>Augustinum</span> <span class='ocrx_word' id='word_1_393' title='bbox 2431 2184 2448 2226; x_wconf 73' lang='grc' dir='ltr'>ε</span> <span class='ocrx_word' id='word_1_394' title='bbox 2494 2162 2881 2230; x_wconf 88' lang='lat' dir='ltr'>Lamentum</span> <span class='ocrx_word' id='word_1_395' title='bbox 2925 2144 3391 2235; x_wconf 70' lang='lat' dir='ltr'>damnatorum</span> <span class='ocrx_word' id='word_1_396' title='bbox 3419 2172 3489 2237; x_wconf 91' lang='lat' dir='ltr'>in</span> 
     </span>
     <span class='ocr_line' id='line_1_63' title="bbox 1941 2267 3491 2361; baseline 0.009 -30"><span class='ocrx_word' id='word_1_397' title='bbox 1941 2267 2194 2333; x_wconf 82' lang='lat' dir='ltr'>inferno</span> <span class='ocrx_word' id='word_1_398' title='bbox 2219 2269 2339 2334; x_wconf 91' lang='lat' dir='ltr'>erit</span> <span class='ocrx_word' id='word_1_399' title='bbox 2365 2270 2872 2353; x_wconf 88' lang='lat' dir='ltr'>pulcherrimum</span> <span class='ocrx_word' id='word_1_400' title='bbox 2904 2292 3196 2357; x_wconf 90' lang='lat' dir='ltr'>carmen,</span> <span class='ocrx_word' id='word_1_401' title='bbox 3229 2282 3491 2361; x_wconf 86' lang='lat' dir='ltr'>propter</span> 
     </span>
     <span class='ocr_line' id='line_1_64' title="bbox 1942 2374 3529 2467; baseline 0.009 -28"><span class='ocrx_word' id='word_1_402' title='bbox 1942 2374 2238 2440; x_wconf 86' lang='lat' dir='ltr'>decorem</span> <span class='ocrx_word' id='word_1_403' title='bbox 2256 2378 2560 2459; x_wconf 87' lang='lat' dir='ltr'>justitiae,</span> <span class='ocrx_word' id='word_1_404' title='bbox 2592 2378 2946 2444; x_wconf 89' lang='lat' dir='ltr'>ordinantis</span> <span class='ocrx_word' id='word_1_405' title='bbox 2971 2382 3042 2448; x_wconf 90' lang='lat' dir='ltr'>in</span> <span class='ocrx_word' id='word_1_406' title='bbox 3083 2383 3271 2467; x_wconf 91' lang='lat' dir='ltr'>culpa</span> <span class='ocrx_word' id='word_1_407' title='bbox 3293 2386 3489 2452; x_wconf 86' lang='lat' dir='ltr'>dede·</span> <span class='ocrx_word' id='word_1_408' title='bbox 3525 2404 3529 2409; x_wconf 83' lang='grc'><em>·</em></span> 
     </span>
     <span class='ocr_line' id='line_1_65' title="bbox 1941 2483 3485 2575; baseline 0.008 -27"><span class='ocrx_word' id='word_1_409' title='bbox 1941 2502 2055 2549; x_wconf 91' lang='lat' dir='ltr'>cus</span> <span class='ocrx_word' id='word_1_410' title='bbox 2084 2483 2312 2568; x_wconf 82' lang='lat' dir='ltr'>culpae.</span> <span class='ocrx_word' id='word_1_411' title='bbox 2344 2484 2432 2550; x_wconf 91' lang='lat' dir='ltr'>De</span> <span class='ocrx_word' id='word_1_412' title='bbox 2467 2485 2591 2551; x_wconf 91' lang='lat' dir='ltr'>hoc</span> <span class='ocrx_word' id='word_1_413' title='bbox 2607 2487 2878 2568; x_wconf 72' lang='lat' dir='ltr'>justitiae</span> <span class='ocrx_word' id='word_1_414' title='bbox 2904 2489 3115 2554; x_wconf 85' lang='lat' dir='ltr'>medio</span> <span class='ocrx_word' id='word_1_415' title='bbox 3143 2493 3485 2575; x_wconf 90' lang='lat' dir='ltr'>propheta-</span> 
     </span>
     <span class='ocr_line' id='line_1_66' title="bbox 1941 2590 3487 2680; baseline 0.008 -23"><span class='ocrx_word' id='word_1_416' title='bbox 1941 2591 2036 2657; x_wconf 88' lang='lat' dir='ltr'>vit</span> <span class='ocrx_word' id='word_1_417' title='bbox 2062 2590 2351 2657; x_wconf 88' lang='lat' dir='ltr'>Ezechiel</span> <span class='ocrx_word' id='word_1_418' title='bbox 2392 2593 2484 2658; x_wconf 89' lang='lat' dir='ltr'>sic</span> <span class='ocrx_word' id='word_1_419' title='bbox 2524 2595 2821 2677; x_wconf 90' lang='lat' dir='ltr'>inquiens</span> <span class='ocrx_word' id='word_1_420' title='bbox 2847 2602 2871 2637; x_wconf 83' lang='lat'>⁸</span> <span class='ocrx_word' id='word_1_421' title='bbox 2912 2615 2929 2661; x_wconf 71' lang='grc' dir='ltr'><strong><em>ι</em></strong></span> <span class='ocrx_word' id='word_1_422' title='bbox 2968 2619 2999 2658; x_wconf 76' lang='lat' dir='ltr'>c</span> <span class='ocrx_word' id='word_1_423' title='bbox 3026 2596 3170 2663; x_wconf 84' lang='lat' dir='ltr'>Vidi</span> <span class='ocrx_word' id='word_1_424' title='bbox 3192 2648 3208 2680; x_wconf 93' lang='lat'>,</span> <span class='ocrx_word' id='word_1_425' title='bbox 3242 2606 3307 2666; x_wconf 91' lang='lat' dir='ltr'>et</span> <span class='ocrx_word' id='word_1_426' title='bbox 3344 2620 3487 2669; x_wconf 88' lang='lat' dir='ltr'>ecce</span> 
     </span>
     <span class='ocr_line' id='line_1_67' title="bbox 1941 2700 3488 2789; baseline 0.009 -27"><span class='ocrx_word' id='word_1_427' title='bbox 1941 2702 2172 2763; x_wconf 88' lang='lat' dir='ltr'>ventus</span> <span class='ocrx_word' id='word_1_428' title='bbox 2218 2700 2493 2765; x_wconf 85' lang='lat' dir='ltr'>turbinis</span> <span class='ocrx_word' id='word_1_429' title='bbox 2539 2702 2840 2767; x_wconf 88' lang='lat' dir='ltr'>veniebat</span> <span class='ocrx_word' id='word_1_430' title='bbox 2886 2704 2967 2768; x_wconf 90' lang='lat' dir='ltr'>ab</span> <span class='ocrx_word' id='word_1_431' title='bbox 3021 2706 3320 2789; x_wconf 88' lang='lat' dir='ltr'>aquilone</span> <span class='ocrx_word' id='word_1_432' title='bbox 3352 2756 3374 2789; x_wconf 93' lang='lat'>,</span> <span class='ocrx_word' id='word_1_433' title='bbox 3424 2716 3488 2776; x_wconf 91' lang='lat' dir='ltr'>et</span> 
     </span>
     <span class='ocr_line' id='line_1_68' title="bbox 1939 2807 3488 2900; baseline 0.007 -29"><span class='ocrx_word' id='word_1_434' title='bbox 1939 2807 2148 2872; x_wconf 86' lang='lat' dir='ltr'>nubes</span> <span class='ocrx_word' id='word_1_435' title='bbox 2173 2826 2417 2890; x_wconf 85' lang='lat' dir='ltr'>magna</span> <span class='ocrx_word' id='word_1_436' title='bbox 2438 2857 2458 2889; x_wconf 90' lang='lat'>,</span> <span class='ocrx_word' id='word_1_437' title='bbox 2485 2813 2550 2874; x_wconf 90' lang='lat' dir='ltr'>et</span> <span class='ocrx_word' id='word_1_438' title='bbox 2573 2810 2749 2891; x_wconf 76' lang='lat' dir='ltr'>ignis</span> <span class='ocrx_word' id='word_1_439' title='bbox 2772 2811 3131 2878; x_wconf 85' lang='lat' dir='ltr'>involvens.</span> <span class='ocrx_word' id='word_1_440' title='bbox 3166 2814 3247 2881; x_wconf 91' lang='lat' dir='ltr'>Et</span> <span class='ocrx_word' id='word_1_441' title='bbox 3271 2817 3488 2900; x_wconf 89' lang='lat' dir='ltr'>splen-</span> 
     </span>
     <span class='ocr_line' id='line_1_69' title="bbox 1938 2916 3487 3009; baseline 0.006 -27"><span class='ocrx_word' id='word_1_442' title='bbox 1938 2916 2058 2982; x_wconf 87' lang='lat' dir='ltr'>dor</span> <span class='ocrx_word' id='word_1_443' title='bbox 2091 2916 2163 2981; x_wconf 92' lang='lat' dir='ltr'>in</span> <span class='ocrx_word' id='word_1_444' title='bbox 2186 2917 2457 2982; x_wconf 87' lang='lat' dir='ltr'>circuitu</span> <span class='ocrx_word' id='word_1_445' title='bbox 2489 2920 2630 3001; x_wconf 87' lang='lat' dir='ltr'>ejus</span> <span class='ocrx_word' id='word_1_446' title='bbox 2642 2966 2667 2999; x_wconf 94' lang='lat'>,</span> <span class='ocrx_word' id='word_1_447' title='bbox 2697 2918 2867 2984; x_wconf 91' lang='lat' dir='ltr'>etde</span> <span class='ocrx_word' id='word_1_448' title='bbox 2895 2921 3107 2987; x_wconf 89' lang='lat' dir='ltr'>medio</span> <span class='ocrx_word' id='word_1_449' title='bbox 3135 2926 3277 3007; x_wconf 85' lang='lat' dir='ltr'>ejus</span> <span class='ocrx_word' id='word_1_450' title='bbox 3302 2929 3487 3009; x_wconf 90' lang='lat' dir='ltr'>quasi</span> 
     </span>
     <span class='ocr_line' id='line_1_70' title="bbox 1940 3024 3487 3113; baseline 0.007 -26"><span class='ocrx_word' id='word_1_451' title='bbox 1940 3024 2180 3107; x_wconf 86' lang='lat' dir='ltr'>species</span> <span class='ocrx_word' id='word_1_452' title='bbox 2206 3024 2449 3106; x_wconf 88' lang='lat' dir='ltr'>electri,</span> <span class='ocrx_word' id='word_1_453' title='bbox 2482 3025 2548 3090; x_wconf 90' lang='lat' dir='ltr'>id</span> <span class='ocrx_word' id='word_1_454' title='bbox 2579 3030 2676 3091; x_wconf 88' lang='lat' dir='ltr'>est</span> <span class='ocrx_word' id='word_1_455' title='bbox 2694 3075 2713 3107; x_wconf 90' lang='lat'>,</span> <span class='ocrx_word' id='word_1_456' title='bbox 2742 3026 2820 3091; x_wconf 91' lang='lat' dir='ltr'>de</span> <span class='ocrx_word' id='word_1_457' title='bbox 2847 3029 3058 3094; x_wconf 87' lang='lat' dir='ltr'>medio</span> <span class='ocrx_word' id='word_1_458' title='bbox 3084 3030 3283 3113; x_wconf 73' lang='lat' dir='ltr'>ignia.</span> <span class='ocrx_word' id='word_1_459' title='bbox 3312 3032 3390 3098; x_wconf 87' lang='lat' dir='ltr'>Et</span> <span class='ocrx_word' id='word_1_460' title='bbox 3416 3034 3487 3098; x_wconf 93' lang='lat' dir='ltr'>in</span> 
     </span>
     <span class='ocr_line' id='line_1_71' title="bbox 1937 3133 3477 3220; baseline 0.003 -21"><span class='ocrx_word' id='word_1_461' title='bbox 1937 3133 2150 3200; x_wconf 90' lang='lat' dir='ltr'>medio</span> <span class='ocrx_word' id='word_1_462' title='bbox 2177 3136 2233 3217; x_wconf 89' lang='lat' dir='ltr'>ej</span> <span class='ocrx_word' id='word_1_463' title='bbox 2243 3152 2318 3198; x_wconf 88' lang='lat' dir='ltr'>us</span> <span class='ocrx_word' id='word_1_464' title='bbox 2343 3134 2688 3201; x_wconf 89' lang='lat' dir='ltr'>similitudo</span> <span class='ocrx_word' id='word_1_465' title='bbox 2716 3140 2994 3220; x_wconf 80' lang='lat' dir='ltr'>quatuor</span> <span class='ocrx_word' id='word_1_466' title='bbox 3018 3139 3416 3208; x_wconf 90' lang='lat' dir='ltr'>animalium.</span> <span class='ocrx_word' id='word_1_467' title='bbox 3444 3164 3477 3203; x_wconf 75' lang='grc' dir='ltr'>ιο</span> 
     </span>
     <span class='ocr_line' id='line_1_72' title="bbox 1936 3240 3480 3333; baseline 0.007 -27"><span class='ocrx_word' id='word_1_468' title='bbox 1936 3240 2093 3306; x_wconf 85' lang='lat' dir='ltr'>Vide</span> <span class='ocrx_word' id='word_1_469' title='bbox 2138 3242 2374 3306; x_wconf 90' lang='lat' dir='ltr'>miram</span> <span class='ocrx_word' id='word_1_470' title='bbox 2421 3243 2694 3307; x_wconf 85' lang='lat' dir='ltr'>extremi</span> <span class='ocrx_word' id='word_1_471' title='bbox 2733 3245 3057 3310; x_wconf 84' lang='lat' dir='ltr'>examinis</span> <span class='ocrx_word' id='word_1_472' title='bbox 3109 3247 3480 3333; x_wconf 88' lang='lat' dir='ltr'>descriptio-</span> 
     </span>
     <span class='ocr_line' id='line_1_73' title="bbox 1935 3349 3484 3433; baseline 0.006 -20"><span class='ocrx_word' id='word_1_473' title='bbox 1935 3365 2118 3429; x_wconf 88' lang='lat' dir='ltr'>nem,</span> <span class='ocrx_word' id='word_1_474' title='bbox 2146 3353 2467 3432; x_wconf 90' lang='lat' dir='ltr'>quantum</span> <span class='ocrx_word' id='word_1_475' title='bbox 2492 3350 2573 3414; x_wconf 91' lang='lat' dir='ltr'>ad</span> <span class='ocrx_word' id='word_1_476' title='bbox 2599 3350 2969 3433; x_wconf 86' lang='lat' dir='ltr'>qualitatem</span> <span class='ocrx_word' id='word_1_477' title='bbox 3001 3359 3385 3421; x_wconf 89' lang='lat' dir='ltr'>naturarum</span> <span class='ocrx_word' id='word_1_478' title='bbox 3413 3349 3484 3424; x_wconf 85' lang='lat' dir='ltr'>in</span> 
     </span>
     <span class='ocr_line' id='line_1_74' title="bbox 1928 3456 3481 3545; baseline 0.005 -24"><span class='ocrx_word' id='word_1_479' title='bbox 1928 3456 2290 3539; x_wconf 84' lang='lat' dir='ltr'>judicante,</span> <span class='ocrx_word' id='word_1_480' title='bbox 2337 3457 2407 3519; x_wconf 91' lang='lat' dir='ltr'>in</span> <span class='ocrx_word' id='word_1_481' title='bbox 2457 3457 2687 3522; x_wconf 89' lang='lat' dir='ltr'>electro</span> <span class='ocrx_word' id='word_1_482' title='bbox 2755 3477 2838 3538; x_wconf 79' lang='lat' dir='ltr'>ex</span> <span class='ocrx_word' id='word_1_483' title='bbox 2882 3477 3041 3526; x_wconf 91' lang='lat' dir='ltr'>auro</span> <span class='ocrx_word' id='word_1_484' title='bbox 3091 3461 3441 3528; x_wconf 85' lang='lat' dir='ltr'>divinitatis</span> <span class='ocrx_word' id='word_1_485' title='bbox 3460 3514 3481 3545; x_wconf 86' lang='lat'>,</span> 
     </span>
     <span class='ocr_line' id='line_1_75' title="bbox 1935 3564 3480 3649; baseline 0.006 -20"><span class='ocrx_word' id='word_1_486' title='bbox 1935 3567 1999 3629; x_wconf 91' lang='lat' dir='ltr'>et</span> <span class='ocrx_word' id='word_1_487' title='bbox 2051 3564 2473 3630; x_wconf 89' lang='lat' dir='ltr'>humanitatis</span> <span class='ocrx_word' id='word_1_488' title='bbox 2528 3571 2797 3649; x_wconf 84' lang='lat' dir='ltr'>argento</span> <span class='ocrx_word' id='word_1_489' title='bbox 2839 3616 2860 3647; x_wconf 96' lang='lat'>,</span> <span class='ocrx_word' id='word_1_490' title='bbox 2917 3572 3480 3639; x_wconf 89' lang='lat' dir='ltr'>comminationem</span> 
     </span>
     <span class='ocr_line' id='line_1_76' title="bbox 1933 3673 3477 3763; baseline 0.006 -27"><span class='ocrx_word' id='word_1_491' title='bbox 1933 3673 2360 3738; x_wconf 76' lang='lat' dir='ltr'>terrificatum</span> <span class='ocrx_word' id='word_1_492' title='bbox 2413 3673 2908 3759; x_wconf 88' lang='lat' dir='ltr'>impressionum</span> <span class='ocrx_word' id='word_1_493' title='bbox 2936 3723 2958 3756; x_wconf 93' lang='lat'>,</span> <span class='ocrx_word' id='word_1_494' title='bbox 3007 3696 3124 3761; x_wconf 89' lang='lat' dir='ltr'>per</span> <span class='ocrx_word' id='word_1_495' title='bbox 3167 3685 3434 3746; x_wconf 86' lang='lat' dir='ltr'>ventum</span> <span class='ocrx_word' id='word_1_496' title='bbox 3454 3729 3477 3763; x_wconf 90' lang='lat'>,</span> 
     </span>
     <span class='ocr_line' id='line_1_77' title="bbox 1932 3781 3480 3866; baseline 0.006 -21"><span class='ocrx_word' id='word_1_497' title='bbox 1932 3781 2257 3846; x_wconf 88' lang='lat' dir='ltr'>turbinem</span> <span class='ocrx_word' id='word_1_498' title='bbox 2272 3828 2294 3860; x_wconf 95' lang='lat'>,</span> <span class='ocrx_word' id='word_1_499' title='bbox 2328 3785 2393 3846; x_wconf 89' lang='lat' dir='ltr'>et</span> <span class='ocrx_word' id='word_1_500' title='bbox 2429 3783 2672 3847; x_wconf 85' lang='lat' dir='ltr'>nubem</span> <span class='ocrx_word' id='word_1_501' title='bbox 2705 3785 3318 3866; x_wconf 86' lang='lat' dir='ltr'>:conflagrationem</span> <span class='ocrx_word' id='word_1_502' title='bbox 3349 3789 3480 3855; x_wconf 89' lang='lat' dir='ltr'>ele-</span> 
     </span>
     <span class='ocr_line' id='line_1_78' title="bbox 1932 3890 3482 3972; baseline 0.007 -19"><span class='ocrx_word' id='word_1_503' title='bbox 1932 3893 2299 3954; x_wconf 89' lang='lat' dir='ltr'>mentorum</span> <span class='ocrx_word' id='word_1_504' title='bbox 2320 3939 2338 3968; x_wconf 93' lang='lat'>‚</span> <span class='ocrx_word' id='word_1_505' title='bbox 2384 3908 2498 3972; x_wconf 91' lang='lat' dir='ltr'>per</span> <span class='ocrx_word' id='word_1_506' title='bbox 2538 3891 2763 3970; x_wconf 82' lang='lat' dir='ltr'>ignem</span> <span class='ocrx_word' id='word_1_507' title='bbox 2807 3890 3243 3961; x_wconf 86' lang='lat' dir='ltr'>involventem</span> <span class='ocrx_word' id='word_1_508' title='bbox 3276 3919 3291 3962; x_wconf 72' lang='grc' dir='ltr'><strong><em>ε</em></strong></span> <span class='ocrx_word' id='word_1_509' title='bbox 3323 3916 3482 3963; x_wconf 86' lang='lat' dir='ltr'>exa-</span> 
     </span>
     <span class='ocr_line' id='line_1_79' title="bbox 1930 3996 3474 4077; baseline 0.008 -17"><span class='ocrx_word' id='word_1_510' title='bbox 1930 3996 2383 4077; x_wconf 86' lang='lat' dir='ltr'>minationem,</span> <span class='ocrx_word' id='word_1_511' title='bbox 2413 4001 2478 4062; x_wconf 94' lang='lat' dir='ltr'>et</span> <span class='ocrx_word' id='word_1_512' title='bbox 2521 3997 3015 4065; x_wconf 88' lang='lat' dir='ltr'>denudationem</span> <span class='ocrx_word' id='word_1_513' title='bbox 3056 4005 3474 4073; x_wconf 87' lang='lat' dir='ltr'>conscientia-</span> 
     </span>
     <span class='ocr_line' id='line_1_80' title="bbox 1928 4105 3478 4188; baseline 0.008 -19"><span class='ocrx_word' id='word_1_514' title='bbox 1928 4122 2079 4169; x_wconf 90' lang='lat' dir='ltr'>rum</span> <span class='ocrx_word' id='word_1_515' title='bbox 2122 4123 2236 4187; x_wconf 90' lang='lat' dir='ltr'>per</span> <span class='ocrx_word' id='word_1_516' title='bbox 2280 4105 2682 4188; x_wconf 90' lang='lat' dir='ltr'>splendorem</span> <span class='ocrx_word' id='word_1_517' title='bbox 2725 4128 2741 4169; x_wconf 73' lang='grc' dir='ltr'>ε</span> <span class='ocrx_word' id='word_1_518' title='bbox 2782 4108 3239 4177; x_wconf 82' lang='lat' dir='ltr'>confessionem</span> <span class='ocrx_word' id='word_1_519' title='bbox 3283 4116 3478 4181; x_wconf 86' lang='lat' dir='ltr'>assis-</span> 
     </span>
     <span class='ocr_line' id='line_1_81' title="bbox 1926 4212 3476 4303; baseline 0.009 -28"><span class='ocrx_word' id='word_1_520' title='bbox 1926 4212 2204 4276; x_wconf 85' lang='lat' dir='ltr'>tentium</span> <span class='ocrx_word' id='word_1_521' title='bbox 2231 4230 2347 4295; x_wconf 79' lang='lat' dir='ltr'>per</span> <span class='ocrx_word' id='word_1_522' title='bbox 2388 4215 2666 4295; x_wconf 89' lang='lat' dir='ltr'>quatuor</span> <span class='ocrx_word' id='word_1_523' title='bbox 2713 4214 3037 4282; x_wconf 91' lang='lat' dir='ltr'>animalia.</span> <span class='ocrx_word' id='word_1_524' title='bbox 3081 4218 3154 4283; x_wconf 90' lang='lat' dir='ltr'>In</span> <span class='ocrx_word' id='word_1_525' title='bbox 3197 4226 3476 4303; x_wconf 89' lang='lat' dir='ltr'>quatuor</span> 
     </span>
     <span class='ocr_line' id='line_1_82' title="bbox 1927 4319 3476 4410; baseline 0.008 -26"><span class='ocrx_word' id='word_1_526' title='bbox 1927 4321 2100 4385; x_wconf 91' lang='lat' dir='ltr'>enim</span> <span class='ocrx_word' id='word_1_527' title='bbox 2141 4319 2525 4385; x_wconf 88' lang='lat' dir='ltr'>animalibus</span> <span class='ocrx_word' id='word_1_528' title='bbox 2561 4321 3012 4405; x_wconf 85' lang='lat' dir='ltr'>intelliguntur</span> <span class='ocrx_word' id='word_1_529' title='bbox 3048 4334 3326 4410; x_wconf 90' lang='lat' dir='ltr'>quatuor</span> <span class='ocrx_word' id='word_1_530' title='bbox 3366 4349 3476 4396; x_wconf 90' lang='lat' dir='ltr'>or-</span> 
     </span>
     <span class='ocr_line' id='line_1_83' title="bbox 1925 4430 3473 4523; baseline 0.006 -28"><span class='ocrx_word' id='word_1_531' title='bbox 1925 4430 2106 4496; x_wconf 89' lang='lat' dir='ltr'>dines</span> <span class='ocrx_word' id='word_1_532' title='bbox 2152 4430 2584 4494; x_wconf 87' lang='lat' dir='ltr'>assistentium</span> <span class='ocrx_word' id='word_1_533' title='bbox 2625 4452 2641 4493; x_wconf 87' lang='lat'>:</span> <span class='ocrx_word' id='word_1_534' title='bbox 2694 4431 2765 4495; x_wconf 89' lang='lat' dir='ltr'>in</span> <span class='ocrx_word' id='word_1_535' title='bbox 2811 4431 2991 4497; x_wconf 89' lang='lat' dir='ltr'>leone</span> <span class='ocrx_word' id='word_1_536' title='bbox 3032 4435 3188 4501; x_wconf 90' lang='lat' dir='ltr'>ordo</span> <span class='ocrx_word' id='word_1_537' title='bbox 3231 4437 3473 4523; x_wconf 87' lang='lat' dir='ltr'>Marty-</span> 
     </span>
     <span class='ocr_line' id='line_1_84' title="bbox 1923 4537 3469 4623; baseline 0.007 -22"><span class='ocrx_word' id='word_1_538' title='bbox 1923 4554 2116 4616; x_wconf 83' lang='lat' dir='ltr'>rum3</span> <span class='ocrx_word' id='word_1_539' title='bbox 2165 4538 2235 4601; x_wconf 91' lang='lat' dir='ltr'>in</span> <span class='ocrx_word' id='word_1_540' title='bbox 2280 4538 2476 4615; x_wconf 86' lang='lat' dir='ltr'>bove,</span> <span class='ocrx_word' id='word_1_541' title='bbox 2515 4537 2670 4603; x_wconf 88' lang='lat' dir='ltr'>ordo</span> <span class='ocrx_word' id='word_1_542' title='bbox 2720 4539 3200 4623; x_wconf 79' lang='lat' dir='ltr'>consessorum3</span> <span class='ocrx_word' id='word_1_543' title='bbox 3235 4546 3303 4609; x_wconf 92' lang='lat' dir='ltr'>in</span> <span class='ocrx_word' id='word_1_544' title='bbox 3350 4547 3469 4612; x_wconf 91' lang='lat' dir='ltr'>ho-</span> 
     </span>
     <span class='ocr_line' id='line_1_85' title="bbox 1923 4643 3469 4735; baseline 0.009 -28"><span class='ocrx_word' id='word_1_545' title='bbox 1923 4643 2100 4709; x_wconf 88' lang='lat' dir='ltr'>mine</span> <span class='ocrx_word' id='word_1_546' title='bbox 2135 4693 2154 4723; x_wconf 93' lang='lat'>,</span> <span class='ocrx_word' id='word_1_547' title='bbox 2201 4647 2359 4712; x_wconf 90' lang='lat' dir='ltr'>ordo</span> <span class='ocrx_word' id='word_1_548' title='bbox 2385 4645 2776 4728; x_wconf 75' lang='lat' dir='ltr'>virginum3</span> <span class='ocrx_word' id='word_1_549' title='bbox 2815 4656 2882 4713; x_wconf 92' lang='lat' dir='ltr'>et</span> <span class='ocrx_word' id='word_1_550' title='bbox 2921 4649 2992 4714; x_wconf 90' lang='lat' dir='ltr'>in</span> <span class='ocrx_word' id='word_1_551' title='bbox 3027 4653 3244 4735; x_wconf 88' lang='lat' dir='ltr'>aquila</span> <span class='ocrx_word' id='word_1_552' title='bbox 3263 4701 3282 4733; x_wconf 93' lang='lat'>,</span> <span class='ocrx_word' id='word_1_553' title='bbox 3314 4656 3469 4722; x_wconf 91' lang='lat' dir='ltr'>ordo</span> 
     </span>
     <span class='ocr_line' id='line_1_86' title="bbox 1923 4750 3464 4839; baseline 0.008 -24"><span class='ocrx_word' id='word_1_554' title='bbox 1923 4750 2298 4832; x_wconf 88' lang='lat' dir='ltr'>Doctorum,</span> <span class='ocrx_word' id='word_1_555' title='bbox 2320 4756 2578 4836; x_wconf 87' lang='lat' dir='ltr'>propter</span> <span class='ocrx_word' id='word_1_556' title='bbox 2601 4755 3153 4839; x_wconf 88' lang='lat' dir='ltr'>contemplationis</span> <span class='ocrx_word' id='word_1_557' title='bbox 3171 4777 3464 4828; x_wconf 92' lang='lat' dir='ltr'>acumen.</span> 
     </span>
     <span class='ocr_line' id='line_1_87' title="bbox 1922 4860 3465 4951; baseline 0.007 -27"><span class='ocrx_word' id='word_1_558' title='bbox 1922 4860 2028 4926; x_wconf 88' lang='lat' dir='ltr'>Sic</span> <span class='ocrx_word' id='word_1_559' title='bbox 2056 4862 2386 4945; x_wconf 89' lang='lat' dir='ltr'>injudicio</span> <span class='ocrx_word' id='word_1_560' title='bbox 2411 4863 2523 4927; x_wconf 84' lang='lat' dir='ltr'>flet</span> <span class='ocrx_word' id='word_1_561' title='bbox 2547 4862 2866 4946; x_wconf 87' lang='lat' dir='ltr'>separatio</span> <span class='ocrx_word' id='word_1_562' title='bbox 2890 4865 3041 4947; x_wconf 91' lang='lat' dir='ltr'>puri</span> <span class='ocrx_word' id='word_1_563' title='bbox 3071 4865 3152 4931; x_wconf 91' lang='lat' dir='ltr'>ab</span> <span class='ocrx_word' id='word_1_564' title='bbox 3184 4867 3465 4951; x_wconf 88' lang='lat' dir='ltr'>impuro,</span> 
     </span>
     <span class='ocr_line' id='line_1_88' title="bbox 1923 4969 2613 5049; baseline 0.006 -18"><span class='ocrx_word' id='word_1_565' title='bbox 1923 4985 2247 5049; x_wconf 85' lang='lat' dir='ltr'>agnorum</span> <span class='ocrx_word' id='word_1_566' title='bbox 2275 4970 2356 5036; x_wconf 91' lang='lat' dir='ltr'>ab</span> <span class='ocrx_word' id='word_1_567' title='bbox 2383 4969 2613 5035; x_wconf 85' lang='lat' dir='ltr'>hoedis.</span> 
     </span>
    </p>

    <p class='ocr_par' dir='ltr' id='par_1_6' title="bbox 1919 5074 3467 5381">
     <span class='ocr_line' id='line_1_89' title="bbox 2002 5074 3466 5161; baseline 0.005 -19"><span class='ocrx_word' id='word_1_568' title='bbox 2002 5074 2365 5161; x_wconf 88' lang='lat' dir='ltr'>Septimum</span> <span class='ocrx_word' id='word_1_569' title='bbox 2391 5079 2675 5145; x_wconf 92' lang='lat' dir='ltr'>medium</span> <span class='ocrx_word' id='word_1_570' title='bbox 2693 5082 2790 5145; x_wconf 89' lang='lat' dir='ltr'>est</span> <span class='ocrx_word' id='word_1_571' title='bbox 2807 5079 3094 5144; x_wconf 91' lang='lat' dir='ltr'>medium</span> <span class='ocrx_word' id='word_1_572' title='bbox 3111 5083 3466 5150; x_wconf 80' lang='lat' dir='ltr'>concordiae</span> 
     </span>
     <span class='ocr_line' id='line_1_90' title="bbox 1920 5184 3467 5270; baseline 0.005 -22"><span class='ocrx_word' id='word_1_573' title='bbox 1920 5184 2267 5252; x_wconf 89' lang='lat' dir='ltr'>universali</span> <span class='ocrx_word' id='word_1_574' title='bbox 2330 5186 2767 5252; x_wconf 86' lang='lat' dir='ltr'>conciliatione</span> <span class='ocrx_word' id='word_1_575' title='bbox 2822 5190 3142 5270; x_wconf 86' lang='lat' dir='ltr'>pacatum.</span> <span class='ocrx_word' id='word_1_576' title='bbox 3199 5189 3286 5255; x_wconf 90' lang='lat' dir='ltr'>De</span> <span class='ocrx_word' id='word_1_577' title='bbox 3343 5190 3467 5257; x_wconf 90' lang='lat' dir='ltr'>hoc</span> 
     </span>
     <span class='ocr_line' id='line_1_91' title="bbox 1919 5291 3465 5381; baseline 0.006 -25"><span class='ocrx_word' id='word_1_578' title='bbox 1919 5291 2132 5358; x_wconf 89' lang='lat' dir='ltr'>medio</span> <span class='ocrx_word' id='word_1_579' title='bbox 2162 5294 2304 5376; x_wconf 84' lang='lat' dir='ltr'>agit</span> <span class='ocrx_word' id='word_1_580' title='bbox 2330 5292 2698 5377; x_wconf 82' lang='lat' dir='ltr'>Theologus</span> <span class='ocrx_word' id='word_1_581' title='bbox 2712 5343 2729 5376; x_wconf 96' lang='lat'>,</span> <span class='ocrx_word' id='word_1_582' title='bbox 2750 5295 2865 5378; x_wconf 83' lang='lat' dir='ltr'>qui</span> <span class='ocrx_word' id='word_1_583' title='bbox 2890 5295 3266 5377; x_wconf 88' lang='lat' dir='ltr'>considerat,</span> <span class='ocrx_word' id='word_1_584' title='bbox 3289 5299 3465 5381; x_wconf 90' lang='lat' dir='ltr'>quod</span> 
     </span>
    </p>
   </div>
   <div class='ocr_carea' id='block_1_5' title="bbox 1917 5453 3457 5593">
    <p class='ocr_par' dir='ltr' id='par_1_7' title="bbox 1917 5453 3457 5593">
     <span class='ocr_line' id='line_1_92' title="bbox 1917 5453 3457 5580; baseline 0.005 -75"><span class='ocrx_word' id='word_1_585' title='bbox 1917 5453 2106 5580; x_wconf 60' lang='lat' dir='ltr'>⁸1&lt;4len51</span> <span class='ocrx_word' id='word_1_586' title='bbox 2125 5456 2271 5521; x_wconf 76' lang='lat' dir='ltr'>infra,</span> <span class='ocrx_word' id='word_1_587' title='bbox 2296 5457 2434 5509; x_wconf 87' lang='lat' dir='ltr'>circa</span> <span class='ocrx_word' id='word_1_588' title='bbox 2458 5457 2545 5508; x_wconf 85' lang='lat' dir='ltr'>tin.</span> <span class='ocrx_word' id='word_1_589' title='bbox 2570 5471 2725 5511; x_wconf 83' lang='lat' dir='ltr'>serm.</span> <span class='ocrx_word' id='word_1_590' title='bbox 2752 5469 2823 5510; x_wconf 76' lang='lat' dir='ltr'>vt.</span> <span class='ocrx_word' id='word_1_591' title='bbox 2842 5482 2903 5501; x_wconf 91' lang='lat'>·-</span> <span class='ocrx_word' id='word_1_592' title='bbox 2927 5460 2946 5491; x_wconf 71' lang='lat'>³</span> <span class='ocrx_word' id='word_1_593' title='bbox 2976 5459 3102 5514; x_wconf 84' lang='lat' dir='ltr'>ibid.</span> <span class='ocrx_word' id='word_1_594' title='bbox 3122 5487 3186 5500; x_wconf 91' lang='lat'>--</span> <span class='ocrx_word' id='word_1_595' title='bbox 3210 5460 3233 5499; x_wconf 77' lang='lat'>⁸</span> <span class='ocrx_word' id='word_1_596' title='bbox 3252 5459 3457 5525; x_wconf 64' lang='lat' dir='ltr'>luch„</span> 
     </span>
     <span class='ocr_line' id='line_1_93' title="bbox 1919 5538 2116 5593; baseline 0.02 -16"><span class='ocrx_word' id='word_1_597' title='bbox 1919 5538 1963 5591; x_wconf 87' lang='lat'>1,</span> <span class='ocrx_word' id='word_1_598' title='bbox 2018 5563 2038 5593; x_wconf 85' lang='lat'>,</span> <span class='ocrx_word' id='word_1_599' title='bbox 2101 5564 2116 5581; x_wconf 96' lang='lat'>.</span> 
     </span>
    </p>
   </div>
  </div>
 </body>
</html>
