4196 6294
1619 442 1980 515 PSALMUS
2023 439 2284 514 cxvm.

823 659 1106 716 Articulus
1132 654 1422 715 secundus.

423 782 760 844 Secundum
821 782 1177 852 subnotem,
1224 778 1428 838 subdit
1484 795 1499 835 ε
1574 779 1893 835 posuerunt.

354 877 414 938 si
439 878 689 953 laqueos
725 877 1072 952 posuerunt,
1107 871 1337 948 aliquid
1372 872 1899 947 superposuerunt,

353 971 449 1030 cui
498 972 750 1046 laqueos
801 969 1359 1043 subterposuerunt,
1416 967 1564 1023 sicut
1615 962 1898 1037 scriptum

353 1070 439 1124 est
469 1072 480 1101 ¹
516 1081 531 1122 ε
568 1086 597 1117 «
624 1067 1036 1135 Narraverunt‚
1066 1067 1132 1121 ut
1148 1060 1581 1120 absconderent
1607 1058 1894 1132 laqueos3

352 1158 653 1216 dixerunt:
677 1156 816 1227 Quis
840 1155 1069 1215 videbit
1086 1173 1188 1214 eos
1204 1157 1273 1213 i»
1310 1153 1464 1223 Quid
1489 1155 1685 1211 autem
1700 1166 1900 1225 super·

351 1255 697 1326 posuerunt,
752 1249 866 1307 nisi
917 1248 1173 1307 veritatis
1227 1246 1668 1322 apparentiam,
1712 1259 1898 1318 quam

350 1344 537 1404 oculis
561 1344 776 1403 nostris
800 1346 1226 1419 opposuerunt,
1256 1357 1365 1416 per
1382 1356 1533 1415 quas
1558 1355 1669 1397 nos
1691 1338 1895 1396 fallere

351 1441 806 1516 disposuerunt?
853 1442 922 1498 Et
974 1440 1139 1509 nota,
1176 1437 1331 1496 circa
1381 1438 1762 1511 peccatorum
1792 1449 1898 1508 po·

348 1534 643 1602 sinonem,
690 1533 985 1608 triplicem
1026 1530 1569 1600 inordinationem;
1598 1531 1745 1603 puta
1780 1543 1899 1585 res—

349 1631 522 1703 pectu
565 1627 853 1702 proximi,
901 1628 1170 1698 respectu
1235 1624 1357 1695 Dei,
1418 1625 1691 1695 respectu
1742 1619 1833 1678 sui
1877 1639 1891 1678 :

349 1722 637 1796 quoniam
661 1721 1016 1796 impugnant
1038 1718 1360 1777 fraternam
1383 1715 1661 1789 gratiam,
1697 1728 1898 1790 super-

348 1830 491 1873 nam
533 1814 945 1885 reverentiam,
1000 1812 1294 1886 internam
1340 1809 1783 1869 conscientiam.
1813 1810 1894 1867 De

348 1907 547 1982 primo
599 1923 706 1981 per
750 1905 1117 1965 psalmistam
1168 1898 1381 1963 dicitur
1406 1902 1465 1962 ¹:
1497 1924 1526 1957 ι»
1560 1907 1899 1962 Posuerunt

351 2001 497 2058 mihi
525 2000 687 2059 mala
729 2014 840 2074 pro
858 1999 1068 2070 bonis:
1098 1997 1259 2056 mala
1284 1998 1503 2056 scilicet
1528 1997 1896 2054 circumven-

351 2094 549 2166 tionis„
576 2109 686 2168 pro
714 2093 891 2151 bonis
917 2093 1392 2162 interventionis3
1437 2091 1701 2166 loquitur
1728 2091 1889 2148 enim

351 2190 528 2262 caput
551 2203 663 2262 pro
691 2186 996 2258 membris,
1051 2185 1306 2244 Christus
1354 2201 1466 2259 pro
1502 2184 1840 2243 Christianis
1878 2201 1895 2242 :

351 2296 486 2340 ecce
532 2280 869 2339 inordinata
919 2279 1136 2354 positio
1190 2284 1459 2353 respectu
1507 2278 1786 2352 proximi.
1817 2280 1898 2337 De

350 2374 614 2433 secundo
635 2390 743 2449 per
764 2373 1115 2449 Prophetam
1133 2373 1407 2447 psallitur
1434 2375 1485 2429 ³:
1521 2393 1551 2426 α
1573 2376 1899 2430 Posuerunt

278 2526 287 2535 ,
350 2468 413 2525 in
440 2468 655 2526 coelum
685 2483 754 2526 os
779 2483 958 2525 suum
988 2486 1002 2525 :
1040 2466 1104 2524 in
1132 2466 1349 2524 coelum
1397 2482 1465 2524 os
1499 2470 1752 2541 ponunt,
1792 2465 1895 2540 qui

110 3721 316 3774 Laqueus

351 2561 496 2619 dum
521 2561 729 2620 fideles
747 2560 991 2636 perfidis
1017 2560 1385 2634 argumentis
1415 2560 1724 2619 obcoecare
1758 2576 1896 2634 pro·

348 2660 601 2729 ponunt,
638 2653 752 2729 ipsi
804 2654 1029 2713 auctori
1058 2659 1114 2713 et
1141 2654 1601 2713 consummatori
1644 2655 1785 2713 fidei
1835 2671 1898 2713 se

349 2753 700 2823 opponunt:
759 2763 894 2807 ecce
956 2748 1295 2807 inordinata
1357 2748 1572 2823 positio
1629 2753 1897 2823 respectu

353 2843 472 2901 Dei.
511 2844 589 2900 De
617 2841 787 2899 tertio
827 2841 1101 2900 scribitur
1128 2843 1151 2877 ὅ
1179 2863 1196 2898 :
1232 2864 1260 2897 ι
1283 2843 1400 2900 Viri
1454 2843 1547 2901 isti
1572 2847 1902 2917 posuerunt

351 2934 759 2993 immunditias
783 2952 920 2994 suas
946 2936 1010 2994 in
1039 2935 1320 2994 cordibus
1358 2936 1500 3007 suis,
1547 2940 1606 2995 et
1649 2936 1899 2995 scanda-

349 3029 479 3087 lum
503 3029 827 3104 iniquitatis
872 3047 992 3089 suae
1046 3035 1372 3090 statuerunt
1423 3036 1630 3090 contra
1681 3031 1900 3089 faciem

351 3139 540 3182 suam.
571 3142 600 3179 n
630 3123 721 3183 Sic
761 3123 1004 3197 faciunt,
1050 3126 1154 3200 qui
1192 3126 1465 3201 proprias
1507 3125 1899 3201 coinquinant

350 3218 759 3289 conscientias,
782 3219 1244 3277 scandalizantes
1282 3219 1593 3293 proximos
1648 3235 1759 3294 per
1807 3236 1899 3278 ar-

350 3318 519 3386 gutas
544 3315 804 3385 astutias,
833 3320 891 3375 et
936 3319 1155 3374 astutas
1178 3317 1487 3388 versutiae,
1536 3320 1593 3374 et
1632 3319 1898 3375 versutas

351 3409 646 3483 argutias:
679 3425 812 3469 ecce
838 3410 1178 3469 inordinata
1216 3411 1432 3486 positio
1476 3416 1745 3486 respectu
1781 3411 1893 3469 sui.

854 3569 1140 3626 Articulus
1179 3571 1390 3626 tertius.

422 3691 676 3750 Tertium
719 3692 1043 3762 denotans,
1085 3692 1228 3751 dicit
1269 3711 1283 3749 :
1322 3694 1615 3765 Laqueum.
1663 3698 1766 3753 iste
1808 3693 1896 3751 la-

353 3802 545 3859 queus
577 3785 825 3844 latenter
858 3787 1112 3861 positus,
1145 3789 1231 3844 est
1259 3785 1478 3845 falsitas
1514 3787 1734 3858 latenS,
1765 3804 1898 3862 quas

354 3883 440 3936 est
465 3895 644 3938 causa
667 3895 856 3952 casus,
884 3880 1033 3938 sicut
1053 3880 1267 3938 veritas
1287 3895 1583 3955 apparens
1609 3885 1695 3938 est
1719 3897 1899 3939 causa

351 3975 566 4031 motus,
599 3975 706 4030 Per
731 3972 997 4032 falsitatis
1031 3975 1252 4050 quippe
1278 3974 1616 4046 latentiam,
1644 3974 1708 4031 in
1730 3988 1897 4032 'erro-

294 4086 300 4091 ·
351 4070 431 4128 ris
455 4064 689 4129 foveam
716 4070 1005 4145 cadimus,
1029 4072 1173 4147 quia
1191 4088 1299 4147 per
1322 4072 1612 4131 larvalem
1637 4072 1898 4131 veritatis

352 4165 756 4239 apparentiam
796 4166 943 4224 moti
985 4183 1189 4225 sumus
1219 4185 1234 4223 :
1274 4182 1408 4224 ecce
1448 4166 1700 4240 laqueus
1740 4166 1897 4241 peri·

352 4257 610 4316 culosus.
653 4258 818 4317 Scitis
856 4260 1123 4334 quibus?
1174 4260 1412 4318 Curiose
1456 4260 1896 4335 spectantibuS,

126 4330 173 4416 ’ἷ-
254 4400 255 4403 .
352 4352 645 4410 incuriose
673 4354 1136 4427 expectantibus,
1167 4354 1450 4428 injuriose
1478 4355 1894 4413 tractantibus:

350 4446 640 4519 quoniam
662 4445 774 4505 hos
808 4446 1096 4520 involvit,
1124 4448 1234 4505 hos
1276 4447 1757 4523 comprehendit,
1786 4449 1897 4507 hos

349 4539 563 4613 perdit.
592 4542 671 4597 De
689 4539 886 4614 primo
906 4542 926 4577 ⁸
949 4560 964 4599 :
993 4560 1021 4595 α
1043 4543 1385 4600 Peccantem
1407 4542 1602 4601 virum
1622 4535 1897 4616 iniquum

350 4632 614 4691 involvet
651 4633 901 4707 laqueus
942 4652 956 4691 :
1014 4656 1043 4687 »
1085 4649 1221 4692 ecce
1265 4635 1516 4710 laqueus
1559 4636 1891 4695 involvens.

350 4728 427 4783 De
451 4725 715 4784 secundo
744 4727 766 4761 ⁸
798 4743 813 4782 z
860 4747 888 4780 α
913 4727 1070 4786 Sicut
1104 4728 1294 4802 pisces
1331 4728 1646 4804 capiuntur
1679 4730 1893 4802 hamo,

348 4823 405 4876 et
456 4818 607 4878 sicut
667 4834 807 4877 aves
859 4821 1443 4895 comprehenduntur
1495 4822 1712 4897 laqueo
1736 4866 1756 4896 ,
1811 4822 1896 4880 sic

3434 449 3554 516 489

2493 648 2781 706 Articulus
2820 653 3067 722 quartus.

2081 774 2366 843 Quartum
2404 775 2764 844 connotanS,
2792 776 3221 848 consequenter
3258 775 3550 835 annectit:

2009 869 2082 923 Et
2110 866 2177 923 de
2201 866 2476 923 mandatis
2505 869 2615 923 tuis
2638 882 2743 922 non
2771 870 2969 925 erravi.
3001 868 3100 926 llic
3127 871 3375 943 apparet
3398 869 3555 945 peri-

2009 959 2092 1017 tia
2131 959 2450 1031 judicantis
2467 1003 2485 1031 ‚
2525 959 2830 1019 veritatem
2872 965 3256 1035 apparentem
3286 979 3551 1037 cernens,

2008 1052 2323 1111 falsitatem
2390 1053 2669 1112 latentem
2742 1069 3104 1113 concernens
3123 1099 3143 1130 ,
3209 1056 3554 1116 varietatem

2011 1146 2371 1220 discernens,
2402 1151 2460 1206 et
2484 1149 2792 1206 veritatem
2832 1147 3156 1207 decernens
3186 1171 3200 1208 :
3248 1151 3386 1210 ideo
3429 1168 3555 1210 non

2010 1239 2224 1298 erravit
2294 1256 2330 1298 a
2400 1240 2695 1300 mandatis
2765 1241 3080 1317 sophistice
3151 1244 3513 1320 impugnatis
3531 1288 3551 1317 ,

2007 1335 2151 1409 quia
2194 1350 2320 1392 non
2364 1336 2581 1393 erravit
2619 1336 2681 1393 in
2716 1336 2947 1409 judicio
2983 1338 3259 1396 veritatis.
3301 1342 3368 1397 Et
3412 1343 3553 1397 nota

2004 1432 2122 1487 tres
2160 1444 2388 1488 errores
2421 1429 2792 1505 perfidorum
2836 1431 2992 1489 circa
3033 1432 3317 1490 mandata
3364 1451 3380 1491 :
3427 1432 3552 1509 pri·
3607 1464 3791 1507 erroro·

2006 1538 2175 1582 mum
2225 1523 2378 1581 circa
2437 1524 2858 1583 mandatorum
2918 1525 3407 1600 impositionem3
3464 1544 3553 1585 se-
3594 1525 3787 1597 rerssdp·

2008 1617 2273 1675 cundum
2338 1617 2495 1677 circa
2556 1618 2798 1677 illorum
2868 1620 3379 1694 observationem3
3440 1625 3552 1679 ter·
3579 1598 3798 1692 :maog

2006 1709 2155 1768 tium
2215 1711 2371 1770 circa
2432 1713 2699 1787 ipsorum
2753 1713 3319 1789 praevaricationem.
3376 1714 3551 1772 Primi
3579 1711 3697 1757 ‘¹⁸¹⁸-

2007 1805 2286 1864 dicebant
2350 1807 2790 1882 impositionem
2864 1808 3289 1866 mandatorum
3358 1825 3554 1869 mora-

2005 1899 2156 1958 lium
2206 1905 2416 1975 praeter
2476 1901 2844 1959 additionem
2893 1902 3379 1961 ceremonialium
3431 1919 3555 1962 non

2007 2009 2135 2052 esse
2177 1993 2547 2068 plenariam3
2599 1994 2844 2052 secundi
2891 1995 3199 2069 ponebant
3240 1996 3550 2056 mandato-

2005 2103 2143 2144 rum
2187 2087 2666 2146 observationem
2714 2104 2837 2146 non
2882 2105 3010 2147 esse
3061 2090 3268 2148 salutis
3311 2092 3553 2150 merito-

2006 2181 2196 2252 riam:
2242 2182 2395 2239 tertii
2436 2182 2779 2240 asserebant
2819 2183 3241 2242 mandatorum
3276 2186 3555 2258 praevari-

2009 2273 2304 2332 cationem
2330 2291 2454 2333 non
2486 2291 2612 2332 esse
2640 2275 2819 2334 morti
2855 2276 3296 2350 obligatoriam.
3327 2278 3555 2336 Primus

2008 2383 2173 2425 error
2200 2368 2504 2442 repellitur
2529 2370 2607 2427 ab
2635 2369 2919 2443 Apostolo
2943 2369 2966 2405 ⁸
2995 2388 3010 2428 :
3043 2389 3072 2426 α
3101 2372 3338 2430 Gressus
3363 2374 3554 2430 rectos

2006 2459 2179 2519 facite
2217 2461 2474 2536 pedibus
2512 2463 2755 2534 vestris,
2786 2467 2853 2521 ut
2890 2480 3015 2522 non
3052 2464 3186 2539 quis
3213 2464 3554 2525 claudicans

2009 2559 2198 2628 erret3
2245 2557 2436 2630 magis
2480 2561 2679 2616 autem
2725 2562 2964 2616 sanetur
2999 2577 3015 2615 :
3075 2578 3103 2613 n
3151 2558 3248 2617 hic
3288 2560 3554 2634 arguitur

2007 2650 2248 2709 illorum
2280 2651 2635 2710 claudicatio
2657 2695 2675 2723 ‚
2708 2651 2812 2726 qui
2852 2667 3085 2710 servare
3130 2652 3428 2712 docebant
3466 2655 3552 2713 le-

2008 2761 2147 2818 gem
2174 2761 2313 2803 cum
2349 2745 2692 2819 Evangelio.
2739 2739 3044 2804 Secundus
3071 2761 3237 2805 error
3269 2747 3555 2808 refellitur

2009 2839 2087 2897 ab
2129 2854 2202 2897 eo
2232 2842 2254 2877 ⁹
2287 2858 2301 2897 :
2336 2862 2364 2892 «
2409 2840 2596 2898 Nolite
2637 2855 2833 2899 errare
2865 2858 2880 2897 :
2911 2842 3062 2898 Deus
3089 2855 3213 2898 non
3238 2840 3550 2917 irridetur3

2008 2949 2142 3007 quoe
2170 2933 2330 2991 enim
2357 2932 2735 2992 seminaverit
2764 2933 2982 3006 homo,
3017 2934 3143 2992 hoec
3171 2940 3225 2993 et
3264 2939 3443 2994 metet
3471 2956 3486 2993 :
3518 2957 3548 2990 n

2008 3042 2081 3083 ex
2111 3026 2202 3083 his
2228 3027 2426 3085 verbis
2446 3027 2639 3086 refelli
2664 3030 2859 3101 potest
2894 3026 3134 3086 illorum
3162 3027 3414 3102 positio,
3447 3031 3550 3104 qui

2006 3119 2260 3179 salutem
2287 3134 2411 3179 non
2438 3120 2836 3180 attribuebant
2866 3121 3089 3180 meritis
3115 3122 3422 3194 humanis,
3444 3123 3552 3182 sed

2006 3213 2150 3273 fato.
2173 3214 2395 3272 Tertius
2419 3230 2584 3273 error
2609 3215 2943 3273 retunditur
2961 3216 3039 3274 ab
3057 3215 3188 3290 ipso
3205 3216 3250 3252 ¹⁰
3276 3235 3291 3275 :
3316 3235 3347 3270 α
3367 3217 3551 3276 Nolite

2006 3323 2204 3366 errare
2238 3326 2253 3366 :
2284 3324 2477 3383 neque
2505 3308 2838 3382 fornicarii,
2866 3324 3064 3384 neque
3098 3309 3278 3369 idolis
3295 3310 3551 3368 servien-

2005 3405 2114 3475 teS,
2142 3419 2335 3477 neque
2366 3403 2649 3477 adulteri,
2675 3421 2871 3480 neque
2899 3406 3147 3478 molles,
3171 3420 3367 3482 neque
3392 3423 3551 3466 mas-

2007 3497 2279 3555 culorum
2334 3498 2748 3557 concubitores
2768 3542 2785 3572 ,
2842 3513 3038 3575 neque
3101 3498 3260 3558 fures
3281 3543 3299 3572 ‚
3353 3515 3550 3575 neque

2005 3590 2203 3662 avari,
2244 3607 2440 3666 neque
2483 3592 2738 3665 ebriosi,
2780 3608 2976 3667 neque
3010 3593 3327 3666 maledici,
3354 3610 3552 3669 neque

2004 3700 2249 3760 rapaces
2273 3702 2527 3759 regnum
2557 3686 2656 3744 Dei
2682 3686 3076 3761 possidebunt
3099 3706 3114 3746 :
3136 3708 3166 3745 n
3188 3688 3284 3745 hic
3306 3687 3550 3746 illorum
3576 3714 3787 3771 origeni·

2005 3793 2170 3857 error
2198 3779 2578 3852 extinguitur,
2609 3781 2713 3855 qui
2743 3780 2948 3838 dicunt
2974 3781 3140 3856 quod
3175 3780 3376 3839 nullus
3409 3796 3547 3854 pec·
3577 3788 3715 3821 orror.

2006 3876 2170 3931 cator
2223 3874 2571 3932 aeternaliter
2630 3875 2907 3949 punietur
2929 3918 2949 3946 ,
3004 3874 3112 3934 sed
3167 3875 3344 3934 etiam
3404 3874 3549 3933 mali

2004 3966 2280 4025 homines
2305 3972 2481 4043 atque
2512 3969 2817 4027 daemones
2841 3973 2978 4044 post
3002 3968 3187 4043 longa
3211 3974 3548 4045 temporum

2002 4062 2193 4135 spatia
2220 4060 2651 4120 beatitudinem
2673 4067 3127 4137 consequentur.

2649 4223 2907 4290 Epilogus.

2073 4349 2166 4407 Ait
2184 4362 2327 4421 ergo
2355 4346 2664 4421 Propheta,
2694 4334 3147 4435 tanquamfldei
3171 4345 3338 4405 sortis
3361 4345 3544 4405 athle-

2005 4446 2063 4501 ta
2092 4462 2109 4500 :
2148 4444 2488 4512 Peccatores,
2516 4444 2807 4515 quantum
2847 4428 2927 4519 ad
2961 4438 3207 4499 fallacias
3248 4431 3545 4514 composi-

2000 4537 2252 4609 tionem;
2283 4537 2582 4593 Posce-unt
2600 4535 2758 4603 mihi,
2785 4537 3076 4608 quantum
3107 4533 3189 4592 ad
3206 4534 3544 4609 apparentis

1999 4628 2257 4688 veritatis
2295 4627 2828 4704 superpositionem
2844 4645 2861 4698 3
2900 4629 3173 4700 Laqueum
3192 4668 3212 4699 ,
3252 4630 3542 4703 quantum

2001 4723 2082 4782 ad
2132 4723 2363 4781 latentis
2414 4720 2678 4780 falsitatis
2719 4721 3274 4796 subterpositionem
3286 4740 3305 4794 3
3356 4723 3428 4779 Et
3477 4723 3544 4779 de

1997 4818 2272 4875 mandatis
2310 4820 2423 4875 tuis
2463 4833 2572 4874 non
2607 4819 2815 4889 erravi,
2864 4820 3152 4891 quantum
3198 4816 3276 4874 ad
3318 4816 3540 4891 peritia:

348 4912 660 4987 capiuntur
702 4913 975 4972 homines
1008 4915 1072 4972 in
1106 4918 1373 4990 tempore
1418 4917 1580 4975 malo
1620 4935 1634 4974 :
1680 4936 1710 4972 ιο
1759 4933 1893 4975 ecce
1993 4911 2321 4985 judiciariae
2348 4909 2879 4985 interpositionem.

346 5005 597 5081 laqueus
641 5008 1170 5083 comprehendens.
1222 5011 1297 5067 De
1343 5010 1513 5072 tertio
1556 5008 1579 5043 ‘¹
1628 5030 1641 5068 :

347 5099 631 5174 laqueum
656 5100 758 5159 alii
786 5102 992 5175 ponit,
1020 5102 1239 5177 peribit
1270 5102 1334 5161 in
1373 5103 1479 5162 illo
1514 5123 1529 5161 :
1560 5125 1588 5159 ι»
1637 5120 1772 5163 ecce
1799 5104 1892 5163 la-

349 5209 539 5268 queus
565 5194 844 5269 perdens.

375 5370 382 5376 ,
415 5319 589 5370 Ῥεαι.
613 5332 763 5385 um,
794 5324 840 5373 6.
869 5349 923 5359 -
953 5323 972 5353 ²
996 5321 1135 5372 Psal.
1163 5332 1308 5388 cvm,
1338 5326 1386 5374 5.
1415 5350 1469 5359 -
1504 5324 1523 5355 ⁸
1554 5324 1690 5374 Psal.
1721 5335 1888 5387 nxxn,

351 5394 397 5441 9.
426 5414 478 5430 -
499 5394 517 5422 ⁴
545 5394 747 5456 Eneca„
775 5407 882 5458 xiv,
918 5400 963 5446 3.
989 5420 1050 5433 —
1077 5394 1099 5430 ⁸
1125 5395 1290 5460 Pron„
1321 5408 1467 5459 xxix,
1495 5399 1542 5447 6.
1567 5421 1629 5433 —-
1657 5397 1677 5427 ⁸
1699 5396 1891 5453 Recte..

1699 5011 1892 5081 «Qui
2007 5015 2013 5021 ’

2539 5081 2868 5127 vsasmums
2915 5082 3008 5124 xv.

2077 5199 2193 5251 111.
2224 5192 2540 5251 Hereditate
2563 5194 2832 5266 acquisivi
2861 5196 3165 5252 testimonia
3189 5201 3304 5268 tua,
3324 5168 3440 5254 etc.
3465 5201 3542 5257 De

1998 5333 2078 5382 ιιι,
2117 5322 2172 5370 17
2198 5342 2261 5356 -
2298 5320 2314 5348 ⁷
2346 5317 2521 5379 Eccli„
2555 5329 2733 5382 xxvn,
2763 5321 2845 5369 29.
2875 5346 2935 5356 —
2967 5316 2990 5352 ⁸
3021 5318 3191 5379 Hebr„
3232 5332 3336 5384 ιη,
3375 5323 3450 5372 13.
3483 5350 3542 5361 -

1996 5394 2017 5423 ’
2046 5390 2241 5453 Galat„
2269 5401 2348 5454 vx,
2375 5393 2422 5440 7.
2464 5415 2527 5427 —
2560 5388 2595 5420 ¹·
2626 5392 2641 5440 1
2676 5390 2812 5450 Cor„
2843 5401 2929 5453 vi,
2955 5391 3006 5441 9.
