<?xml version="1.0" encoding="UTF-8"?>
<!DOCTYPE html PUBLIC "-//W3C//DTD XHTML 1.0 Transitional//EN"
    "http://www.w3.org/TR/xhtml1/DTD/xhtml1-transitional.dtd">
<html xmlns="http://www.w3.org/1999/xhtml" xml:lang="en" lang="en">
 <head>
  <title>
</title>
<meta http-equiv="Content-Type" content="text/html;charset=utf-8" />
  <meta name='ocr-system' content='tesseract 3.04.00' />
  <meta name='ocr-capabilities' content='ocr_page ocr_carea ocr_par ocr_line ocrx_word'/>
</head>
<body>
  <div class='ocr_page' id='page_1' title='image "./srecardinalissb00cargoog_0414.png"; bbox 0 0 4196 6294; ppageno 0'>
   <div class='ocr_carea' id='block_1_1' title="bbox 712 577 2263 1127">
    <p class='ocr_par' dir='ltr' id='par_1_1' title="bbox 712 577 2263 1127">
     <span class='ocr_line' id='line_1_1' title="bbox 715 577 2260 650; baseline -0.005 -7"><span class='ocrx_word' id='word_1_1' title='bbox 715 588 794 643; x_wconf 90' lang='lat' dir='ltr'>te.</span> <span class='ocrx_word' id='word_1_2' title='bbox 821 604 852 640; x_wconf 72' lang='grc' dir='ltr'>ιο</span> <span class='ocrx_word' id='word_1_3' title='bbox 880 583 969 643; x_wconf 79' lang='lat' dir='ltr'>Ab</span> <span class='ocrx_word' id='word_1_4' title='bbox 993 582 1102 642; x_wconf 92' lang='lat' dir='ltr'>illo</span> <span class='ocrx_word' id='word_1_5' title='bbox 1140 581 1350 641; x_wconf 87' lang='lat' dir='ltr'>divina</span> <span class='ocrx_word' id='word_1_6' title='bbox 1388 578 1795 639; x_wconf 70' lang='lat' dir='ltr'>misericordia</span> <span class='ocrx_word' id='word_1_7' title='bbox 1835 593 1960 637; x_wconf 91' lang='lat' dir='ltr'>non</span> <span class='ocrx_word' id='word_1_8' title='bbox 2000 577 2260 650; x_wconf 87' lang='lat' dir='ltr'>recedit,</span> 
     </span>
     <span class='ocr_line' id='line_1_2' title="bbox 716 670 2263 754; baseline -0.005 -17"><span class='ocrx_word' id='word_1_9' title='bbox 716 695 855 737; x_wconf 91' lang='lat' dir='ltr'>cum</span> <span class='ocrx_word' id='word_1_10' title='bbox 881 693 1005 754; x_wconf 87' lang='lat' dir='ltr'>quo</span> <span class='ocrx_word' id='word_1_11' title='bbox 1032 675 1417 752; x_wconf 90' lang='lat' dir='ltr'>cooperando</span> <span class='ocrx_word' id='word_1_12' title='bbox 1445 673 1733 750; x_wconf 80' lang='lat' dir='ltr'>procedit.</span> <span class='ocrx_word' id='word_1_13' title='bbox 1760 676 1839 731; x_wconf 88' lang='lat' dir='ltr'>De</span> <span class='ocrx_word' id='word_1_14' title='bbox 1865 672 2034 731; x_wconf 87' lang='lat' dir='ltr'>tertia</span> <span class='ocrx_word' id='word_1_15' title='bbox 2059 670 2263 748; x_wconf 79' lang='lat' dir='ltr'>psallit</span> 
     </span>
     <span class='ocr_line' id='line_1_3' title="bbox 713 767 2261 846; baseline -0.006 -15"><span class='ocrx_word' id='word_1_16' title='bbox 713 772 1005 846; x_wconf 82' lang='lat' dir='ltr'>Propheta</span> <span class='ocrx_word' id='word_1_17' title='bbox 1031 773 1052 807; x_wconf 89' lang='lat'>¹</span> <span class='ocrx_word' id='word_1_18' title='bbox 1085 790 1101 828; x_wconf 72' lang='grc' dir='ltr'><strong><em>ε</em></strong></span> <span class='ocrx_word' id='word_1_19' title='bbox 1137 790 1166 824; x_wconf 74' lang='grc' dir='ltr'><strong>α</strong></span> <span class='ocrx_word' id='word_1_20' title='bbox 1192 769 1591 829; x_wconf 74' lang='lat' dir='ltr'>Misericordia</span> <span class='ocrx_word' id='word_1_21' title='bbox 1610 772 1714 827; x_wconf 90' lang='lat' dir='ltr'>tua</span> <span class='ocrx_word' id='word_1_22' title='bbox 1741 767 2137 841; x_wconf 86' lang='lat' dir='ltr'>subsequetur</span> <span class='ocrx_word' id='word_1_23' title='bbox 2162 781 2261 823; x_wconf 91' lang='lat' dir='ltr'>me</span> 
     </span>
     <span class='ocr_line' id='line_1_4' title="bbox 714 858 2262 924; baseline -0.005 0"><span class='ocrx_word' id='word_1_24' title='bbox 714 866 996 924; x_wconf 89' lang='lat' dir='ltr'>omnibus</span> <span class='ocrx_word' id='word_1_25' title='bbox 1036 864 1250 923; x_wconf 86' lang='lat' dir='ltr'>diebus</span> <span class='ocrx_word' id='word_1_26' title='bbox 1288 863 1421 921; x_wconf 76' lang='lat' dir='ltr'>vitae</span> <span class='ocrx_word' id='word_1_27' title='bbox 1458 879 1624 921; x_wconf 76' lang='lat' dir='ltr'>meae.</span> <span class='ocrx_word' id='word_1_28' title='bbox 1656 882 1685 917; x_wconf 64' lang='lat' dir='ltr'>a</span> <span class='ocrx_word' id='word_1_29' title='bbox 1718 862 1891 921; x_wconf 89' lang='lat' dir='ltr'>lllum</span> <span class='ocrx_word' id='word_1_30' title='bbox 1928 858 2262 918; x_wconf 85' lang='lat' dir='ltr'>misericor·</span> 
     </span>
     <span class='ocr_line' id='line_1_5' title="bbox 713 953 2260 1034; baseline -0.003 -17"><span class='ocrx_word' id='word_1_31' title='bbox 713 959 816 1017; x_wconf 89' lang='lat' dir='ltr'>dia</span> <span class='ocrx_word' id='word_1_32' title='bbox 841 958 1249 1034; x_wconf 79' lang='lat' dir='ltr'>subsequitur,</span> <span class='ocrx_word' id='word_1_33' title='bbox 1288 956 1382 1014; x_wconf 86' lang='lat' dir='ltr'>cui</span> <span class='ocrx_word' id='word_1_34' title='bbox 1419 955 1616 1015; x_wconf 86' lang='lat' dir='ltr'>finalis</span> <span class='ocrx_word' id='word_1_35' title='bbox 1653 953 2103 1030; x_wconf 60' lang='lat' dir='ltr'>perseverantiae</span> <span class='ocrx_word' id='word_1_36' title='bbox 2129 968 2260 1028; x_wconf 81' lang='lat' dir='ltr'>gra-</span> 
     </span>
     <span class='ocr_line' id='line_1_6' title="bbox 712 1052 1172 1127; baseline -0.004 -16"><span class='ocrx_word' id='word_1_37' title='bbox 712 1052 794 1111; x_wconf 90' lang='lat' dir='ltr'>tia</span> <span class='ocrx_word' id='word_1_38' title='bbox 819 1052 1172 1127; x_wconf 88' lang='lat' dir='ltr'>impartitur.</span> 
     </span>
    </p>
   </div>
   <div class='ocr_carea' id='block_1_2' title="bbox 1216 1206 1737 1262">
    <p class='ocr_par' dir='ltr' id='par_1_2' title="bbox 1216 1206 1737 1262">
     <span class='ocr_line' id='line_1_7' title="bbox 1216 1206 1737 1262; baseline -0.004 -1"><span class='ocrx_word' id='word_1_39' title='bbox 1216 1206 1493 1262; x_wconf 78' lang='lat' dir='ltr'>Articulus</span> <span class='ocrx_word' id='word_1_40' title='bbox 1521 1206 1737 1262; x_wconf 77' lang='lat' dir='ltr'>tertius.</span> 
     </span>
    </p>
   </div>
   <div class='ocr_carea' id='block_1_3' title="bbox 700 1331 2257 2817">
    <p class='ocr_par' dir='ltr' id='par_1_3' title="bbox 700 1331 2257 2817">
     <span class='ocr_line' id='line_1_8' title="bbox 780 1331 2257 1409; baseline -0.002 -18"><span class='ocrx_word' id='word_1_41' title='bbox 780 1332 1033 1393; x_wconf 83' lang='lat' dir='ltr'>Tertium</span> <span class='ocrx_word' id='word_1_42' title='bbox 1097 1332 1322 1409; x_wconf 89' lang='lat' dir='ltr'>liquet,</span> <span class='ocrx_word' id='word_1_43' title='bbox 1374 1348 1513 1390; x_wconf 92' lang='lat' dir='ltr'>cum</span> <span class='ocrx_word' id='word_1_44' title='bbox 1584 1331 1859 1391; x_wconf 79' lang='lat' dir='ltr'>scribitur</span> <span class='ocrx_word' id='word_1_45' title='bbox 1915 1349 1930 1389; x_wconf 72' lang='grc' dir='ltr'><strong>ε</strong></span> <span class='ocrx_word' id='word_1_46' title='bbox 2002 1332 2257 1389; x_wconf 67' lang='lat' dir='ltr'>Salutat-e</span> 
     </span>
     <span class='ocr_line' id='line_1_9' title="bbox 707 1424 2256 1502; baseline -0.002 -16"><span class='ocrx_word' id='word_1_47' title='bbox 707 1434 861 1486; x_wconf 79' lang='lat' dir='ltr'>tuum</span> <span class='ocrx_word' id='word_1_48' title='bbox 890 1449 907 1484; x_wconf 74' lang='lat' dir='ltr'>t</span> <span class='ocrx_word' id='word_1_49' title='bbox 945 1431 1033 1486; x_wconf 88' lang='lat' dir='ltr'>est</span> <span class='ocrx_word' id='word_1_50' title='bbox 1068 1429 1228 1486; x_wconf 92' lang='lat' dir='ltr'>enim</span> <span class='ocrx_word' id='word_1_51' title='bbox 1264 1443 1387 1485; x_wconf 89' lang='lat' dir='ltr'>vox</span> <span class='ocrx_word' id='word_1_52' title='bbox 1418 1425 1603 1502; x_wconf 88' lang='lat' dir='ltr'>ipsius</span> <span class='ocrx_word' id='word_1_53' title='bbox 1641 1426 1854 1484; x_wconf 62' lang='lat' dir='ltr'>animae</span> <span class='ocrx_word' id='word_1_54' title='bbox 1878 1441 1989 1499; x_wconf 89' lang='lat' dir='ltr'>per</span> <span class='ocrx_word' id='word_1_55' title='bbox 2018 1424 2256 1483; x_wconf 88' lang='lat' dir='ltr'>deside-</span> 
     </span>
     <span class='ocr_line' id='line_1_10' title="bbox 702 1519 2255 1595; baseline -0.003 -16"><span class='ocrx_word' id='word_1_56' title='bbox 702 1522 860 1581; x_wconf 90' lang='lat' dir='ltr'>rium</span> <span class='ocrx_word' id='word_1_57' title='bbox 915 1521 1119 1580; x_wconf 88' lang='lat' dir='ltr'>salutis</span> <span class='ocrx_word' id='word_1_58' title='bbox 1174 1524 1378 1580; x_wconf 59' lang='lat' dir='ltr'>erectae</span> <span class='ocrx_word' id='word_1_59' title='bbox 1396 1564 1417 1595; x_wconf 93' lang='lat'>,</span> <span class='ocrx_word' id='word_1_60' title='bbox 1475 1537 1608 1595; x_wconf 81' lang='lat' dir='ltr'>quae</span> <span class='ocrx_word' id='word_1_61' title='bbox 1667 1536 1775 1594; x_wconf 89' lang='lat' dir='ltr'>per</span> <span class='ocrx_word' id='word_1_62' title='bbox 1825 1519 2255 1593; x_wconf 82' lang='lat' dir='ltr'>subjectionem</span> 
     </span>
     <span class='ocr_line' id='line_1_11' title="bbox 702 1612 2251 1689; baseline -0.003 -15"><span class='ocrx_word' id='word_1_63' title='bbox 702 1615 911 1674; x_wconf 84' lang='lat' dir='ltr'>videns</span> <span class='ocrx_word' id='word_1_64' title='bbox 946 1615 1343 1689; x_wconf 88' lang='lat' dir='ltr'>abjectionem</span> <span class='ocrx_word' id='word_1_65' title='bbox 1362 1658 1382 1687; x_wconf 90' lang='lat'>,</span> <span class='ocrx_word' id='word_1_66' title='bbox 1418 1618 1690 1672; x_wconf 86' lang='lat' dir='ltr'>movetur</span> <span class='ocrx_word' id='word_1_67' title='bbox 1725 1612 1807 1671; x_wconf 90' lang='lat' dir='ltr'>ad</span> <span class='ocrx_word' id='word_1_68' title='bbox 1854 1613 2251 1684; x_wconf 83' lang='lat' dir='ltr'>erectionem3</span> 
     </span>
     <span class='ocr_line' id='line_1_12' title="bbox 702 1708 2254 1784; baseline 0 -17"><span class='ocrx_word' id='word_1_69' title='bbox 702 1712 845 1784; x_wconf 86' lang='lat' dir='ltr'>quia</span> <span class='ocrx_word' id='word_1_70' title='bbox 870 1726 979 1784; x_wconf 89' lang='lat' dir='ltr'>per</span> <span class='ocrx_word' id='word_1_71' title='bbox 1015 1710 1324 1768; x_wconf 84' lang='lat' dir='ltr'>veritatem</span> <span class='ocrx_word' id='word_1_72' title='bbox 1359 1708 1591 1766; x_wconf 90' lang='lat' dir='ltr'>intuens</span> <span class='ocrx_word' id='word_1_73' title='bbox 1623 1709 1978 1782; x_wconf 88' lang='lat' dir='ltr'>vanitatem,</span> <span class='ocrx_word' id='word_1_74' title='bbox 2008 1708 2254 1782; x_wconf 84' lang='lat' dir='ltr'>erigitur</span> 
     </span>
     <span class='ocr_line' id='line_1_13' title="bbox 700 1801 2254 1861; baseline -0.001 0"><span class='ocrx_word' id='word_1_75' title='bbox 700 1803 780 1861; x_wconf 94' lang='lat' dir='ltr'>ad</span> <span class='ocrx_word' id='word_1_76' title='bbox 815 1803 1085 1861; x_wconf 87' lang='lat' dir='ltr'>salutem.</span> <span class='ocrx_word' id='word_1_77' title='bbox 1117 1802 1206 1861; x_wconf 82' lang='lat' dir='ltr'>Ad</span> <span class='ocrx_word' id='word_1_78' title='bbox 1232 1803 1349 1861; x_wconf 91' lang='lat' dir='ltr'>hoc</span> <span class='ocrx_word' id='word_1_79' title='bbox 1387 1802 1641 1861; x_wconf 87' lang='lat' dir='ltr'>salutare</span> <span class='ocrx_word' id='word_1_80' title='bbox 1669 1801 1958 1860; x_wconf 90' lang='lat' dir='ltr'>debemus</span> <span class='ocrx_word' id='word_1_81' title='bbox 1995 1818 2107 1861; x_wconf 88' lang='lat' dir='ltr'>nos</span> <span class='ocrx_word' id='word_1_82' title='bbox 2147 1802 2254 1859; x_wconf 91' lang='lat' dir='ltr'>eri-</span> 
     </span>
     <span class='ocr_line' id='line_1_14' title="bbox 701 1898 2251 1974; baseline -0.001 -16"><span class='ocrx_word' id='word_1_83' title='bbox 701 1917 839 1973; x_wconf 89' lang='lat' dir='ltr'>gere</span> <span class='ocrx_word' id='word_1_84' title='bbox 881 1899 1097 1974; x_wconf 85' lang='lat' dir='ltr'>triplici</span> <span class='ocrx_word' id='word_1_85' title='bbox 1141 1899 1411 1957; x_wconf 88' lang='lat' dir='ltr'>ratione:</span> <span class='ocrx_word' id='word_1_86' title='bbox 1459 1898 1600 1973; x_wconf 89' lang='lat' dir='ltr'>quia</span> <span class='ocrx_word' id='word_1_87' title='bbox 1640 1898 1991 1973; x_wconf 79' lang='lat' dir='ltr'>spectabile,</span> <span class='ocrx_word' id='word_1_88' title='bbox 2038 1914 2251 1973; x_wconf 85' lang='lat' dir='ltr'>expec-</span> 
     </span>
     <span class='ocr_line' id='line_1_15' title="bbox 702 1991 2250 2067; baseline -0.001 -15"><span class='ocrx_word' id='word_1_89' title='bbox 702 1994 881 2052; x_wconf 89' lang='lat' dir='ltr'>tabile</span> <span class='ocrx_word' id='word_1_90' title='bbox 893 2034 916 2064; x_wconf 94' lang='lat'>,</span> <span class='ocrx_word' id='word_1_91' title='bbox 949 1992 1317 2052; x_wconf 88' lang='lat' dir='ltr'>delectabile.</span> <span class='ocrx_word' id='word_1_92' title='bbox 1357 1992 1608 2064; x_wconf 66' lang='lat' dir='ltr'>Qumis,</span> <span class='ocrx_word' id='word_1_93' title='bbox 1636 1991 1892 2067; x_wconf 72' lang='lat' dir='ltr'>quibus?</span> <span class='ocrx_word' id='word_1_94' title='bbox 1926 1992 2250 2066; x_wconf 81' lang='lat' dir='ltr'>spectabile</span> 
     </span>
     <span class='ocr_line' id='line_1_16' title="bbox 702 2085 2254 2161; baseline 0 -17"><span class='ocrx_word' id='word_1_95' title='bbox 702 2086 1080 2145; x_wconf 79' lang='lat' dir='ltr'>credentibus</span> <span class='ocrx_word' id='word_1_96' title='bbox 1096 2106 1116 2158; x_wconf 87' lang='lat'>3</span> <span class='ocrx_word' id='word_1_97' title='bbox 1175 2086 1541 2161; x_wconf 81' lang='lat' dir='ltr'>expectabile</span> <span class='ocrx_word' id='word_1_98' title='bbox 1595 2085 2007 2161; x_wconf 88' lang='lat' dir='ltr'>sperantibus3</span> <span class='ocrx_word' id='word_1_99' title='bbox 2057 2085 2254 2145; x_wconf 90' lang='lat' dir='ltr'>delec-</span> 
     </span>
     <span class='ocr_line' id='line_1_17' title="bbox 701 2180 2252 2254; baseline 0 -14"><span class='ocrx_word' id='word_1_100' title='bbox 701 2180 879 2240; x_wconf 84' lang='lat' dir='ltr'>tabile</span> <span class='ocrx_word' id='word_1_101' title='bbox 919 2180 1316 2253; x_wconf 80' lang='lat' dir='ltr'>diligentibus,</span> <span class='ocrx_word' id='word_1_102' title='bbox 1370 2183 1446 2238; x_wconf 90' lang='lat' dir='ltr'>De</span> <span class='ocrx_word' id='word_1_103' title='bbox 1487 2180 1683 2254; x_wconf 89' lang='lat' dir='ltr'>primo</span> <span class='ocrx_word' id='word_1_104' title='bbox 1733 2182 1757 2217; x_wconf 80' lang='lat'><strong>¹</strong></span> <span class='ocrx_word' id='word_1_105' title='bbox 1812 2198 1828 2237; x_wconf 72' lang='grc' dir='ltr'><strong><em>ε</em></strong></span> <span class='ocrx_word' id='word_1_106' title='bbox 1879 2200 1907 2233; x_wconf 74' lang='grc' dir='ltr'>α</span> <span class='ocrx_word' id='word_1_107' title='bbox 1954 2180 2252 2239; x_wconf 87' lang='lat' dir='ltr'>Videbunt</span> 
     </span>
     <span class='ocr_line' id='line_1_18' title="bbox 703 2274 2250 2333; baseline 0.001 -1"><span class='ocrx_word' id='word_1_108' title='bbox 703 2290 911 2333; x_wconf 87' lang='lat' dir='ltr'>omnes</span> <span class='ocrx_word' id='word_1_109' title='bbox 946 2274 1095 2332; x_wconf 87' lang='lat' dir='ltr'>fines</span> <span class='ocrx_word' id='word_1_110' title='bbox 1135 2279 1300 2332; x_wconf 69' lang='lat' dir='ltr'>terrae</span> <span class='ocrx_word' id='word_1_111' title='bbox 1343 2274 1599 2332; x_wconf 88' lang='lat' dir='ltr'>salutare</span> <span class='ocrx_word' id='word_1_112' title='bbox 1638 2274 1738 2331; x_wconf 87' lang='lat' dir='ltr'>Dei</span> <span class='ocrx_word' id='word_1_113' title='bbox 1777 2275 2008 2332; x_wconf 88' lang='lat' dir='ltr'>nostri:</span> <span class='ocrx_word' id='word_1_114' title='bbox 2039 2295 2068 2329; x_wconf 78' lang='grc' dir='ltr'>ιι</span> <span class='ocrx_word' id='word_1_115' title='bbox 2114 2290 2250 2333; x_wconf 89' lang='lat' dir='ltr'>ecce</span> 
     </span>
     <span class='ocr_line' id='line_1_19' title="bbox 703 2365 2246 2442; baseline 0 -16"><span class='ocrx_word' id='word_1_116' title='bbox 703 2368 957 2426; x_wconf 89' lang='lat' dir='ltr'>salutare</span> <span class='ocrx_word' id='word_1_117' title='bbox 996 2367 1371 2426; x_wconf 86' lang='lat' dir='ltr'>credentibus</span> <span class='ocrx_word' id='word_1_118' title='bbox 1412 2365 1752 2442; x_wconf 85' lang='lat' dir='ltr'>spectabile.</span> <span class='ocrx_word' id='word_1_119' title='bbox 1782 2371 1860 2428; x_wconf 88' lang='lat' dir='ltr'>De</span> <span class='ocrx_word' id='word_1_120' title='bbox 1887 2367 2153 2426; x_wconf 89' lang='lat' dir='ltr'>secundo</span> <span class='ocrx_word' id='word_1_121' title='bbox 2180 2369 2203 2404; x_wconf 80' lang='lat'><strong>³</strong></span> <span class='ocrx_word' id='word_1_122' title='bbox 2231 2386 2246 2425; x_wconf 79' lang='lat' dir='ltr'>z</span> 
     </span>
     <span class='ocr_line' id='line_1_20' title="bbox 707 2461 2247 2536; baseline 0.003 -19"><span class='ocrx_word' id='word_1_123' title='bbox 707 2482 734 2516; x_wconf 77' lang='grc' dir='ltr'>ι</span> <span class='ocrx_word' id='word_1_124' title='bbox 775 2462 1038 2520; x_wconf 82' lang='lat' dir='ltr'>salutare</span> <span class='ocrx_word' id='word_1_125' title='bbox 1079 2465 1250 2520; x_wconf 91' lang='lat' dir='ltr'>tuum</span> <span class='ocrx_word' id='word_1_126' title='bbox 1296 2461 1654 2536; x_wconf 77' lang='lat' dir='ltr'>expectabo,</span> <span class='ocrx_word' id='word_1_127' title='bbox 1706 2462 1950 2520; x_wconf 87' lang='lat' dir='ltr'>Domine</span> <span class='ocrx_word' id='word_1_128' title='bbox 1990 2479 2064 2519; x_wconf 73' lang='grc' dir='ltr'>ε»</span> <span class='ocrx_word' id='word_1_129' title='bbox 2112 2479 2247 2520; x_wconf 87' lang='lat' dir='ltr'>ecce</span> 
     </span>
     <span class='ocr_line' id='line_1_21' title="bbox 703 2554 2250 2629; baseline 0.001 -17"><span class='ocrx_word' id='word_1_130' title='bbox 703 2554 958 2613; x_wconf 88' lang='lat' dir='ltr'>salutare</span> <span class='ocrx_word' id='word_1_131' title='bbox 986 2555 1361 2629; x_wconf 86' lang='lat' dir='ltr'>sperantibus</span> <span class='ocrx_word' id='word_1_132' title='bbox 1384 2554 1768 2629; x_wconf 83' lang='lat' dir='ltr'>expectabile.</span> <span class='ocrx_word' id='word_1_133' title='bbox 1800 2557 1878 2612; x_wconf 90' lang='lat' dir='ltr'>De</span> <span class='ocrx_word' id='word_1_134' title='bbox 1905 2556 2075 2613; x_wconf 86' lang='lat' dir='ltr'>tertio</span> <span class='ocrx_word' id='word_1_135' title='bbox 2103 2556 2250 2614; x_wconf 89' lang='lat' dir='ltr'>dici·</span> 
     </span>
     <span class='ocr_line' id='line_1_22' title="bbox 705 2647 2248 2722; baseline 0.001 -16"><span class='ocrx_word' id='word_1_136' title='bbox 705 2653 796 2707; x_wconf 87' lang='lat' dir='ltr'>tur</span> <span class='ocrx_word' id='word_1_137' title='bbox 824 2648 884 2704; x_wconf 75' lang='lat'>⁶:</span> <span class='ocrx_word' id='word_1_138' title='bbox 922 2667 951 2701; x_wconf 75' lang='grc' dir='ltr'><strong>α</strong></span> <span class='ocrx_word' id='word_1_139' title='bbox 976 2648 1367 2706; x_wconf 89' lang='lat' dir='ltr'>Delectabitur</span> <span class='ocrx_word' id='word_1_140' title='bbox 1394 2663 1573 2722; x_wconf 83' lang='lat' dir='ltr'>super</span> <span class='ocrx_word' id='word_1_141' title='bbox 1597 2647 1838 2707; x_wconf 83' lang='lat' dir='ltr'>salutari</span> <span class='ocrx_word' id='word_1_142' title='bbox 1866 2665 1974 2707; x_wconf 90' lang='lat' dir='ltr'>suo</span> <span class='ocrx_word' id='word_1_143' title='bbox 2005 2667 2020 2707; x_wconf 89' lang='lat'>:</span> <span class='ocrx_word' id='word_1_144' title='bbox 2049 2669 2077 2705; x_wconf 68' lang='lat' dir='ltr'>n</span> <span class='ocrx_word' id='word_1_145' title='bbox 2113 2665 2248 2707; x_wconf 90' lang='lat' dir='ltr'>ecce</span> 
     </span>
     <span class='ocr_line' id='line_1_23' title="bbox 708 2742 1771 2817; baseline 0 -18"><span class='ocrx_word' id='word_1_146' title='bbox 708 2742 960 2802; x_wconf 90' lang='lat' dir='ltr'>salutare</span> <span class='ocrx_word' id='word_1_147' title='bbox 990 2742 1375 2817; x_wconf 81' lang='lat' dir='ltr'>diligentibus</span> <span class='ocrx_word' id='word_1_148' title='bbox 1405 2742 1771 2800; x_wconf 89' lang='lat' dir='ltr'>delectabile.</span> 
     </span>
    </p>
   </div>
   <div class='ocr_carea' id='block_1_4' title="bbox 1197 2902 1760 2973">
    <p class='ocr_par' dir='ltr' id='par_1_4' title="bbox 1197 2902 1760 2973">
     <span class='ocr_line' id='line_1_24' title="bbox 1197 2902 1760 2973; baseline 0.002 -16"><span class='ocrx_word' id='word_1_149' title='bbox 1197 2902 1483 2958; x_wconf 68' lang='lat' dir='ltr'>Articmus</span> <span class='ocrx_word' id='word_1_150' title='bbox 1510 2906 1760 2973; x_wconf 74' lang='lat' dir='ltr'>quartus.</span> 
     </span>
    </p>
   </div>
   <div class='ocr_carea' id='block_1_5' title="bbox 702 3024 2255 5256">
    <p class='ocr_par' dir='ltr' id='par_1_5' title="bbox 702 3024 2255 5256">
     <span class='ocr_line' id='line_1_25' title="bbox 774 3024 2250 3097; baseline -0.001 -12"><span class='ocrx_word' id='word_1_151' title='bbox 774 3029 1059 3097; x_wconf 90' lang='lat' dir='ltr'>Quartum</span> <span class='ocrx_word' id='word_1_152' title='bbox 1090 3024 1397 3097; x_wconf 89' lang='lat' dir='ltr'>sublucet,</span> <span class='ocrx_word' id='word_1_153' title='bbox 1427 3042 1563 3084; x_wconf 91' lang='lat' dir='ltr'>cum</span> <span class='ocrx_word' id='word_1_154' title='bbox 1591 3025 2013 3084; x_wconf 87' lang='lat' dir='ltr'>subscribitur:</span> <span class='ocrx_word' id='word_1_155' title='bbox 2055 3024 2250 3084; x_wconf 78' lang='lat' dir='ltr'>Secun&#39;-</span> 
     </span>
     <span class='ocr_line' id='line_1_26' title="bbox 702 3116 2249 3196; baseline 0 -16"><span class='ocrx_word' id='word_1_156' title='bbox 702 3121 831 3180; x_wconf 80' lang='lat' dir='ltr'>dum</span> <span class='ocrx_word' id='word_1_157' title='bbox 863 3123 1131 3195; x_wconf 80' lang='lat' dir='ltr'>eloquium</span> <span class='ocrx_word' id='word_1_158' title='bbox 1162 3125 1313 3185; x_wconf 74' lang='lat' dir='ltr'>tuum</span> <span class='ocrx_word' id='word_1_159' title='bbox 1344 3139 1362 3178; x_wconf 74' lang='grc' dir='ltr'><strong><em>ε</em></strong></span> <span class='ocrx_word' id='word_1_160' title='bbox 1391 3134 1508 3179; x_wconf 86' lang='lat' dir='ltr'>vox</span> <span class='ocrx_word' id='word_1_161' title='bbox 1545 3120 1702 3179; x_wconf 89' lang='lat' dir='ltr'>enim</span> <span class='ocrx_word' id='word_1_162' title='bbox 1744 3125 1832 3179; x_wconf 89' lang='lat' dir='ltr'>est</span> <span class='ocrx_word' id='word_1_163' title='bbox 1857 3119 2068 3179; x_wconf 85' lang='lat' dir='ltr'>animae</span> <span class='ocrx_word' id='word_1_164' title='bbox 2095 3116 2249 3196; x_wconf 80' lang='lat' dir='ltr'>saepe</span> 
     </span>
     <span class='ocr_line' id='line_1_27' title="bbox 704 3214 2247 3293; baseline -0.001 -19"><span class='ocrx_word' id='word_1_165' title='bbox 704 3216 909 3288; x_wconf 81' lang='lat' dir='ltr'>dictoe,</span> <span class='ocrx_word' id='word_1_166' title='bbox 955 3216 1197 3293; x_wconf 90' lang='lat' dir='ltr'>eloquio</span> <span class='ocrx_word' id='word_1_167' title='bbox 1257 3232 1360 3275; x_wconf 90' lang='lat' dir='ltr'>seu</span> <span class='ocrx_word' id='word_1_168' title='bbox 1418 3215 1665 3275; x_wconf 91' lang='lat' dir='ltr'>consilio</span> <span class='ocrx_word' id='word_1_169' title='bbox 1708 3215 1937 3274; x_wconf 88' lang='lat' dir='ltr'>virtutis</span> <span class='ocrx_word' id='word_1_170' title='bbox 1991 3214 2247 3273; x_wconf 81' lang='lat' dir='ltr'>directae.</span> 
     </span>
     <span class='ocr_line' id='line_1_28' title="bbox 703 3308 2250 3385; baseline 0 -17"><span class='ocrx_word' id='word_1_171' title='bbox 703 3312 937 3368; x_wconf 84' lang='lat' dir='ltr'>Frustra</span> <span class='ocrx_word' id='word_1_172' title='bbox 977 3326 1238 3384; x_wconf 88' lang='lat' dir='ltr'>namque</span> <span class='ocrx_word' id='word_1_173' title='bbox 1278 3326 1341 3368; x_wconf 89' lang='lat' dir='ltr'>se</span> <span class='ocrx_word' id='word_1_174' title='bbox 1379 3313 1614 3385; x_wconf 89' lang='lat' dir='ltr'>reputat</span> <span class='ocrx_word' id='word_1_175' title='bbox 1652 3310 1799 3383; x_wconf 90' lang='lat' dir='ltr'>erigi</span> <span class='ocrx_word' id='word_1_176' title='bbox 1839 3308 1921 3368; x_wconf 88' lang='lat' dir='ltr'>ad</span> <span class='ocrx_word' id='word_1_177' title='bbox 1961 3309 2212 3368; x_wconf 87' lang='lat' dir='ltr'>salutem</span> <span class='ocrx_word' id='word_1_178' title='bbox 2230 3353 2250 3383; x_wconf 94' lang='lat'>,</span> 
     </span>
     <span class='ocr_line' id='line_1_29' title="bbox 704 3402 2250 3479; baseline -0.001 -17"><span class='ocrx_word' id='word_1_179' title='bbox 704 3404 807 3479; x_wconf 92' lang='lat' dir='ltr'>qui</span> <span class='ocrx_word' id='word_1_180' title='bbox 853 3420 916 3462; x_wconf 90' lang='lat' dir='ltr'>se</span> <span class='ocrx_word' id='word_1_181' title='bbox 955 3407 1186 3462; x_wconf 86' lang='lat' dir='ltr'>recusat</span> <span class='ocrx_word' id='word_1_182' title='bbox 1238 3402 1413 3476; x_wconf 81' lang='lat' dir='ltr'>dirigi</span> <span class='ocrx_word' id='word_1_183' title='bbox 1462 3419 1570 3479; x_wconf 90' lang='lat' dir='ltr'>per</span> <span class='ocrx_word' id='word_1_184' title='bbox 1619 3403 1912 3462; x_wconf 86' lang='lat' dir='ltr'>virtutem.</span> <span class='ocrx_word' id='word_1_185' title='bbox 1966 3406 2033 3461; x_wconf 86' lang='lat' dir='ltr'>Et</span> <span class='ocrx_word' id='word_1_186' title='bbox 2085 3406 2250 3477; x_wconf 87' lang='lat' dir='ltr'>nota,</span> 
     </span>
     <span class='ocr_line' id='line_1_30' title="bbox 704 3495 2254 3572; baseline 0.001 -17"><span class='ocrx_word' id='word_1_187' title='bbox 704 3496 871 3571; x_wconf 90' lang='lat' dir='ltr'>quod</span> <span class='ocrx_word' id='word_1_188' title='bbox 898 3497 1202 3572; x_wconf 88' lang='lat' dir='ltr'>eloquium</span> <span class='ocrx_word' id='word_1_189' title='bbox 1231 3497 1529 3569; x_wconf 89' lang='lat' dir='ltr'>divinum,</span> <span class='ocrx_word' id='word_1_190' title='bbox 1560 3501 1845 3572; x_wconf 88' lang='lat' dir='ltr'>tanquam</span> <span class='ocrx_word' id='word_1_191' title='bbox 1877 3495 2105 3556; x_wconf 88' lang='lat' dir='ltr'>virtutis</span> <span class='ocrx_word' id='word_1_192' title='bbox 2129 3513 2254 3556; x_wconf 88' lang='lat' dir='ltr'>ma-</span> 
     </span>
     <span class='ocr_line' id='line_1_31' title="bbox 705 3590 2247 3666; baseline 0.002 -19"><span class='ocrx_word' id='word_1_193' title='bbox 705 3590 1037 3664; x_wconf 90' lang='lat' dir='ltr'>gisterium,</span> <span class='ocrx_word' id='word_1_194' title='bbox 1069 3594 1161 3648; x_wconf 91' lang='lat' dir='ltr'>est</span> <span class='ocrx_word' id='word_1_195' title='bbox 1182 3606 1292 3666; x_wconf 89' lang='lat' dir='ltr'>per</span> <span class='ocrx_word' id='word_1_196' title='bbox 1322 3590 1572 3649; x_wconf 90' lang='lat' dir='ltr'>virtuale</span> <span class='ocrx_word' id='word_1_197' title='bbox 1600 3591 1838 3649; x_wconf 90' lang='lat' dir='ltr'>trivium</span> <span class='ocrx_word' id='word_1_198' title='bbox 1866 3590 2214 3650; x_wconf 86' lang='lat' dir='ltr'>directivum</span> <span class='ocrx_word' id='word_1_199' title='bbox 2228 3612 2247 3665; x_wconf 99' lang='lat'>3</span> 
     </span>
     <span class='ocr_line' id='line_1_32' title="bbox 703 3683 2255 3759; baseline 0.002 -18"><span class='ocrx_word' id='word_1_200' title='bbox 703 3684 921 3744; x_wconf 87' lang='lat' dir='ltr'>scilicet</span> <span class='ocrx_word' id='word_1_201' title='bbox 944 3700 1054 3759; x_wconf 92' lang='lat' dir='ltr'>per</span> <span class='ocrx_word' id='word_1_202' title='bbox 1071 3683 1241 3742; x_wconf 72' lang='lat' dir='ltr'>&#39;viam</span> <span class='ocrx_word' id='word_1_203' title='bbox 1275 3684 1753 3756; x_wconf 70' lang='lat' dir='ltr'>satisfactorium,</span> <span class='ocrx_word' id='word_1_204' title='bbox 1777 3684 2164 3756; x_wconf 89' lang='lat' dir='ltr'>meritoriam,</span> <span class='ocrx_word' id='word_1_205' title='bbox 2196 3690 2255 3744; x_wconf 93' lang='lat' dir='ltr'>et</span> 
     </span>
     <span class='ocr_line' id='line_1_33' title="bbox 703 3776 2254 3852; baseline 0.001 -17"><span class='ocrx_word' id='word_1_206' title='bbox 703 3777 1163 3852; x_wconf 81' lang='lat' dir='ltr'>proelibatoriam</span> <span class='ocrx_word' id='word_1_207' title='bbox 1192 3796 1209 3833; x_wconf 76' lang='grc' dir='ltr'><strong><em>ε</em></strong></span> <span class='ocrx_word' id='word_1_208' title='bbox 1250 3793 1506 3851; x_wconf 88' lang='lat' dir='ltr'>quarum</span> <span class='ocrx_word' id='word_1_209' title='bbox 1541 3776 1735 3852; x_wconf 87' lang='lat' dir='ltr'>prima</span> <span class='ocrx_word' id='word_1_210' title='bbox 1776 3781 1862 3835; x_wconf 88' lang='lat' dir='ltr'>est</span> <span class='ocrx_word' id='word_1_211' title='bbox 1883 3778 2120 3851; x_wconf 80' lang='lat' dir='ltr'>justitiae</span> <span class='ocrx_word' id='word_1_212' title='bbox 2145 3778 2254 3836; x_wconf 90' lang='lat' dir='ltr'>ini·</span> 
     </span>
     <span class='ocr_line' id='line_1_34' title="bbox 704 3870 2247 3947; baseline 0.001 -19"><span class='ocrx_word' id='word_1_213' title='bbox 704 3871 930 3944; x_wconf 86' lang='lat' dir='ltr'>tiativa3</span> <span class='ocrx_word' id='word_1_214' title='bbox 977 3870 1236 3928; x_wconf 88' lang='lat' dir='ltr'>secunda</span> <span class='ocrx_word' id='word_1_215' title='bbox 1284 3870 1609 3946; x_wconf 77' lang='lat' dir='ltr'>profectiva</span> <span class='ocrx_word' id='word_1_216' title='bbox 1624 3890 1642 3944; x_wconf 87' lang='lat'>3</span> <span class='ocrx_word' id='word_1_217' title='bbox 1692 3871 1860 3931; x_wconf 84' lang='lat' dir='ltr'>tertia</span> <span class='ocrx_word' id='word_1_218' title='bbox 1912 3872 2247 3947; x_wconf 81' lang='lat' dir='ltr'>perfectiva.</span> 
     </span>
     <span class='ocr_line' id='line_1_35' title="bbox 707 3963 2253 4040; baseline 0.003 -18"><span class='ocrx_word' id='word_1_219' title='bbox 707 3968 785 4022; x_wconf 89' lang='lat' dir='ltr'>De</span> <span class='ocrx_word' id='word_1_220' title='bbox 811 3964 1005 4039; x_wconf 89' lang='lat' dir='ltr'>primo</span> <span class='ocrx_word' id='word_1_221' title='bbox 1042 3963 1256 4022; x_wconf 90' lang='lat' dir='ltr'>dicitur</span> <span class='ocrx_word' id='word_1_222' title='bbox 1291 3981 1399 4040; x_wconf 89' lang='lat' dir='ltr'>per</span> <span class='ocrx_word' id='word_1_223' title='bbox 1440 3965 1803 4025; x_wconf 79' lang='lat' dir='ltr'>Psalmistam</span> <span class='ocrx_word' id='word_1_224' title='bbox 1829 3966 1851 4001; x_wconf 81' lang='lat'>⁸</span> <span class='ocrx_word' id='word_1_225' title='bbox 1880 3984 1894 4022; x_wconf 91' lang='lat'>:</span> <span class='ocrx_word' id='word_1_226' title='bbox 1933 3986 1961 4020; x_wconf 79' lang='grc' dir='ltr'>α</span> <span class='ocrx_word' id='word_1_227' title='bbox 1986 3967 2253 4026; x_wconf 77' lang='lat' dir='ltr'>Miserere</span> 
     </span>
     <span class='ocr_line' id='line_1_36' title="bbox 706 4057 2254 4135; baseline 0.003 -20"><span class='ocrx_word' id='word_1_228' title='bbox 706 4057 825 4116; x_wconf 91' lang='lat' dir='ltr'>mei</span> <span class='ocrx_word' id='word_1_229' title='bbox 860 4057 1189 4116; x_wconf 86' lang='lat' dir='ltr'>secundum</span> <span class='ocrx_word' id='word_1_230' title='bbox 1225 4059 1532 4132; x_wconf 89' lang='lat' dir='ltr'>eloquium</span> <span class='ocrx_word' id='word_1_231' title='bbox 1572 4063 1774 4130; x_wconf 87' lang='lat' dir='ltr'>tuum3</span> <span class='ocrx_word' id='word_1_232' title='bbox 1823 4079 1851 4115; x_wconf 67' lang='lat' dir='ltr'>n</span> <span class='ocrx_word' id='word_1_233' title='bbox 1900 4058 2068 4133; x_wconf 90' lang='lat' dir='ltr'>quod</span> <span class='ocrx_word' id='word_1_234' title='bbox 2120 4077 2254 4135; x_wconf 88' lang='lat' dir='ltr'>per-</span> 
     </span>
     <span class='ocr_line' id='line_1_37' title="bbox 707 4151 2254 4225; baseline 0.002 -15"><span class='ocrx_word' id='word_1_235' title='bbox 707 4153 850 4211; x_wconf 90' lang='lat' dir='ltr'>tinet</span> <span class='ocrx_word' id='word_1_236' title='bbox 905 4151 985 4211; x_wconf 90' lang='lat' dir='ltr'>ad</span> <span class='ocrx_word' id='word_1_237' title='bbox 1037 4153 1199 4210; x_wconf 89' lang='lat' dir='ltr'>viam</span> <span class='ocrx_word' id='word_1_238' title='bbox 1252 4152 1698 4212; x_wconf 86' lang='lat' dir='ltr'>satisfactoriam</span> <span class='ocrx_word' id='word_1_239' title='bbox 1718 4195 1738 4225; x_wconf 93' lang='lat'>,</span> <span class='ocrx_word' id='word_1_240' title='bbox 1786 4153 2020 4225; x_wconf 72' lang='lat' dir='ltr'>iustitiae</span> <span class='ocrx_word' id='word_1_241' title='bbox 2064 4154 2254 4214; x_wconf 89' lang='lat' dir='ltr'>initia-</span> 
     </span>
     <span class='ocr_line' id='line_1_38' title="bbox 707 4243 2253 4321; baseline 0.002 -18"><span class='ocrx_word' id='word_1_242' title='bbox 707 4243 891 4304; x_wconf 88' lang='lat' dir='ltr'>tivam</span> <span class='ocrx_word' id='word_1_243' title='bbox 922 4262 936 4302; x_wconf 77' lang='lat' dir='ltr'><strong><em>z</em></strong></span> <span class='ocrx_word' id='word_1_244' title='bbox 968 4250 1055 4303; x_wconf 89' lang='lat' dir='ltr'>est</span> <span class='ocrx_word' id='word_1_245' title='bbox 1090 4245 1249 4303; x_wconf 91' lang='lat' dir='ltr'>enim</span> <span class='ocrx_word' id='word_1_246' title='bbox 1283 4260 1403 4304; x_wconf 87' lang='lat' dir='ltr'>vox</span> <span class='ocrx_word' id='word_1_247' title='bbox 1431 4246 1643 4303; x_wconf 73' lang='lat' dir='ltr'>animae</span> <span class='ocrx_word' id='word_1_248' title='bbox 1687 4246 2049 4321; x_wconf 89' lang='lat' dir='ltr'>poenitentis,</span> <span class='ocrx_word' id='word_1_249' title='bbox 2085 4249 2253 4321; x_wconf 88' lang='lat' dir='ltr'>justi-</span> 
     </span>
     <span class='ocr_line' id='line_1_39' title="bbox 709 4338 2255 4417; baseline 0.003 -20"><span class='ocrx_word' id='word_1_250' title='bbox 709 4339 851 4398; x_wconf 88' lang='lat' dir='ltr'>tiam</span> <span class='ocrx_word' id='word_1_251' title='bbox 901 4338 1318 4413; x_wconf 86' lang='lat' dir='ltr'>aggredientis.</span> <span class='ocrx_word' id='word_1_252' title='bbox 1378 4342 1456 4397; x_wconf 91' lang='lat' dir='ltr'>De</span> <span class='ocrx_word' id='word_1_253' title='bbox 1511 4339 1773 4402; x_wconf 89' lang='lat' dir='ltr'>secundo</span> <span class='ocrx_word' id='word_1_254' title='bbox 1826 4340 2096 4415; x_wconf 89' lang='lat' dir='ltr'>psallitur</span> <span class='ocrx_word' id='word_1_255' title='bbox 2147 4358 2255 4417; x_wconf 89' lang='lat' dir='ltr'>per</span> 
     </span>
     <span class='ocr_line' id='line_1_40' title="bbox 708 4432 2254 4508; baseline 0.001 -17"><span class='ocrx_word' id='word_1_256' title='bbox 708 4432 1060 4508; x_wconf 86' lang='lat' dir='ltr'>Prophetam</span> <span class='ocrx_word' id='word_1_257' title='bbox 1084 4434 1108 4469; x_wconf 80' lang='lat'>⁸</span> <span class='ocrx_word' id='word_1_258' title='bbox 1139 4451 1154 4490; x_wconf 75' lang='lat' dir='ltr'><strong><em>z</em></strong></span> <span class='ocrx_word' id='word_1_259' title='bbox 1190 4453 1218 4486; x_wconf 67' lang='grc' dir='ltr'><strong>α</strong></span> <span class='ocrx_word' id='word_1_260' title='bbox 1248 4434 1485 4491; x_wconf 90' lang='lat' dir='ltr'>Gressus</span> <span class='ocrx_word' id='word_1_261' title='bbox 1511 4448 1680 4490; x_wconf 89' lang='lat' dir='ltr'>meos</span> <span class='ocrx_word' id='word_1_262' title='bbox 1707 4432 1897 4506; x_wconf 86' lang='lat' dir='ltr'>dirige</span> <span class='ocrx_word' id='word_1_263' title='bbox 1922 4434 2254 4493; x_wconf 90' lang='lat' dir='ltr'>secundum</span> 
     </span>
     <span class='ocr_line' id='line_1_41' title="bbox 708 4524 2254 4602; baseline 0.002 -17"><span class='ocrx_word' id='word_1_264' title='bbox 708 4527 1015 4602; x_wconf 89' lang='lat' dir='ltr'>eloquium</span> <span class='ocrx_word' id='word_1_265' title='bbox 1052 4530 1251 4599; x_wconf 89' lang='lat' dir='ltr'>tuum3</span> <span class='ocrx_word' id='word_1_266' title='bbox 1282 4547 1311 4582; x_wconf 67' lang='lat' dir='ltr'>u</span> <span class='ocrx_word' id='word_1_267' title='bbox 1348 4524 1515 4599; x_wconf 89' lang='lat' dir='ltr'>quod</span> <span class='ocrx_word' id='word_1_268' title='bbox 1542 4526 1745 4585; x_wconf 83' lang='lat' dir='ltr'>attinet</span> <span class='ocrx_word' id='word_1_269' title='bbox 1779 4526 1860 4584; x_wconf 91' lang='lat' dir='ltr'>ad</span> <span class='ocrx_word' id='word_1_270' title='bbox 1886 4527 2048 4586; x_wconf 86' lang='lat' dir='ltr'>viam</span> <span class='ocrx_word' id='word_1_271' title='bbox 2074 4530 2254 4588; x_wconf 89' lang='lat' dir='ltr'>meri-</span> 
     </span>
     <span class='ocr_line' id='line_1_42' title="bbox 708 4618 2254 4694; baseline 0.002 -15"><span class='ocrx_word' id='word_1_272' title='bbox 708 4621 922 4680; x_wconf 87' lang='lat' dir='ltr'>toriam</span> <span class='ocrx_word' id='word_1_273' title='bbox 943 4619 1179 4694; x_wconf 62' lang='lat' dir='ltr'>justitiae</span> <span class='ocrx_word' id='word_1_274' title='bbox 1203 4618 1623 4694; x_wconf 87' lang='lat' dir='ltr'>profectivam:</span> <span class='ocrx_word' id='word_1_275' title='bbox 1654 4620 1869 4677; x_wconf 89' lang='lat' dir='ltr'>etenim</span> <span class='ocrx_word' id='word_1_276' title='bbox 1894 4637 2016 4679; x_wconf 88' lang='lat' dir='ltr'>vox</span> <span class='ocrx_word' id='word_1_277' title='bbox 2039 4622 2254 4683; x_wconf 72' lang='lat' dir='ltr'>animan</span> 
     </span>
     <span class='ocr_line' id='line_1_43' title="bbox 709 4712 2254 4789; baseline 0.003 -17"><span class='ocrx_word' id='word_1_278' title='bbox 709 4714 1068 4789; x_wconf 82' lang='lat' dir='ltr'>proficientis</span> <span class='ocrx_word' id='word_1_279' title='bbox 1088 4756 1106 4785; x_wconf 92' lang='lat'>‚</span> <span class='ocrx_word' id='word_1_280' title='bbox 1159 4714 1221 4770; x_wconf 91' lang='lat' dir='ltr'>in</span> <span class='ocrx_word' id='word_1_281' title='bbox 1267 4713 1365 4770; x_wconf 91' lang='lat' dir='ltr'>via</span> <span class='ocrx_word' id='word_1_282' title='bbox 1407 4712 1641 4786; x_wconf 79' lang='lat' dir='ltr'>justitiae</span> <span class='ocrx_word' id='word_1_283' title='bbox 1678 4714 2128 4788; x_wconf 78' lang='lat' dir='ltr'>progredientis,</span> <span class='ocrx_word' id='word_1_284' title='bbox 2174 4720 2254 4776; x_wconf 90' lang='lat' dir='ltr'>De</span> 
     </span>
     <span class='ocr_line' id='line_1_44' title="bbox 708 4806 2253 4883; baseline -0.001 -17"><span class='ocrx_word' id='word_1_285' title='bbox 708 4809 876 4866; x_wconf 89' lang='lat' dir='ltr'>tertio</span> <span class='ocrx_word' id='word_1_286' title='bbox 927 4809 991 4866; x_wconf 92' lang='lat' dir='ltr'>in</span> <span class='ocrx_word' id='word_1_287' title='bbox 1040 4807 1170 4883; x_wconf 90' lang='lat' dir='ltr'>ipsa</span> <span class='ocrx_word' id='word_1_288' title='bbox 1214 4806 1430 4880; x_wconf 87' lang='lat' dir='ltr'>legitur</span> <span class='ocrx_word' id='word_1_289' title='bbox 1482 4806 1818 4880; x_wconf 86' lang='lat' dir='ltr'>psalmodia</span> <span class='ocrx_word' id='word_1_290' title='bbox 1863 4811 1886 4845; x_wconf 88' lang='lat'>&#39;¹</span> <span class='ocrx_word' id='word_1_291' title='bbox 1934 4827 1950 4866; x_wconf 77' lang='lat' dir='ltr'><strong><em>z</em></strong></span> <span class='ocrx_word' id='word_1_292' title='bbox 1997 4829 2026 4864; x_wconf 77' lang='grc' dir='ltr'><strong>α</strong></span> <span class='ocrx_word' id='word_1_293' title='bbox 2066 4813 2253 4881; x_wconf 85' lang='lat' dir='ltr'>Quam</span> 
     </span>
     <span class='ocr_line' id='line_1_45' title="bbox 710 4900 2253 4979; baseline 0.003 -21"><span class='ocrx_word' id='word_1_294' title='bbox 710 4901 908 4961; x_wconf 91' lang='lat' dir='ltr'>dulcia</span> <span class='ocrx_word' id='word_1_295' title='bbox 932 4901 1204 4961; x_wconf 84' lang='lat' dir='ltr'>faucibus</span> <span class='ocrx_word' id='word_1_296' title='bbox 1230 4900 1377 4958; x_wconf 86' lang='lat' dir='ltr'>meis</span> <span class='ocrx_word' id='word_1_297' title='bbox 1404 4900 1647 4974; x_wconf 89' lang='lat' dir='ltr'>eloquia</span> <span class='ocrx_word' id='word_1_298' title='bbox 1671 4905 1802 4959; x_wconf 86' lang='lat' dir='ltr'>tua!</span> <span class='ocrx_word' id='word_1_299' title='bbox 1826 4922 1854 4958; x_wconf 89' lang='lat'>»</span> <span class='ocrx_word' id='word_1_300' title='bbox 1891 4903 2057 4977; x_wconf 89' lang='lat' dir='ltr'>quod</span> <span class='ocrx_word' id='word_1_301' title='bbox 2085 4921 2253 4979; x_wconf 88' lang='lat' dir='ltr'>spec-</span> 
     </span>
     <span class='ocr_line' id='line_1_46' title="bbox 711 4993 2249 5070; baseline 0.004 -18"><span class='ocrx_word' id='word_1_302' title='bbox 711 4998 792 5052; x_wconf 88' lang='lat' dir='ltr'>tat</span> <span class='ocrx_word' id='word_1_303' title='bbox 814 4995 893 5053; x_wconf 89' lang='lat' dir='ltr'>ad</span> <span class='ocrx_word' id='word_1_304' title='bbox 906 4996 1068 5054; x_wconf 82' lang='lat' dir='ltr'>viam</span> <span class='ocrx_word' id='word_1_305' title='bbox 1088 4993 1574 5069; x_wconf 77' lang='lat' dir='ltr'>praelibatoriam,</span> <span class='ocrx_word' id='word_1_306' title='bbox 1592 4994 1825 5067; x_wconf 73' lang='lat' dir='ltr'>justitiae</span> <span class='ocrx_word' id='word_1_307' title='bbox 1836 4995 2214 5070; x_wconf 84' lang='lat' dir='ltr'>perfectivam</span> <span class='ocrx_word' id='word_1_308' title='bbox 2234 5017 2249 5058; x_wconf 74' lang='grc' dir='ltr'><strong>ε</strong></span> 
     </span>
     <span class='ocr_line' id='line_1_47' title="bbox 712 5087 2252 5165; baseline 0.005 -21"><span class='ocrx_word' id='word_1_309' title='bbox 712 5093 797 5145; x_wconf 90' lang='lat' dir='ltr'>est</span> <span class='ocrx_word' id='word_1_310' title='bbox 823 5089 983 5146; x_wconf 90' lang='lat' dir='ltr'>enim</span> <span class='ocrx_word' id='word_1_311' title='bbox 1020 5105 1136 5146; x_wconf 84' lang='lat' dir='ltr'>vox</span> <span class='ocrx_word' id='word_1_312' title='bbox 1164 5087 1376 5146; x_wconf 81' lang='lat' dir='ltr'>animae</span> <span class='ocrx_word' id='word_1_313' title='bbox 1401 5087 1699 5161; x_wconf 74' lang='lat' dir='ltr'>perfectae,</span> <span class='ocrx_word' id='word_1_314' title='bbox 1728 5090 2064 5150; x_wconf 89' lang='lat' dir='ltr'>mercedem</span> <span class='ocrx_word' id='word_1_315' title='bbox 2084 5092 2252 5165; x_wconf 75' lang='lat' dir='ltr'>iusti-</span> 
     </span>
     <span class='ocr_line' id='line_1_48' title="bbox 711 5180 1919 5256; baseline 0.002 -18"><span class='ocrx_word' id='word_1_316' title='bbox 711 5180 803 5239; x_wconf 81' lang='lat' dir='ltr'>tiae</span> <span class='ocrx_word' id='word_1_317' title='bbox 829 5181 892 5239; x_wconf 91' lang='lat' dir='ltr'>in</span> <span class='ocrx_word' id='word_1_318' title='bbox 916 5181 1111 5240; x_wconf 87' lang='lat' dir='ltr'>verbis</span> <span class='ocrx_word' id='word_1_319' title='bbox 1138 5180 1470 5240; x_wconf 84' lang='lat' dir='ltr'>coelestibus</span> <span class='ocrx_word' id='word_1_320' title='bbox 1496 5183 1919 5256; x_wconf 76' lang='lat' dir='ltr'>proegustantis.</span> 
     </span>
    </p>
   </div>
   <div class='ocr_carea' id='block_1_6' title="bbox 711 5306 2248 5451">
    <p class='ocr_par' dir='ltr' id='par_1_6' title="bbox 711 5306 2248 5451">
     <span class='ocr_line' id='line_1_49' title="bbox 777 5306 2248 5378; baseline 0.007 -23"><span class='ocrx_word' id='word_1_321' title='bbox 777 5310 787 5337; x_wconf 83' lang='lat'><strong>¹</strong></span> <span class='ocrx_word' id='word_1_322' title='bbox 816 5306 948 5357; x_wconf 81' lang='lat' dir='ltr'>Psal.</span> <span class='ocrx_word' id='word_1_323' title='bbox 977 5319 1110 5370; x_wconf 80' lang='lat'>11¹1,</span> <span class='ocrx_word' id='word_1_324' title='bbox 1137 5311 1186 5359; x_wconf 87' lang='grc'>6.</span> <span class='ocrx_word' id='word_1_325' title='bbox 1210 5333 1272 5346; x_wconf 92' lang='lat'>—-</span> <span class='ocrx_word' id='word_1_326' title='bbox 1294 5307 1318 5343; x_wconf 77' lang='lat'>²</span> <span class='ocrx_word' id='word_1_327' title='bbox 1341 5308 1461 5371; x_wconf 59' lang='lat' dir='ltr'>Im„</span> <span class='ocrx_word' id='word_1_328' title='bbox 1488 5319 1579 5370; x_wconf 74' lang='grc' dir='ltr'>ιιι,</span> <span class='ocrx_word' id='word_1_329' title='bbox 1608 5309 1688 5360; x_wconf 81' lang='lat'>10.</span> <span class='ocrx_word' id='word_1_330' title='bbox 1708 5334 1769 5345; x_wconf 94' lang='lat'>—</span> <span class='ocrx_word' id='word_1_331' title='bbox 1793 5310 1811 5341; x_wconf 85' lang='lat'><strong>³</strong></span> <span class='ocrx_word' id='word_1_332' title='bbox 1830 5309 1973 5376; x_wconf 65' lang='lat' dir='ltr'>Gen„</span> <span class='ocrx_word' id='word_1_333' title='bbox 1995 5325 2140 5378; x_wconf 77' lang='lat' dir='ltr'>xmx,</span> <span class='ocrx_word' id='word_1_334' title='bbox 2173 5318 2248 5366; x_wconf 87' lang='grc'>18.</span> 
     </span>
     <span class='ocr_line' id='line_1_50' title="bbox 711 5377 2245 5451; baseline 0.008 -23"><span class='ocrx_word' id='word_1_335' title='bbox 711 5403 772 5416; x_wconf 93' lang='grc'><strong>-</strong></span> <span class='ocrx_word' id='word_1_336' title='bbox 798 5379 820 5415; x_wconf 73' lang='lat'>⁸</span> <span class='ocrx_word' id='word_1_337' title='bbox 837 5377 981 5429; x_wconf 80' lang='lat' dir='ltr'>Psal.</span> <span class='ocrx_word' id='word_1_338' title='bbox 1016 5390 1191 5443; x_wconf 76' lang='lat' dir='ltr'>xxxiv,</span> <span class='ocrx_word' id='word_1_339' title='bbox 1219 5383 1266 5431; x_wconf 87' lang='grc'>9.</span> <span class='ocrx_word' id='word_1_340' title='bbox 1290 5404 1351 5417; x_wconf 92' lang='grc'>-</span> <span class='ocrx_word' id='word_1_341' title='bbox 1370 5381 1391 5415; x_wconf 76' lang='lat'>⁸</span> <span class='ocrx_word' id='word_1_342' title='bbox 1414 5379 1547 5430; x_wconf 79' lang='lat' dir='ltr'>Psal.</span> <span class='ocrx_word' id='word_1_343' title='bbox 1578 5378 1697 5445; x_wconf 85' lang='lat' dir='ltr'>hoc,</span> <span class='ocrx_word' id='word_1_344' title='bbox 1726 5383 1804 5434; x_wconf 75' lang='lat'>58.</span> <span class='ocrx_word' id='word_1_345' title='bbox 1825 5408 1889 5422; x_wconf 91' lang='lat'><em>-</em></span> <span class='ocrx_word' id='word_1_346' title='bbox 1913 5383 1935 5420; x_wconf 78' lang='lat'>⁸</span> <span class='ocrx_word' id='word_1_347' title='bbox 1960 5384 2113 5451; x_wconf 89' lang='lat' dir='ltr'>lbid.,</span> <span class='ocrx_word' id='word_1_348' title='bbox 2139 5390 2245 5441; x_wconf 87' lang='grc'><strong>133.</strong></span> 
     </span>
    </p>
   </div>
   <div class='ocr_carea' id='block_1_7' title="bbox 1756 440 2867 510">
    <p class='ocr_par' dir='ltr' id='par_1_7' title="bbox 1756 440 2867 510">
     <span class='ocr_line' id='line_1_51' title="bbox 1756 440 2867 510; baseline -0.003 0"><span class='ocrx_word' id='word_1_349' title='bbox 1756 440 2172 510; x_wconf 85' lang='lat' dir='ltr'><strong>EXPOSITIO</strong></span> <span class='ocrx_word' id='word_1_350' title='bbox 2209 440 2292 508; x_wconf 83' lang='lat' dir='ltr'>IN</span> <span class='ocrx_word' id='word_1_351' title='bbox 2337 440 2867 510; x_wconf 69' lang='lat' dir='ltr'>PSALTERIUM.</span> 
     </span>
    </p>
   </div>
   <div class='ocr_carea' id='block_1_8' title="bbox 3013 643 3270 709">
    <p class='ocr_par' dir='ltr' id='par_1_8' title="bbox 3013 643 3270 709">
     <span class='ocr_line' id='line_1_52' title="bbox 3013 643 3270 709; baseline -0.008 -15"><span class='ocrx_word' id='word_1_352' title='bbox 3013 643 3270 709; x_wconf 76' lang='lat' dir='ltr'>Epilogus.</span> 
     </span>
    </p>
   </div>
   <div class='ocr_carea' id='block_1_9' title="bbox 2362 767 3899 1502">
    <p class='ocr_par' dir='ltr' id='par_1_9' title="bbox 2362 767 3899 1502">
     <span class='ocr_line' id='line_1_53' title="bbox 2441 767 3897 845; baseline -0.001 -19"><span class='ocrx_word' id='word_1_353' title='bbox 2441 771 2601 827; x_wconf 81' lang='lat' dir='ltr'>Patet</span> <span class='ocrx_word' id='word_1_354' title='bbox 2624 785 2766 842; x_wconf 88' lang='lat' dir='ltr'>ergo</span> <span class='ocrx_word' id='word_1_355' title='bbox 2791 785 2899 845; x_wconf 89' lang='lat' dir='ltr'>per</span> <span class='ocrx_word' id='word_1_356' title='bbox 2922 768 3270 844; x_wconf 68' lang='lat' dir='ltr'>praeposita,</span> <span class='ocrx_word' id='word_1_357' title='bbox 3302 767 3450 843; x_wconf 91' lang='lat' dir='ltr'>quid</span> <span class='ocrx_word' id='word_1_358' title='bbox 3475 768 3683 827; x_wconf 85' lang='lat' dir='ltr'>sentiat</span> <span class='ocrx_word' id='word_1_359' title='bbox 3710 768 3774 826; x_wconf 91' lang='lat' dir='ltr'>in</span> <span class='ocrx_word' id='word_1_360' title='bbox 3791 768 3897 825; x_wconf 83' lang='lat' dir='ltr'>hac</span> 
     </span>
     <span class='ocr_line' id='line_1_54' title="bbox 2368 861 3896 938; baseline -0.003 -17"><span class='ocrx_word' id='word_1_361' title='bbox 2368 868 2533 938; x_wconf 85' lang='lat' dir='ltr'>parte</span> <span class='ocrx_word' id='word_1_362' title='bbox 2561 862 2886 933; x_wconf 88' lang='lat' dir='ltr'>Psalmista,</span> <span class='ocrx_word' id='word_1_363' title='bbox 2912 863 3035 921; x_wconf 88' lang='lat' dir='ltr'>sive</span> <span class='ocrx_word' id='word_1_364' title='bbox 3056 862 3252 920; x_wconf 87' lang='lat' dir='ltr'>fidelis</span> <span class='ocrx_word' id='word_1_365' title='bbox 3278 862 3499 932; x_wconf 87' lang='lat' dir='ltr'>anima,</span> <span class='ocrx_word' id='word_1_366' title='bbox 3528 861 3780 937; x_wconf 87' lang='lat' dir='ltr'>loquens</span> <span class='ocrx_word' id='word_1_367' title='bbox 3801 878 3896 918; x_wconf 90' lang='lat' dir='ltr'>vo·</span> 
     </span>
     <span class='ocr_line' id='line_1_55' title="bbox 2368 955 3899 1032; baseline -0.001 -18"><span class='ocrx_word' id='word_1_368' title='bbox 2368 972 2434 1015; x_wconf 90' lang='lat' dir='ltr'>ce</span> <span class='ocrx_word' id='word_1_369' title='bbox 2461 957 2805 1032; x_wconf 88' lang='lat' dir='ltr'>prophetica</span> <span class='ocrx_word' id='word_1_370' title='bbox 2833 975 2849 1015; x_wconf 71' lang='grc' dir='ltr'>ε</span> <span class='ocrx_word' id='word_1_371' title='bbox 2883 959 2951 1014; x_wconf 82' lang='lat' dir='ltr'>Et</span> <span class='ocrx_word' id='word_1_372' title='bbox 2970 960 3154 1014; x_wconf 79' lang='lat' dir='ltr'>veniat</span> <span class='ocrx_word' id='word_1_373' title='bbox 3182 973 3344 1028; x_wconf 76' lang='lat' dir='ltr'>super</span> <span class='ocrx_word' id='word_1_374' title='bbox 3363 971 3475 1026; x_wconf 81' lang='lat' dir='ltr'>me,</span> <span class='ocrx_word' id='word_1_375' title='bbox 3510 955 3656 1030; x_wconf 91' lang='lat' dir='ltr'>quia</span> <span class='ocrx_word' id='word_1_376' title='bbox 3688 955 3899 1013; x_wconf 86' lang='lat' dir='ltr'>scilieet</span> 
     </span>
     <span class='ocr_line' id='line_1_56' title="bbox 2364 1049 3894 1122; baseline -0.003 -14"><span class='ocrx_word' id='word_1_377' title='bbox 2364 1051 2624 1108; x_wconf 79' lang='lat' dir='ltr'>veritatis</span> <span class='ocrx_word' id='word_1_378' title='bbox 2662 1050 2833 1108; x_wconf 89' lang='lat' dir='ltr'>radio</span> <span class='ocrx_word' id='word_1_379' title='bbox 2874 1066 3006 1107; x_wconf 88' lang='lat' dir='ltr'>sum</span> <span class='ocrx_word' id='word_1_380' title='bbox 3041 1049 3331 1122; x_wconf 88' lang='lat' dir='ltr'>subjecta3</span> <span class='ocrx_word' id='word_1_381' title='bbox 3370 1049 3753 1106; x_wconf 72' lang='lat' dir='ltr'>Misericordia</span> <span class='ocrx_word' id='word_1_382' title='bbox 3788 1054 3894 1118; x_wconf 78' lang='lat' dir='ltr'>tua,</span> 
     </span>
     <span class='ocr_line' id='line_1_57' title="bbox 2368 1142 3896 1219; baseline -0.003 -16"><span class='ocrx_word' id='word_1_383' title='bbox 2368 1145 2509 1219; x_wconf 87' lang='lat' dir='ltr'>quia</span> <span class='ocrx_word' id='word_1_384' title='bbox 2551 1144 2771 1202; x_wconf 89' lang='lat' dir='ltr'>scilicet</span> <span class='ocrx_word' id='word_1_385' title='bbox 2815 1143 3086 1203; x_wconf 87' lang='lat' dir='ltr'>vanitatis</span> <span class='ocrx_word' id='word_1_386' title='bbox 3112 1143 3255 1201; x_wconf 89' lang='lat' dir='ltr'>vitio</span> <span class='ocrx_word' id='word_1_387' title='bbox 3282 1158 3416 1200; x_wconf 87' lang='lat' dir='ltr'>sum</span> <span class='ocrx_word' id='word_1_388' title='bbox 3441 1142 3711 1215; x_wconf 85' lang='lat' dir='ltr'>abjecta3</span> <span class='ocrx_word' id='word_1_389' title='bbox 3743 1143 3896 1199; x_wconf 77' lang='lat' dir='ltr'>Sals-</span> 
     </span>
     <span class='ocr_line' id='line_1_58' title="bbox 2367 1235 3895 1323; baseline -0.003 -27"><span class='ocrx_word' id='word_1_390' title='bbox 2367 1244 2487 1297; x_wconf 80' lang='lat' dir='ltr'>tare</span> <span class='ocrx_word' id='word_1_391' title='bbox 2525 1244 2706 1310; x_wconf 78' lang='lat' dir='ltr'>tuum,</span> <span class='ocrx_word' id='word_1_392' title='bbox 2742 1238 2883 1313; x_wconf 88' lang='lat' dir='ltr'>quia</span> <span class='ocrx_word' id='word_1_393' title='bbox 2916 1236 3137 1323; x_wconf 78' lang='lat' dir='ltr'>scilicet</span> <span class='ocrx_word' id='word_1_394' title='bbox 3182 1236 3386 1294; x_wconf 88' lang='lat' dir='ltr'>salutis</span> <span class='ocrx_word' id='word_1_395' title='bbox 3425 1235 3723 1294; x_wconf 62' lang='lat' dir='ltr'>desiderio</span> <span class='ocrx_word' id='word_1_396' title='bbox 3771 1252 3895 1293; x_wconf 89' lang='lat' dir='ltr'>sum</span> 
     </span>
     <span class='ocr_line' id='line_1_59' title="bbox 2365 1330 3896 1407; baseline -0.004 -15"><span class='ocrx_word' id='word_1_397' title='bbox 2365 1338 2555 1393; x_wconf 89' lang='lat' dir='ltr'>erecta</span> <span class='ocrx_word' id='word_1_398' title='bbox 2568 1354 2588 1407; x_wconf 89' lang='lat'>3</span> <span class='ocrx_word' id='word_1_399' title='bbox 2627 1334 2925 1392; x_wconf 69' lang='lat' dir='ltr'>&amp;mandam</span> <span class='ocrx_word' id='word_1_400' title='bbox 2964 1334 3233 1405; x_wconf 78' lang='lat' dir='ltr'>eloquium</span> <span class='ocrx_word' id='word_1_401' title='bbox 3277 1337 3450 1403; x_wconf 76' lang='lat' dir='ltr'>tuum,</span> <span class='ocrx_word' id='word_1_402' title='bbox 3497 1330 3642 1405; x_wconf 87' lang='lat' dir='ltr'>quia</span> <span class='ocrx_word' id='word_1_403' title='bbox 3685 1330 3896 1388; x_wconf 85' lang='lat' dir='ltr'>scilicet</span> 
     </span>
     <span class='ocr_line' id='line_1_60' title="bbox 2362 1424 3290 1502; baseline -0.008 -14"><span class='ocrx_word' id='word_1_404' title='bbox 2362 1428 2591 1488; x_wconf 86' lang='lat' dir='ltr'>virtutis</span> <span class='ocrx_word' id='word_1_405' title='bbox 2618 1426 2858 1502; x_wconf 86' lang='lat' dir='ltr'>eloquio</span> <span class='ocrx_word' id='word_1_406' title='bbox 2886 1442 3020 1484; x_wconf 88' lang='lat' dir='ltr'>sum</span> <span class='ocrx_word' id='word_1_407' title='bbox 3048 1424 3290 1483; x_wconf 86' lang='lat' dir='ltr'>directa.</span> 
     </span>
    </p>
   </div>
   <div class='ocr_carea' id='block_1_10' title="bbox 2925 1649 3348 1693">
    <p class='ocr_par' dir='ltr' id='par_1_10' title="bbox 2925 1649 3348 1693">
     <span class='ocr_line' id='line_1_61' title="bbox 2925 1649 3348 1693; baseline -0.005 0"><span class='ocrx_word' id='word_1_408' title='bbox 2925 1649 3255 1693; x_wconf 69' lang='lat' dir='ltr'>leCU‘LUS</span> <span class='ocrx_word' id='word_1_409' title='bbox 3291 1649 3348 1692; x_wconf 73' lang='grc' dir='ltr'>Χ.</span> 
     </span>
    </p>
   </div>
   <div class='ocr_carea' id='block_1_11' title="bbox 2354 1803 3894 3007">
    <p class='ocr_par' dir='ltr' id='par_1_11' title="bbox 2354 1803 3894 3007">
     <span class='ocr_line' id='line_1_62' title="bbox 2432 1803 3890 1882; baseline -0.004 -15"><span class='ocrx_word' id='word_1_410' title='bbox 2432 1808 2524 1867; x_wconf 74' lang='lat'>42.</span> <span class='ocrx_word' id='word_1_411' title='bbox 2544 1811 2614 1866; x_wconf 80' lang='lat' dir='ltr'>Et</span> <span class='ocrx_word' id='word_1_412' title='bbox 2640 1807 2981 1882; x_wconf 78' lang='lat' dir='ltr'>respondebo,</span> <span class='ocrx_word' id='word_1_413' title='bbox 3009 1809 3118 1863; x_wconf 91' lang='lat' dir='ltr'>etc.</span> <span class='ocrx_word' id='word_1_414' title='bbox 3148 1809 3282 1864; x_wconf 90' lang='lat' dir='ltr'>Post</span> <span class='ocrx_word' id='word_1_415' title='bbox 3306 1804 3700 1864; x_wconf 89' lang='lat' dir='ltr'>remotionem</span> <span class='ocrx_word' id='word_1_416' title='bbox 3725 1803 3890 1879; x_wconf 89' lang='lat' dir='ltr'>primi</span> 
     </span>
     <span class='ocr_line' id='line_1_63' title="bbox 2360 1897 3893 1973; baseline -0.004 -13"><span class='ocrx_word' id='word_1_417' title='bbox 2360 1901 2607 1973; x_wconf 88' lang='lat' dir='ltr'>timoris,</span> <span class='ocrx_word' id='word_1_418' title='bbox 2634 1900 2853 1959; x_wconf 86' lang='lat' dir='ltr'>scilicet</span> <span class='ocrx_word' id='word_1_419' title='bbox 2876 1897 3346 1958; x_wconf 87' lang='lat' dir='ltr'>honorabilitatis</span> <span class='ocrx_word' id='word_1_420' title='bbox 3365 1897 3631 1969; x_wconf 89' lang='lat' dir='ltr'>minoris,</span> <span class='ocrx_word' id='word_1_421' title='bbox 3656 1897 3721 1955; x_wconf 89' lang='lat' dir='ltr'>in</span> <span class='ocrx_word' id='word_1_422' title='bbox 3738 1900 3893 1955; x_wconf 85' lang='lat' dir='ltr'>teno-</span> 
     </span>
     <span class='ocr_line' id='line_1_64' title="bbox 2358 1990 3894 2069; baseline -0.004 -16"><span class='ocrx_word' id='word_1_423' title='bbox 2358 2011 2423 2053; x_wconf 89' lang='lat' dir='ltr'>re</span> <span class='ocrx_word' id='word_1_424' title='bbox 2450 1994 2724 2053; x_wconf 85' lang='lat' dir='ltr'>versiculi</span> <span class='ocrx_word' id='word_1_425' title='bbox 2752 1994 3132 2069; x_wconf 77' lang='lat' dir='ltr'>praecedentis</span> <span class='ocrx_word' id='word_1_426' title='bbox 3154 2036 3172 2065; x_wconf 92' lang='lat'>‚</span> <span class='ocrx_word' id='word_1_427' title='bbox 3229 1993 3493 2066; x_wconf 86' lang='lat' dir='ltr'>sequitur</span> <span class='ocrx_word' id='word_1_428' title='bbox 3537 1990 3789 2050; x_wconf 89' lang='lat' dir='ltr'>remotio</span> <span class='ocrx_word' id='word_1_429' title='bbox 3814 2006 3894 2047; x_wconf 87' lang='lat' dir='ltr'>se·</span> 
     </span>
     <span class='ocr_line' id='line_1_65' title="bbox 2360 2083 3893 2160; baseline -0.005 -12"><span class='ocrx_word' id='word_1_430' title='bbox 2360 2088 2541 2148; x_wconf 91' lang='lat' dir='ltr'>cundi</span> <span class='ocrx_word' id='word_1_431' title='bbox 2569 2088 2815 2160; x_wconf 72' lang='lat' dir='ltr'>timoriS,</span> <span class='ocrx_word' id='word_1_432' title='bbox 2837 2087 3114 2146; x_wconf 88' lang='lat' dir='ltr'>videlicet</span> <span class='ocrx_word' id='word_1_433' title='bbox 3139 2086 3498 2144; x_wconf 80' lang='lat' dir='ltr'>affabilitatis</span> <span class='ocrx_word' id='word_1_434' title='bbox 3525 2084 3774 2143; x_wconf 84' lang='lat' dir='ltr'>minoris</span> <span class='ocrx_word' id='word_1_435' title='bbox 3791 2126 3809 2155; x_wconf 94' lang='lat'>,</span> <span class='ocrx_word' id='word_1_436' title='bbox 3835 2083 3893 2140; x_wconf 91' lang='lat' dir='ltr'>in</span> 
     </span>
     <span class='ocr_line' id='line_1_66' title="bbox 2358 2178 3893 2257; baseline -0.006 -14"><span class='ocrx_word' id='word_1_437' title='bbox 2358 2188 2560 2243; x_wconf 90' lang='lat' dir='ltr'>tenore</span> <span class='ocrx_word' id='word_1_438' title='bbox 2582 2183 2900 2257; x_wconf 73' lang='lat' dir='ltr'>praesentis.</span> <span class='ocrx_word' id='word_1_439' title='bbox 2926 2180 3194 2239; x_wconf 85' lang='lat' dir='ltr'>Remotio</span> <span class='ocrx_word' id='word_1_440' title='bbox 3221 2181 3398 2254; x_wconf 89' lang='lat' dir='ltr'>hujus</span> <span class='ocrx_word' id='word_1_441' title='bbox 3418 2178 3647 2237; x_wconf 89' lang='lat' dir='ltr'>timoris</span> <span class='ocrx_word' id='word_1_442' title='bbox 3660 2182 3750 2236; x_wconf 82' lang='lat' dir='ltr'>est</span> <span class='ocrx_word' id='word_1_443' title='bbox 3766 2193 3893 2236; x_wconf 88' lang='lat' dir='ltr'>con·</span> 
     </span>
     <span class='ocr_line' id='line_1_67' title="bbox 2358 2271 3893 2353; baseline -0.005 -17"><span class='ocrx_word' id='word_1_444' title='bbox 2358 2278 2550 2353; x_wconf 90' lang='lat' dir='ltr'>ceptio</span> <span class='ocrx_word' id='word_1_445' title='bbox 2573 2275 2943 2334; x_wconf 84' lang='lat' dir='ltr'>confidentiae</span> <span class='ocrx_word' id='word_1_446' title='bbox 2971 2274 3292 2349; x_wconf 87' lang='lat' dir='ltr'>plenioris:</span> <span class='ocrx_word' id='word_1_447' title='bbox 3325 2272 3572 2330; x_wconf 87' lang='lat' dir='ltr'>confidit</span> <span class='ocrx_word' id='word_1_448' title='bbox 3596 2271 3758 2330; x_wconf 90' lang='lat' dir='ltr'>enim</span> <span class='ocrx_word' id='word_1_449' title='bbox 3781 2271 3893 2328; x_wconf 84' lang='lat' dir='ltr'>ani·</span> 
     </span>
     <span class='ocr_line' id='line_1_68' title="bbox 2357 2366 3893 2444; baseline -0.005 -16"><span class='ocrx_word' id='word_1_450' title='bbox 2357 2387 2459 2429; x_wconf 89' lang='lat' dir='ltr'>ma</span> <span class='ocrx_word' id='word_1_451' title='bbox 2475 2369 2668 2428; x_wconf 87' lang='lat' dir='ltr'>fidelis</span> <span class='ocrx_word' id='word_1_452' title='bbox 2686 2386 2864 2444; x_wconf 90' lang='lat' dir='ltr'>super</span> <span class='ocrx_word' id='word_1_453' title='bbox 2882 2368 3231 2426; x_wconf 85' lang='lat' dir='ltr'>discretione</span> <span class='ocrx_word' id='word_1_454' title='bbox 3254 2366 3588 2437; x_wconf 83' lang='lat' dir='ltr'>locutionis,</span> <span class='ocrx_word' id='word_1_455' title='bbox 3609 2366 3746 2441; x_wconf 81' lang='lat' dir='ltr'>quoe</span> <span class='ocrx_word' id='word_1_456' title='bbox 3766 2380 3893 2424; x_wconf 91' lang='lat' dir='ltr'>con·</span> 
     </span>
     <span class='ocr_line' id='line_1_69' title="bbox 2357 2458 3892 2538; baseline -0.005 -15"><span class='ocrx_word' id='word_1_457' title='bbox 2357 2465 2503 2523; x_wconf 88' lang='lat' dir='ltr'>sistit</span> <span class='ocrx_word' id='word_1_458' title='bbox 2528 2465 2591 2522; x_wconf 90' lang='lat' dir='ltr'>in</span> <span class='ocrx_word' id='word_1_459' title='bbox 2619 2462 3004 2538; x_wconf 88' lang='lat' dir='ltr'>tardiloquio,</span> <span class='ocrx_word' id='word_1_460' title='bbox 3033 2461 3095 2519; x_wconf 91' lang='lat' dir='ltr'>in</span> <span class='ocrx_word' id='word_1_461' title='bbox 3122 2459 3492 2534; x_wconf 87' lang='lat' dir='ltr'>dulciloquio</span> <span class='ocrx_word' id='word_1_462' title='bbox 3498 2500 3518 2530; x_wconf 96' lang='lat'>,</span> <span class='ocrx_word' id='word_1_463' title='bbox 3551 2460 3613 2516; x_wconf 89' lang='lat' dir='ltr'>in</span> <span class='ocrx_word' id='word_1_464' title='bbox 3639 2458 3892 2517; x_wconf 90' lang='lat' dir='ltr'>brevilo-</span> 
     </span>
     <span class='ocr_line' id='line_1_70' title="bbox 2358 2551 3892 2634; baseline -0.005 -18"><span class='ocrx_word' id='word_1_465' title='bbox 2358 2557 2537 2634; x_wconf 90' lang='lat' dir='ltr'>quio,</span> <span class='ocrx_word' id='word_1_466' title='bbox 2566 2557 2628 2614; x_wconf 90' lang='lat' dir='ltr'>in</span> <span class='ocrx_word' id='word_1_467' title='bbox 2654 2556 3044 2631; x_wconf 86' lang='lat' dir='ltr'>rectiloquio:</span> <span class='ocrx_word' id='word_1_468' title='bbox 3086 2571 3221 2629; x_wconf 83' lang='lat' dir='ltr'>quae</span> <span class='ocrx_word' id='word_1_469' title='bbox 3247 2557 3524 2613; x_wconf 87' lang='lat' dir='ltr'>notantur</span> <span class='ocrx_word' id='word_1_470' title='bbox 3549 2551 3811 2610; x_wconf 86' lang='lat' dir='ltr'>seriatim</span> <span class='ocrx_word' id='word_1_471' title='bbox 3836 2552 3892 2608; x_wconf 89' lang='lat' dir='ltr'>in</span> 
     </span>
     <span class='ocr_line' id='line_1_71' title="bbox 2354 2649 3891 2728; baseline -0.005 -17"><span class='ocrx_word' id='word_1_472' title='bbox 2354 2652 2631 2728; x_wconf 69' lang='lat' dir='ltr'>praesenti</span> <span class='ocrx_word' id='word_1_473' title='bbox 2655 2651 2969 2710; x_wconf 77' lang='lat' dir='ltr'>versimile.</span> <span class='ocrx_word' id='word_1_474' title='bbox 3000 2652 3262 2720; x_wconf 85' lang='lat' dir='ltr'>Quorum</span> <span class='ocrx_word' id='word_1_475' title='bbox 3288 2649 3550 2722; x_wconf 87' lang='lat' dir='ltr'>primum</span> <span class='ocrx_word' id='word_1_476' title='bbox 3575 2652 3662 2705; x_wconf 87' lang='lat' dir='ltr'>est</span> <span class='ocrx_word' id='word_1_477' title='bbox 3695 2651 3891 2705; x_wconf 84' lang='lat' dir='ltr'>contra</span> 
     </span>
     <span class='ocr_line' id='line_1_72' title="bbox 2356 2740 3888 2820; baseline -0.004 -16"><span class='ocrx_word' id='word_1_478' title='bbox 2356 2745 2750 2820; x_wconf 89' lang='lat' dir='ltr'>impetuosos3</span> <span class='ocrx_word' id='word_1_479' title='bbox 2806 2744 3164 2815; x_wconf 89' lang='lat' dir='ltr'>secundum,</span> <span class='ocrx_word' id='word_1_480' title='bbox 3212 2746 3418 2801; x_wconf 89' lang='lat' dir='ltr'>contra</span> <span class='ocrx_word' id='word_1_481' title='bbox 3461 2740 3888 2811; x_wconf 83' lang='lat' dir='ltr'>contentiosos3</span> 
     </span>
     <span class='ocr_line' id='line_1_73' title="bbox 2356 2837 3893 2911; baseline -0.005 -12"><span class='ocrx_word' id='word_1_482' title='bbox 2356 2839 2590 2899; x_wconf 87' lang='lat' dir='ltr'>tertium</span> <span class='ocrx_word' id='word_1_483' title='bbox 2615 2882 2634 2910; x_wconf 92' lang='lat'><em>‚</em></span> <span class='ocrx_word' id='word_1_484' title='bbox 2699 2842 2905 2897; x_wconf 81' lang='lat' dir='ltr'>contra</span> <span class='ocrx_word' id='word_1_485' title='bbox 2972 2839 3294 2909; x_wconf 88' lang='lat' dir='ltr'>verbosos3</span> <span class='ocrx_word' id='word_1_486' title='bbox 3352 2840 3631 2911; x_wconf 83' lang='lat' dir='ltr'>quartum</span> <span class='ocrx_word' id='word_1_487' title='bbox 3695 2837 3893 2894; x_wconf 85' lang='lat' dir='ltr'>contra</span> 
     </span>
     <span class='ocr_line' id='line_1_74' title="bbox 2358 2931 3172 3007; baseline -0.006 -14"><span class='ocrx_word' id='word_1_488' title='bbox 2358 2934 2602 3007; x_wconf 82' lang='lat' dir='ltr'>otiosos,</span> <span class='ocrx_word' id='word_1_489' title='bbox 2631 2938 2734 2991; x_wconf 89' lang='lat' dir='ltr'>aut</span> <span class='ocrx_word' id='word_1_490' title='bbox 2760 2931 3172 2992; x_wconf 89' lang='lat' dir='ltr'>infructuosos.</span> 
     </span>
    </p>
   </div>
   <div class='ocr_carea' id='block_1_12' title="bbox 2856 3093 3393 3164">
    <p class='ocr_par' dir='ltr' id='par_1_12' title="bbox 2856 3093 3393 3164">
     <span class='ocr_line' id='line_1_75' title="bbox 2856 3093 3393 3164; baseline -0.006 -15"><span class='ocrx_word' id='word_1_491' title='bbox 2856 3093 3134 3150; x_wconf 76' lang='lat' dir='ltr'>Articulus</span> <span class='ocrx_word' id='word_1_492' title='bbox 3162 3093 3393 3164; x_wconf 80' lang='lat' dir='ltr'>primus.</span> 
     </span>
    </p>
   </div>
   <div class='ocr_carea' id='block_1_13' title="bbox 2355 3215 3894 5265">
    <p class='ocr_par' dir='ltr' id='par_1_13' title="bbox 2355 3215 3894 5265">
     <span class='ocr_line' id='line_1_76' title="bbox 2426 3215 3889 3296; baseline -0.006 -15"><span class='ocrx_word' id='word_1_493' title='bbox 2426 3221 2517 3281; x_wconf 78' lang='lat' dir='ltr'>Ad</span> <span class='ocrx_word' id='word_1_494' title='bbox 2564 3220 2826 3296; x_wconf 88' lang='lat' dir='ltr'>primum</span> <span class='ocrx_word' id='word_1_495' title='bbox 2877 3218 3131 3294; x_wconf 88' lang='lat' dir='ltr'>respicit,</span> <span class='ocrx_word' id='word_1_496' title='bbox 3188 3215 3355 3292; x_wconf 89' lang='lat' dir='ltr'>quod</span> <span class='ocrx_word' id='word_1_497' title='bbox 3410 3215 3715 3274; x_wconf 88' lang='lat' dir='ltr'>Psalmista</span> <span class='ocrx_word' id='word_1_498' title='bbox 3759 3231 3889 3290; x_wconf 77' lang='lat' dir='ltr'>prae·</span> 
     </span>
     <span class='ocr_line' id='line_1_77' title="bbox 2359 3310 3887 3387; baseline -0.004 -13"><span class='ocrx_word' id='word_1_499' title='bbox 2359 3315 2502 3374; x_wconf 90' lang='lat' dir='ltr'>dicit</span> <span class='ocrx_word' id='word_1_500' title='bbox 2550 3334 2565 3374; x_wconf 90' lang='lat'>:</span> <span class='ocrx_word' id='word_1_501' title='bbox 2608 3318 2679 3372; x_wconf 80' lang='lat' dir='ltr'>Et</span> <span class='ocrx_word' id='word_1_502' title='bbox 2716 3314 3083 3387; x_wconf 80' lang='lat' dir='ltr'>respondebo3</span> <span class='ocrx_word' id='word_1_503' title='bbox 3127 3311 3298 3387; x_wconf 90' lang='lat' dir='ltr'>quasi</span> <span class='ocrx_word' id='word_1_504' title='bbox 3343 3310 3502 3369; x_wconf 88' lang='lat' dir='ltr'>dicat</span> <span class='ocrx_word' id='word_1_505' title='bbox 3543 3328 3558 3366; x_wconf 78' lang='lat' dir='ltr'><strong><em>z</em></strong></span> <span class='ocrx_word' id='word_1_506' title='bbox 3600 3313 3887 3383; x_wconf 80' lang='lat' dir='ltr'>Rogatus,</span> 
     </span>
     <span class='ocr_line' id='line_1_78' title="bbox 2355 3404 3890 3483; baseline -0.005 -16"><span class='ocrx_word' id='word_1_507' title='bbox 2355 3409 2661 3483; x_wconf 89' lang='lat' dir='ltr'>eloquium</span> <span class='ocrx_word' id='word_1_508' title='bbox 2715 3407 3057 3480; x_wconf 86' lang='lat' dir='ltr'>exhibeb03</span> <span class='ocrx_word' id='word_1_509' title='bbox 3114 3420 3238 3463; x_wconf 91' lang='lat' dir='ltr'>non</span> <span class='ocrx_word' id='word_1_510' title='bbox 3289 3407 3533 3476; x_wconf 88' lang='lat' dir='ltr'>rogatus</span> <span class='ocrx_word' id='word_1_511' title='bbox 3556 3446 3577 3473; x_wconf 93' lang='lat'>,</span> <span class='ocrx_word' id='word_1_512' title='bbox 3631 3404 3890 3478; x_wconf 88' lang='lat' dir='ltr'>spiritum</span> 
     </span>
     <span class='ocr_line' id='line_1_79' title="bbox 2358 3498 3893 3574; baseline -0.005 -14"><span class='ocrx_word' id='word_1_513' title='bbox 2358 3502 2654 3560; x_wconf 86' lang='lat' dir='ltr'>cohibebo</span> <span class='ocrx_word' id='word_1_514' title='bbox 2664 3525 2688 3574; x_wconf 96' lang='lat'>,·</span> <span class='ocrx_word' id='word_1_515' title='bbox 2725 3501 2891 3559; x_wconf 84' lang='lat' dir='ltr'>etsie</span> <span class='ocrx_word' id='word_1_516' title='bbox 2931 3500 3183 3558; x_wconf 88' lang='lat' dir='ltr'>servabo</span> <span class='ocrx_word' id='word_1_517' title='bbox 3228 3498 3655 3572; x_wconf 87' lang='lat' dir='ltr'>tardiloquium</span> <span class='ocrx_word' id='word_1_518' title='bbox 3697 3511 3893 3555; x_wconf 89' lang='lat' dir='ltr'>secun·</span> 
     </span>
     <span class='ocr_line' id='line_1_80' title="bbox 2359 3587 3893 3669; baseline -0.005 -15"><span class='ocrx_word' id='word_1_519' title='bbox 2359 3596 2506 3654; x_wconf 88' lang='lat' dir='ltr'>dum</span> <span class='ocrx_word' id='word_1_520' title='bbox 2573 3595 2751 3653; x_wconf 88' lang='lat' dir='ltr'>ritum</span> <span class='ocrx_word' id='word_1_521' title='bbox 2814 3593 3321 3669; x_wconf 87' lang='lat' dir='ltr'>respondentium.</span> <span class='ocrx_word' id='word_1_522' title='bbox 3388 3594 3453 3649; x_wconf 83' lang='lat' dir='ltr'>Et</span> <span class='ocrx_word' id='word_1_523' title='bbox 3501 3593 3641 3648; x_wconf 85' lang='lat' dir='ltr'>nota</span> <span class='ocrx_word' id='word_1_524' title='bbox 3660 3632 3679 3661; x_wconf 93' lang='lat'>‚</span> <span class='ocrx_word' id='word_1_525' title='bbox 3737 3587 3893 3665; x_wconf 88' lang='lat' dir='ltr'>quod</span> 
     </span>
     <span class='ocr_line' id='line_1_81' title="bbox 2359 3684 3892 3764; baseline -0.006 -15"><span class='ocrx_word' id='word_1_526' title='bbox 2359 3707 2496 3749; x_wconf 90' lang='lat' dir='ltr'>cum</span> <span class='ocrx_word' id='word_1_527' title='bbox 2534 3691 2818 3764; x_wconf 87' lang='lat' dir='ltr'>gravitate</span> <span class='ocrx_word' id='word_1_528' title='bbox 2850 3691 2908 3747; x_wconf 89' lang='lat' dir='ltr'>et</span> <span class='ocrx_word' id='word_1_529' title='bbox 2943 3687 3211 3746; x_wconf 87' lang='lat' dir='ltr'>tarditate</span> <span class='ocrx_word' id='word_1_530' title='bbox 3242 3684 3518 3743; x_wconf 88' lang='lat' dir='ltr'>convenit</span> <span class='ocrx_word' id='word_1_531' title='bbox 3541 3684 3892 3758; x_wconf 88' lang='lat' dir='ltr'>respondere</span> 
     </span>
     <span class='ocr_line' id='line_1_82' title="bbox 2358 3776 3891 3858; baseline -0.006 -17"><span class='ocrx_word' id='word_1_532' title='bbox 2358 3782 2574 3858; x_wconf 89' lang='lat' dir='ltr'>triplici</span> <span class='ocrx_word' id='word_1_533' title='bbox 2633 3785 2857 3841; x_wconf 89' lang='lat' dir='ltr'>ratione</span> <span class='ocrx_word' id='word_1_534' title='bbox 2916 3800 2931 3837; x_wconf 76' lang='lat' dir='ltr'>z</span> <span class='ocrx_word' id='word_1_535' title='bbox 2988 3795 3097 3855; x_wconf 89' lang='lat' dir='ltr'>pro</span> <span class='ocrx_word' id='word_1_536' title='bbox 3150 3778 3392 3836; x_wconf 86' lang='lat' dir='ltr'>vitanda</span> <span class='ocrx_word' id='word_1_537' title='bbox 3441 3776 3891 3852; x_wconf 89' lang='lat' dir='ltr'>vituperatione,</span> 
     </span>
     <span class='ocr_line' id='line_1_83' title="bbox 2359 3873 3894 3952; baseline -0.006 -15"><span class='ocrx_word' id='word_1_538' title='bbox 2359 3878 2837 3952; x_wconf 88' lang='lat' dir='ltr'>exasperatione,</span> <span class='ocrx_word' id='word_1_539' title='bbox 2874 3881 2930 3935; x_wconf 90' lang='lat' dir='ltr'>et</span> <span class='ocrx_word' id='word_1_540' title='bbox 2964 3874 3231 3933; x_wconf 88' lang='lat' dir='ltr'>scandali</span> <span class='ocrx_word' id='word_1_541' title='bbox 3271 3874 3672 3946; x_wconf 88' lang='lat' dir='ltr'>generatione.</span> <span class='ocrx_word' id='word_1_542' title='bbox 3712 3873 3894 3931; x_wconf 87' lang='lat' dir='ltr'>Prima</span> 
     </span>
     <span class='ocr_line' id='line_1_84' title="bbox 2357 3967 3893 4046; baseline -0.003 -17"><span class='ocrx_word' id='word_1_543' title='bbox 2357 3971 2507 4031; x_wconf 87' lang='lat' dir='ltr'>ratio</span> <span class='ocrx_word' id='word_1_544' title='bbox 2553 3972 2791 4046; x_wconf 85' lang='lat' dir='ltr'>respicit</span> <span class='ocrx_word' id='word_1_545' title='bbox 2834 3969 3321 4045; x_wconf 86' lang='lat' dir='ltr'>respondentem3</span> <span class='ocrx_word' id='word_1_546' title='bbox 3381 3967 3644 4025; x_wconf 88' lang='lat' dir='ltr'>secunda</span> <span class='ocrx_word' id='word_1_547' title='bbox 3664 4011 3683 4038; x_wconf 94' lang='lat'>,</span> <span class='ocrx_word' id='word_1_548' title='bbox 3728 3967 3893 4024; x_wconf 88' lang='lat' dir='ltr'>inter-</span> 
     </span>
     <span class='ocr_line' id='line_1_85' title="bbox 2357 4051 3890 4139; baseline -0.007 -15"><span class='ocrx_word' id='word_1_549' title='bbox 2357 4071 2702 4139; x_wconf 87' lang='lat' dir='ltr'>rogantem3</span> <span class='ocrx_word' id='word_1_550' title='bbox 2758 4051 2964 4135; x_wconf 74' lang='lat' dir='ltr'>tertia,</span> <span class='ocrx_word' id='word_1_551' title='bbox 3021 4062 3404 4121; x_wconf 87' lang='lat' dir='ltr'>assistentem.</span> <span class='ocrx_word' id='word_1_552' title='bbox 3460 4064 3538 4119; x_wconf 90' lang='lat' dir='ltr'>De</span> <span class='ocrx_word' id='word_1_553' title='bbox 3583 4061 3780 4135; x_wconf 83' lang='lat' dir='ltr'>prima</span> <span class='ocrx_word' id='word_1_554' title='bbox 3820 4061 3840 4095; x_wconf 82' lang='lat'><strong>⁸</strong></span> <span class='ocrx_word' id='word_1_555' title='bbox 3876 4076 3890 4114; x_wconf 79' lang='grc' dir='ltr'><strong><em>ε</em></strong></span> 
     </span>
     <span class='ocr_line' id='line_1_86' title="bbox 2363 4152 3893 4234; baseline -0.003 -19"><span class='ocrx_word' id='word_1_556' title='bbox 2363 4181 2394 4215; x_wconf 77' lang='grc' dir='ltr'>ι</span> <span class='ocrx_word' id='word_1_557' title='bbox 2421 4159 2532 4230; x_wconf 85' lang='lat' dir='ltr'>Qui</span> <span class='ocrx_word' id='word_1_558' title='bbox 2551 4158 2717 4234; x_wconf 88' lang='lat' dir='ltr'>prius</span> <span class='ocrx_word' id='word_1_559' title='bbox 2739 4156 3080 4234; x_wconf 88' lang='lat' dir='ltr'>respondet,</span> <span class='ocrx_word' id='word_1_560' title='bbox 3111 4171 3294 4230; x_wconf 84' lang='lat' dir='ltr'>quam</span> <span class='ocrx_word' id='word_1_561' title='bbox 3322 4152 3548 4226; x_wconf 86' lang='lat' dir='ltr'>audiat,</span> <span class='ocrx_word' id='word_1_562' title='bbox 3577 4153 3819 4211; x_wconf 84' lang='lat' dir='ltr'>stultum</span> <span class='ocrx_word' id='word_1_563' title='bbox 3838 4168 3893 4210; x_wconf 87' lang='lat' dir='ltr'>se</span> 
     </span>
     <span class='ocr_line' id='line_1_87' title="bbox 2359 4247 3892 4325; baseline -0.005 -15"><span class='ocrx_word' id='word_1_564' title='bbox 2359 4252 2722 4312; x_wconf 86' lang='lat' dir='ltr'>demonstrat</span> <span class='ocrx_word' id='word_1_565' title='bbox 2748 4267 2896 4325; x_wconf 90' lang='lat' dir='ltr'>esse,</span> <span class='ocrx_word' id='word_1_566' title='bbox 2921 4254 2979 4310; x_wconf 91' lang='lat' dir='ltr'>et</span> <span class='ocrx_word' id='word_1_567' title='bbox 3004 4248 3348 4308; x_wconf 88' lang='lat' dir='ltr'>confusione</span> <span class='ocrx_word' id='word_1_568' title='bbox 3377 4247 3626 4322; x_wconf 90' lang='lat' dir='ltr'>dignum</span> <span class='ocrx_word' id='word_1_569' title='bbox 3655 4264 3671 4304; x_wconf 71' lang='grc' dir='ltr'><em>ε</em></span> <span class='ocrx_word' id='word_1_570' title='bbox 3701 4268 3732 4303; x_wconf 69' lang='grc' dir='ltr'>ιι</span> <span class='ocrx_word' id='word_1_571' title='bbox 3769 4261 3892 4304; x_wconf 89' lang='lat' dir='ltr'>ecce</span> 
     </span>
     <span class='ocr_line' id='line_1_88' title="bbox 2357 4338 3891 4422; baseline -0.005 -18"><span class='ocrx_word' id='word_1_572' title='bbox 2357 4346 2709 4422; x_wconf 88' lang='lat' dir='ltr'>vituperatio</span> <span class='ocrx_word' id='word_1_573' title='bbox 2737 4343 3167 4420; x_wconf 85' lang='lat' dir='ltr'>respondentis.</span> <span class='ocrx_word' id='word_1_574' title='bbox 3194 4345 3271 4399; x_wconf 91' lang='lat' dir='ltr'>De</span> <span class='ocrx_word' id='word_1_575' title='bbox 3302 4341 3564 4400; x_wconf 88' lang='lat' dir='ltr'>secunda</span> <span class='ocrx_word' id='word_1_576' title='bbox 3580 4342 3639 4398; x_wconf 79' lang='lat'>⁹:</span> <span class='ocrx_word' id='word_1_577' title='bbox 3669 4361 3704 4408; x_wconf 73' lang='grc' dir='ltr'>,α</span> <span class='ocrx_word' id='word_1_578' title='bbox 3725 4338 3891 4401; x_wconf 88' lang='lat' dir='ltr'>Stude</span> 
     </span>
     <span class='ocr_line' id='line_1_89' title="bbox 2358 4433 3891 4516; baseline -0.005 -17"><span class='ocrx_word' id='word_1_579' title='bbox 2358 4439 2676 4516; x_wconf 79' lang='lat' dir='ltr'>sapientioe,</span> <span class='ocrx_word' id='word_1_580' title='bbox 2704 4438 2790 4497; x_wconf 84' lang='lat' dir='ltr'>fili</span> <span class='ocrx_word' id='word_1_581' title='bbox 2818 4438 2922 4510; x_wconf 92' lang='lat' dir='ltr'>mi,</span> <span class='ocrx_word' id='word_1_582' title='bbox 2947 4440 3004 4494; x_wconf 90' lang='lat' dir='ltr'>et</span> <span class='ocrx_word' id='word_1_583' title='bbox 3020 4436 3250 4494; x_wconf 81' lang='lat' dir='ltr'>laetifica</span> <span class='ocrx_word' id='word_1_584' title='bbox 3276 4451 3379 4493; x_wconf 91' lang='lat' dir='ltr'>cor</span> <span class='ocrx_word' id='word_1_585' title='bbox 3406 4438 3596 4507; x_wconf 90' lang='lat' dir='ltr'>tuum,</span> <span class='ocrx_word' id='word_1_586' title='bbox 3625 4439 3691 4493; x_wconf 88' lang='lat' dir='ltr'>ut</span> <span class='ocrx_word' id='word_1_587' title='bbox 3708 4433 3891 4510; x_wconf 86' lang='lat' dir='ltr'>possis</span> 
     </span>
     <span class='ocr_line' id='line_1_90' title="bbox 2357 4526 3890 4609; baseline -0.006 -18"><span class='ocrx_word' id='word_1_588' title='bbox 2357 4533 2737 4609; x_wconf 87' lang='lat' dir='ltr'>exprobranti</span> <span class='ocrx_word' id='word_1_589' title='bbox 2788 4529 3150 4607; x_wconf 87' lang='lat' dir='ltr'>respondere</span> <span class='ocrx_word' id='word_1_590' title='bbox 3204 4544 3584 4600; x_wconf 87' lang='lat' dir='ltr'>sermonem3</span> <span class='ocrx_word' id='word_1_591' title='bbox 3642 4550 3670 4580; x_wconf 74' lang='grc' dir='ltr'>ι»</span> <span class='ocrx_word' id='word_1_592' title='bbox 3730 4526 3890 4602; x_wconf 89' lang='lat' dir='ltr'>quasi</span> 
     </span>
     <span class='ocr_line' id='line_1_91' title="bbox 2359 4621 3891 4697; baseline -0.004 -13"><span class='ocrx_word' id='word_1_593' title='bbox 2359 4627 2518 4686; x_wconf 89' lang='lat' dir='ltr'>dicat</span> <span class='ocrx_word' id='word_1_594' title='bbox 2564 4646 2578 4684; x_wconf 72' lang='grc' dir='ltr'><strong><em>ε</em></strong></span> <span class='ocrx_word' id='word_1_595' title='bbox 2641 4625 2810 4684; x_wconf 78' lang='lat' dir='ltr'>Stude</span> <span class='ocrx_word' id='word_1_596' title='bbox 2862 4625 3178 4697; x_wconf 58' lang='lat' dir='ltr'>sapi-entim,</span> <span class='ocrx_word' id='word_1_597' title='bbox 3235 4624 3521 4696; x_wconf 88' lang='lat' dir='ltr'>quantum</span> <span class='ocrx_word' id='word_1_598' title='bbox 3576 4621 3657 4679; x_wconf 88' lang='lat' dir='ltr'>ad</span> <span class='ocrx_word' id='word_1_599' title='bbox 3705 4621 3891 4680; x_wconf 85' lang='lat' dir='ltr'>cordis</span> 
     </span>
     <span class='ocr_line' id='line_1_92' title="bbox 2358 4719 3890 4791; baseline -0.005 -11"><span class='ocrx_word' id='word_1_600' title='bbox 2358 4721 2927 4791; x_wconf 88' lang='lat' dir='ltr'>considerationem;</span> <span class='ocrx_word' id='word_1_601' title='bbox 2960 4724 3009 4775; x_wconf 84' lang='lat' dir='ltr'>et</span> <span class='ocrx_word' id='word_1_602' title='bbox 3042 4719 3261 4788; x_wconf 74' lang='lat' dir='ltr'>loetiflca</span> <span class='ocrx_word' id='word_1_603' title='bbox 3288 4732 3378 4773; x_wconf 83' lang='lat' dir='ltr'>cor</span> <span class='ocrx_word' id='word_1_604' title='bbox 3409 4722 3579 4786; x_wconf 81' lang='lat' dir='ltr'>tuum,</span> <span class='ocrx_word' id='word_1_605' title='bbox 3611 4722 3890 4791; x_wconf 89' lang='lat' dir='ltr'>quantum</span> 
     </span>
     <span class='ocr_line' id='line_1_93' title="bbox 2359 4811 3892 4883; baseline -0.008 -8"><span class='ocrx_word' id='word_1_606' title='bbox 2359 4815 2438 4874; x_wconf 87' lang='lat' dir='ltr'>ad</span> <span class='ocrx_word' id='word_1_607' title='bbox 2491 4816 2610 4874; x_wconf 90' lang='lat' dir='ltr'>oris</span> <span class='ocrx_word' id='word_1_608' title='bbox 2674 4811 3141 4882; x_wconf 87' lang='lat' dir='ltr'>reserationem3</span> <span class='ocrx_word' id='word_1_609' title='bbox 3197 4817 3260 4866; x_wconf 79' lang='lat' dir='ltr'>ut</span> <span class='ocrx_word' id='word_1_610' title='bbox 3316 4814 3491 4882; x_wconf 75' lang='lat' dir='ltr'>possis</span> <span class='ocrx_word' id='word_1_611' title='bbox 3551 4811 3892 4883; x_wconf 60' lang='lat' dir='ltr'>mprobrauti</span> 
     </span>
     <span class='ocr_line' id='line_1_94' title="bbox 2356 4902 3889 4983; baseline -0.005 -17"><span class='ocrx_word' id='word_1_612' title='bbox 2356 4910 2673 4983; x_wconf 77' lang='lat' dir='ltr'>respondere</span> <span class='ocrx_word' id='word_1_613' title='bbox 2733 4921 3020 4965; x_wconf 79' lang='lat' dir='ltr'>sermonem</span> <span class='ocrx_word' id='word_1_614' title='bbox 3047 4945 3067 4974; x_wconf 95' lang='lat'>,</span> <span class='ocrx_word' id='word_1_615' title='bbox 3121 4906 3328 4976; x_wconf 79' lang='lat' dir='ltr'>praeter</span> <span class='ocrx_word' id='word_1_616' title='bbox 3393 4902 3520 4976; x_wconf 89' lang='lat' dir='ltr'>ejus</span> <span class='ocrx_word' id='word_1_617' title='bbox 3587 4918 3889 4978; x_wconf 83' lang='lat' dir='ltr'>exaspera-</span> 
     </span>
     <span class='ocr_line' id='line_1_95' title="bbox 2359 4995 3888 5071; baseline -0.005 -12"><span class='ocrx_word' id='word_1_618' title='bbox 2359 5003 2582 5061; x_wconf 91' lang='lat' dir='ltr'>tionem</span> <span class='ocrx_word' id='word_1_619' title='bbox 2639 5020 2654 5058; x_wconf 84' lang='lat'>:</span> <span class='ocrx_word' id='word_1_620' title='bbox 2723 5015 2856 5058; x_wconf 89' lang='lat' dir='ltr'>ecce</span> <span class='ocrx_word' id='word_1_621' title='bbox 2912 4995 3279 5071; x_wconf 87' lang='lat' dir='ltr'>exasperatio</span> <span class='ocrx_word' id='word_1_622' title='bbox 3334 4995 3765 5069; x_wconf 81' lang='lat' dir='ltr'>interrogantis,</span> <span class='ocrx_word' id='word_1_623' title='bbox 3818 4998 3888 5052; x_wconf 86' lang='lat' dir='ltr'>De</span> 
     </span>
     <span class='ocr_line' id='line_1_96' title="bbox 2357 5088 3886 5162; baseline -0.007 -7"><span class='ocrx_word' id='word_1_624' title='bbox 2357 5096 2527 5155; x_wconf 85' lang='lat' dir='ltr'>tertia</span> <span class='ocrx_word' id='word_1_625' title='bbox 2570 5096 2661 5151; x_wconf 85' lang='lat'>²⁰:</span> <span class='ocrx_word' id='word_1_626' title='bbox 2709 5112 2738 5147; x_wconf 73' lang='grc' dir='ltr'>(ι</span> <span class='ocrx_word' id='word_1_627' title='bbox 2790 5092 2896 5162; x_wconf 85' lang='lat' dir='ltr'>Qui</span> <span class='ocrx_word' id='word_1_628' title='bbox 2954 5088 3475 5162; x_wconf 88' lang='lat' dir='ltr'>interrogationem</span> <span class='ocrx_word' id='word_1_629' title='bbox 3526 5089 3886 5158; x_wconf 78' lang='lat' dir='ltr'>manifestat,</span> 
     </span>
     <span class='ocr_line' id='line_1_97' title="bbox 2355 5182 3884 5265; baseline -0.007 -14"><span class='ocrx_word' id='word_1_630' title='bbox 2355 5190 2589 5265; x_wconf 83' lang='lat' dir='ltr'>parabit</span> <span class='ocrx_word' id='word_1_631' title='bbox 2621 5187 2874 5246; x_wconf 89' lang='lat' dir='ltr'>verbum</span> <span class='ocrx_word' id='word_1_632' title='bbox 2889 5204 2908 5258; x_wconf 90' lang='lat'>3</span> <span class='ocrx_word' id='word_1_633' title='bbox 2941 5187 2998 5243; x_wconf 91' lang='lat' dir='ltr'>et</span> <span class='ocrx_word' id='word_1_634' title='bbox 3034 5183 3116 5241; x_wconf 90' lang='lat' dir='ltr'>sic</span> <span class='ocrx_word' id='word_1_635' title='bbox 3145 5183 3491 5256; x_wconf 86' lang='lat' dir='ltr'>deprecatus</span> <span class='ocrx_word' id='word_1_636' title='bbox 3526 5182 3884 5254; x_wconf 88' lang='lat' dir='ltr'>exaudietur,</span> 
     </span>
    </p>
   </div>
   <div class='ocr_carea' id='block_1_14' title="bbox 2355 5311 3883 5451">
    <p class='ocr_par' dir='ltr' id='par_1_14' title="bbox 2355 5311 3883 5451">
     <span class='ocr_line' id='line_1_98' title="bbox 2355 5311 3883 5381; baseline -0.007 -13"><span class='ocrx_word' id='word_1_637' title='bbox 2355 5344 2417 5357; x_wconf 89' lang='lat'>—</span> <span class='ocrx_word' id='word_1_638' title='bbox 2446 5319 2463 5348; x_wconf 84' lang='lat'>⁷</span> <span class='ocrx_word' id='word_1_639' title='bbox 2493 5316 2643 5381; x_wconf 88' lang='lat' dir='ltr'>lbid.,</span> <span class='ocrx_word' id='word_1_640' title='bbox 2676 5317 2782 5366; x_wconf 67' lang='lat'>1123.</span> <span class='ocrx_word' id='word_1_641' title='bbox 2805 5342 2859 5351; x_wconf 91' lang='lat'>—</span> <span class='ocrx_word' id='word_1_642' title='bbox 2891 5311 2914 5348; x_wconf 81' lang='lat'><strong>⁸</strong></span> <span class='ocrx_word' id='word_1_643' title='bbox 2933 5314 3102 5373; x_wconf 69' lang='lat' dir='ltr'>Prov„</span> <span class='ocrx_word' id='word_1_644' title='bbox 3129 5322 3280 5376; x_wconf 74' lang='lat' dir='ltr'>xvul,</span> <span class='ocrx_word' id='word_1_645' title='bbox 3313 5314 3386 5361; x_wconf 86' lang='grc'>13.</span> <span class='ocrx_word' id='word_1_646' title='bbox 3413 5335 3473 5348; x_wconf 94' lang='grc'>-</span> <span class='ocrx_word' id='word_1_647' title='bbox 3495 5315 3513 5342; x_wconf 82' lang='grc'>”·’</span> <span class='ocrx_word' id='word_1_648' title='bbox 3534 5312 3708 5376; x_wconf 72' lang='grc' dir='ltr'><strong>Ρνου.,</strong></span> <span class='ocrx_word' id='word_1_649' title='bbox 3730 5321 3883 5370; x_wconf 80' lang='lat' dir='ltr'>xxvn,</span> 
     </span>
     <span class='ocr_line' id='line_1_99' title="bbox 2359 5385 3101 5451; baseline -0.008 -10"><span class='ocrx_word' id='word_1_650' title='bbox 2359 5393 2436 5442; x_wconf 80' lang='grc'>11.</span> <span class='ocrx_word' id='word_1_651' title='bbox 2463 5413 2527 5428; x_wconf 89' lang='grc'><strong>-</strong></span> <span class='ocrx_word' id='word_1_652' title='bbox 2554 5389 2594 5426; x_wconf 85' lang='lat'>¹⁰</span> <span class='ocrx_word' id='word_1_653' title='bbox 2619 5387 2801 5451; x_wconf 66' lang='lat' dir='ltr'>Eccli„</span> <span class='ocrx_word' id='word_1_654' title='bbox 2828 5396 3022 5447; x_wconf 82' lang='lat' dir='ltr'>xxxm,</span> <span class='ocrx_word' id='word_1_655' title='bbox 3055 5385 3101 5435; x_wconf 79' lang='lat'>4.</span> 
     </span>
    </p>
   </div>
   <div class='ocr_carea' id='block_1_15' title="bbox 4142 3137 4145 4135">
    <p class='ocr_par' dir='ltr' id='par_1_15' title="bbox 4142 3137 4145 4135">
     <span class='ocr_line' id='line_1_100' title="bbox 4142 3137 4145 4135; baseline 0 0"><span class='ocrx_word' id='word_1_656' title='bbox 4142 3137 4145 4135; x_wconf 95' lang='lat' dir='ltr'> </span> 
     </span>
    </p>
   </div>
   <div class='ocr_carea' id='block_1_16' title="bbox 4140 4391 4144 5206">
    <p class='ocr_par' dir='ltr' id='par_1_16' title="bbox 4140 4391 4144 5206">
     <span class='ocr_line' id='line_1_101' title="bbox 4140 4391 4144 5206; baseline 0 0"><span class='ocrx_word' id='word_1_657' title='bbox 4140 4391 4144 5206; x_wconf 95' lang='lat' dir='ltr'> </span> 
     </span>
    </p>
   </div>
  </div>
 </body>
</html>
