4196 6294
1565 473 1925 542 PSALMUS
1969 475 2229 543 CXVIII.

299 619 554 693 diligunt
600 615 852 692 parvuli,
900 630 1023 673 non
1074 613 1272 672 aemuli
1291 656 1311 683 ,
1364 627 1487 670 non
1540 611 1781 671 subdoli
1814 631 1828 668 :

300 712 444 787 quia
466 709 700 786 parvuli
728 708 983 783 diligunt
1007 707 1346 779 infantiam3
1391 705 1623 778 aemuli,
1664 705 1835 764 mali-

301 805 445 863 tiam
454 824 473 878 ;
504 802 765 874 subdoli,
786 802 1164 861 calumniam.
1192 804 1268 859 De
1292 800 1488 875 primo
1507 802 1519 831 ¹
1541 819 1596 857 ια
1623 802 1839 875 Usque-

304 914 458 972 quo,
497 896 759 971 parvuli,
793 895 1032 968 diligitis
1077 893 1420 963 infantiam3
1460 897 1519 952 et
1561 893 1720 951 stulti
1748 909 1840 965 ea,

234 1059 240 1064 ,
306 1008 440 1067 quae
481 990 597 1048 sibi
634 993 772 1049 sunt
808 991 1008 1061 noxia,
1047 989 1329 1064 cupient?
1357 1010 1384 1044 ι)
1419 1003 1552 1046 ecce
1605 986 1840 1046 dilectio

304 1085 579 1144 infantiae.
635 1087 714 1142 De
760 1086 1023 1143 secundo
1067 1083 1342 1141 scribitur
1398 1098 1435 1140 a
1476 1082 1842 1154 Psalmogra-

306 1181 428 1256 pho
462 1178 485 1212 ²
524 1199 538 1237 :
586 1201 615 1232 «
651 1179 907 1237 Dilexisti
950 1178 1236 1236 malitiam
1290 1192 1467 1251 super
1515 1176 1844 1249 benignita-

308 1280 465 1334 tem:
493 1295 523 1330 n
556 1288 688 1333 ecce
717 1273 950 1333 dilectio
977 1273 1231 1331 malitiae.
1263 1274 1341 1328 De
1369 1271 1535 1329 tertio
1557 1273 1616 1327 ³:
1647 1289 1675 1324 α
1703 1271 1845 1331 Cha-

309 1385 509 1441 naam,
538 1367 601 1426 in
624 1383 807 1425 manu
834 1369 960 1441 ejus
987 1371 1200 1425 statera
1223 1365 1456 1434 dolosa,
1485 1363 1845 1423 calumniam

312 1462 519 1522 dilexit
565 1481 580 1519 z
611 1482 642 1519 x·
686 1478 820 1521 ecce
878 1461 1112 1519 dilectio
1163 1459 1492 1518 calumnias.
1537 1461 1644 1516 Per
1698 1459 1844 1516 Cha-

244 1581 262 1602 ·
311 1571 513 1628 naam,
550 1556 653 1631 qui
699 1558 1004 1628 negotiator
1044 1554 1453 1628 interpretatur
1467 1594 1486 1623 ,
1517 1550 1849 1625 negotiator

313 1650 602 1710 subdolus
630 1650 965 1710 denotatur.

958 1810 1214 1877 Epilogus.

385 1936 478 1994 Ait
503 1949 645 2008 ergo
671 1934 962 2008 Propheta
978 1976 996 2004 ‚
1021 1946 1287 1990 reserans
1306 1931 1470 1988 bona
1494 1945 1604 2005 pro
1633 1929 1851 2004 quibus

314 2030 527 2089 tolerat
561 2026 723 2086 mala
753 2045 768 2084 ε
797 2029 1151 2100 iniquitatem
1178 2025 1300 2082 odio
1334 2025 1496 2081 habui
1514 2065 1534 2095 ,
1564 2026 1852 2098 quantum

317 2125 396 2182 ad
420 2123 744 2198 iniquitatis
769 2136 1029 2180 errorem
1050 2118 1377 2178 odiendum
1387 2137 1407 2189 ;
1429 2119 1500 2174 Et
1518 2118 1853 2175 abominatus

317 2235 452 2288 sum,
481 2220 770 2292 quantum
804 2214 882 2274 ad
910 2212 1231 2288 iniquitatis
1268 2212 1529 2270 furorem
1553 2211 1853 2270 fastidien-

320 2311 500 2384 dum3
527 2313 713 2383 Leqem
731 2315 909 2367 autem
935 2315 1116 2376 tuam,
1148 2311 1434 2381 quantum
1464 2306 1542 2364 ad
1569 2305 1857 2381 aequitatis

321 2405 642 2463 clamorem
690 2402 1093 2470 audiendum3
1150 2403 1337 2459 Dileaei
1360 2442 1377 2471 ‚
1436 2403 1724 2474 quantum
1777 2399 1857 2458 ad

321 2499 605 2572 aequitatis
627 2512 893 2557 amorem
918 2493 1394 2554 custodiendum.

876 2719 1209 2764 vastemus
1242 2719 1300 2761 lv
1307 2745 1321 2758 .

399 2878 519 2936 164.
547 2878 755 2950 Septies
772 2878 832 2932 in
848 2874 1163 2932 dictandam
1183 2873 1309 2930 dicei
1333 2872 1458 2940 tibi,
1476 2872 1583 2927 etc.
1622 2864 1861 2926 Gladius

323 2969 745 3046 persecutionis
770 2984 893 3027 non
910 2968 1108 3026 solum
1133 2967 1203 3023 in·
1223 2962 1621 3032 saecularibus,
1648 2960 1754 3017 sed
1781 2958 1860 3017 ad

325 3064 536 3124 furoris
582 3063 888 3122 cumulum
928 3062 991 3119 in
1041 3058 1413 3133 regularibus
1465 3053 1864 3113 debacchatur

325 3160 609 3235 personis,
640 3158 758 3217 111ae
788 3172 934 3215 vero
978 3156 1351 3229 frequentant
1375 3149 1727 3208 memoriam
1754 3145 1863 3205 do-

326 3255 557 3312 minicoe
597 3251 909 3327 passionis,
938 3254 1223 3323 tanquam
1267 3242 1724 3305 consolatoriam
1774 3245 1863 3315 ty-

327 3352 583 3410 rannicoe
618 3347 1030 3408 tribulationis,
1070 3345 1294 3403 Talium
1330 3347 1543 3417 typum
1577 3338 1868 3412 Propheta

329 3446 590 3518 gerebat,
648 3459 787 3502 cum
825 3441 965 3501 talia
1014 3439 1350 3516 proferebat
1380 3455 1395 3493 :
1440 3436 1679 3508 Septies,
1724 3434 1864 3502 etc.;

330 3555 399 3598 ac
434 3540 500 3609 ,si
540 3538 760 3597 diceret
804 3537 1070 3611 patenter
1113 3552 1128 3591 ε
1168 3535 1399 3606 Septem
1434 3528 1597 3587 horis
1643 3523 1871 3584 diurnis

333 3633 539 3706 oravi,
570 3632 713 3708 quia
751 3632 990 3706 passiva
1021 3627 1248 3704 judicia
1291 3626 1606 3684 incarnatae
1640 3618 1872 3693 justitiae

331 3726 682 3785 memoravi.
720 3725 820 3783 Hic
864 3725 996 3782 lucc
1039 3723 1254 3781 clarius
1288 3718 1494 3778 videre
1534 3728 1872 3791 possumus),

336 3824 393 3879 et
420 3819 617 3879 officia
645 3818 797 3889 diei,
824 3823 881 3876 et
901 3817 1128 3891 judicia
1152 3815 1281 3874 Filii
1309 3814 1439 3885 Dei,
1466 3806 1767 3885 loquendo
1796 3804 1871 3862 de

338 3914 433 3972 die
469 3912 793 3986 artificiali,
844 3912 920 3970 de
963 3911 1161 3970 officio
1205 3906 1494 3977 diurnali,
1536 3904 1612 3963 de
1648 3900 1872 3975 judicio

335 4007 753 4082 praejudiciali,
783 4009 841 4064 et
877 4006 951 4064 de
987 4003 1208 4077 justitia
1248 3996 1712 4078 superessentiali
1732 4037 1752 4068 ,
1789 3995 1877 4052 in·

345 4102 490 4161 duta
517 4118 689 4162 carne
718 4099 975 4159 mortali.

837 4257 1109 4314 Articulus
1141 4256 1376 4328 primus.
1444 4294 1452 4306 .

412 4388 676 4446 Primum
703 4383 1025 4443 declaravit
1062 4379 1398 4449 psalmista,
1429 4391 1567 4434 cum
1594 4376 1674 4433 ait
1704 4392 1718 4431 ε
1748 4374 1879 4446 Sep-

343 4486 447 4539 ties
484 4484 547 4538 in
581 4480 703 4550 die,
736 4478 801 4536 id
832 4480 957 4549 est,
981 4491 1090 4551 per
1130 4476 1353 4547 septem
1386 4471 1564 4529 horas
1597 4466 1716 4525 diei
1743 4465 1880 4524 arti-

342 4573 552 4633 ficialis
579 4572 944 4648 mancipatas
980 4569 1143 4628 horis
1185 4566 1367 4625 officii
1405 4560 1707 4622 diurnalis.-
1739 4560 1882 4617 Sunt

3366 491 3484 553 529

1947 611 2082 670 licet
2132 613 2522 672 universitatis
2574 613 2873 686 vitiorum,
2929 615 3238 692 virtutum,
3294 622 3486 682 dono-

1947 720 2103 762 rum.
2145 706 2292 767 Vitia
2334 723 2445 766 nos
2486 707 2870 781 mortificant,
2915 709 3157 770 virtutes
3186 730 3299 773 nos
3333 716 3487 775 vivi-

1948 797 2129 857 ficant
2142 818 2160 873 3
2211 800 2374 859 dona
2414 817 2554 860 vero
2601 817 2712 860 nos
2756 803 3040 862 adversus
3081 806 3277 866 hostes
3326 808 3487 868 torti-

1949 893 2146 952 ficant.
2170 898 2248 953 De
2275 895 2466 970 primo
2487 897 2509 931 ¹·
2535 914 2551 954 ε
2588 916 2616 951 α
2636 897 2694 955 Si
2721 898 2931 972 septies
2959 899 3022 956 in
3045 901 3141 958 die
3159 905 3492 977 peccaverit

1951 987 2015 1045 in
2043 992 2097 1045 te
2134 1006 2150 1045 :
2193 1010 2221 1044 n
2255 989 2351 1048 hic
2378 1006 2487 1065 per
2510 992 2905 1065 septenarium
2931 994 3218 1054 horarum
3252 996 3492 1057 diurna-

1951 1080 2103 1138 lium
2152 1082 2465 1142 denotatur
2519 1084 2863 1144 universitas
2914 1086 3195 1147 vitiorum
3247 1091 3492 1149 mortifi-

1955 1175 2234 1233 cantium.
2269 1178 2349 1234 De
2386 1177 2649 1236 secundo
2686 1179 2950 1254 sequitur
2976 1181 2998 1216 ⁸
3042 1201 3058 1240 :
3107 1201 3136 1237 α
3180 1183 3239 1242 Si
3282 1185 3495 1261 septies

1955 1284 2274 1327 conversus
2299 1269 2473 1329 fuerit
2500 1272 2578 1329 ad
2607 1275 2694 1345 te,
2716 1293 2745 1328 n
2769 1273 2989 1332 scilicet
3006 1291 3115 1349 per
3138 1277 3494 1339 infusionem

1956 1364 2157 1436 gratiae
2190 1367 2248 1420 et
2271 1363 2573 1424 virtutum.
2614 1366 2715 1423 Hic
2749 1383 2858 1441 per
2894 1370 3295 1442 septenarium
3319 1372 3496 1432 hora-

1956 1472 2092 1514 rum
2118 1456 2480 1517 diurnalium
2504 1459 2817 1519 denotatur
2843 1461 3191 1523 universitas
3217 1465 3494 1525 virtutum

1956 1550 2396 1611 vivificantium.
2431 1556 2509 1611 De
2546 1547 2716 1613 tertio
2745 1556 2768 1592 ⁸
2800 1573 2815 1612 ε
2863 1577 2892 1608 «
2934 1557 3035 1614 Die
3061 1558 3309 1633 septimo
3338 1559 3497 1618 dilu-

1960 1644 2094 1702 culo
2159 1650 2576 1718 consurgentes
2639 1648 2991 1708 circuierunt
3042 1652 3285 1724 urbem,
3351 1654 3500 1712 sicut

1961 1737 2312 1813 dispositum
2349 1744 2472 1797 erat
2499 1740 2735 1814 septies.
2774 1760 2805 1797 n
2845 1742 2946 1801 Hic
2970 1759 3079 1817 per
3105 1747 3500 1820 septenarium

1958 1831 2244 1890 horarum
2263 1831 2624 1891 diurnalium
2641 1833 2930 1907 figuratur
2946 1838 3292 1899 universitas
3315 1840 3502 1900 dono—

1960 1941 2095 1983 rum
2123 1925 2406 1984 adversus
2432 1925 2629 1985 hostes
2651 1926 3110 1991 fortificantium.

2439 2087 2720 2145 Articulus
2753 2090 3030 2149 secundus.

2035 2209 2372 2268 Secundum
2401 2211 2857 2285 demonstravit,
2885 2232 3022 2274 cum
3050 2216 3320 2279 addidit:
3357 2225 3502 2280 Lou-

1965 2487 2344 2547 laudabiliter
2397 2490 2761 2565 invocamuS,
2809 2510 2949 2554 cum
3001 2497 3334 2560 laudabiles
3378 2503 3506 2576 eius

1968 2582 2209 2640 virtutes
2259 2581 2341 2641 ad
2389 2586 2741 2645 memoriam
2792 2603 3160 2650 revocamus.
3211 2597 3278 2652 Et
3329 2602 3505 2669 nota,

1969 2674 2138 2749 quod
2189 2675 2338 2735 sicut
2391 2676 2454 2734 in
2509 2679 2806 2755 Scriptura
2845 2681 3078 2757 legitur,
3119 2684 3251 2744 laus
3304 2688 3509 2749 divina

1966 2771 2269 2841 narratur,
2316 2772 2726 2845 annuntiatur,
2773 2774 3006 2835 dicItur.
3035 2778 3223 2838 ludaei
3266 2780 3508 2842 laudem

1967 2867 2211 2920 narrant
2262 2863 2612 2939 formantis5
2664 2869 2813 2941 Magi
2867 2869 3111 2931 laudem
3161 2877 3508 2936 annuntiant

1969 2953 2340 3014 reformantis
2352 2976 2371 3030 ;
2415 2959 2622 3033 Angeli
2657 2961 2901 3021 laudem
2944 2964 3148 3025 dicunt
3189 2972 3504 3043 regnantis,

1972 3049 2050 3105 De
2085 3049 2281 3123 primo
2309 3052 2332 3087 '¹
2375 3069 2390 3107 ε
2435 3070 2465 3106 α
2494 3053 2791 3127 Populum
2828 3056 3004 3116 istum
3039 3059 3292 3121 formavi
3328 3065 3473 3125 mihi
3491 3107 3512 3138 ,

1969 3141 2215 3202 laudem
2242 3161 2439 3205 meam
2473 3147 2737 3208 narrabit
2766 3168 2781 3208 :
2810 3170 2841 3207 x·
2882 3152 2981 3210 hic
3006 3154 3248 3215 laudem
3274 3165 3515 3219 narrant

1972 3237 2175 3296 ludaei.
2219 3241 2298 3298 De
2339 3242 2602 3313 secundo
2630 3246 2653 3281 ⁸
2684 3263 2699 3302 ε
2737 3263 2767 3300 α
2805 3251 3030 3307 Aurum
3073 3255 3131 3310 et
3167 3252 3303 3312 thus
3349 3253 3511 3314 defe-

1972 3335 2187 3405 rentes,
2232 3337 2291 3394 et
2326 3335 2568 3395 laudem
2593 3340 2844 3399 Domino
2874 3345 3284 3406 annuntiantes
3314 3365 3329 3405 ε
3360 3368 3388 3403 ι
3418 3350 3515 3408 hic

1975 3424 2217 3485 laudem
2245 3430 2594 3489 annuntiant
2618 3433 2790 3506 Magi.
2817 3437 2895 3494 De
2922 3439 3093 3498 tertio
3115 3441 3137 3477 ⁹
3160 3457 3175 3497 ε
3200 3461 3230 3497 ι
3255 3442 3517 3503 Laudem

1978 3517 2152 3578 dicite
2180 3524 2298 3581 Deo
2325 3526 2527 3583 nostro
2563 3543 2578 3583 ε
2607 3546 2636 3579 »
2667 3526 2764 3585 hic
2791 3527 3034 3590 laudem
3058 3532 3265 3593 dicunt
3288 3536 3515 3609 angeli.

2487 3682 2770 3743 Articulus
2801 3690 3011 3747 tertius.

2050 3805 2305 3864 Tertium
2325 3805 2700 3881 declamavit,
2721 3826 2861 3869 cum
2883 3812 3031 3872 dixit
3051 3832 3068 3873 τ
3089 3815 3265 3890 Super
3278 3820 3516 3891 judicia.

1980 3900 2108 3957 Haec
2147 3905 2281 3958 sunt
2317 3899 2423 3958 illa
2465 3900 2721 3976 iudicia,
2760 3920 2867 3964 seu
2912 3907 3109 3967 verius
3145 3912 3519 3988 praejudicia,

1983 4009 2117 4068 quse
2135 3992 2424 4065 ,iudicavit
2442 3995 2707 4055 humana
2731 3998 3044 4074 injustitia,
3078 4019 3185 4077 per
3210 4022 3343 4081 quae
3363 4009 3523 4081 judi-

1985 4087 2107 4145 cari
2126 4102 2251 4146 non
2280 4089 2569 4147 recusavit
2603 4089 2805 4152 divina
2828 4094 3141 4166 justitia-Et
3164 4104 3328 4174 nota,
3357 4104 3525 4177 quod

1982 4183 2108 4240 haec
2127 4181 2357 4254 iudicia
2384 4183 2618 4242 fuerunt
2642 4186 2955 4263 virulenta,
2981 4191 3263 4269 violenta,
3291 4199 3527 4272 sangui-

1986 4277 2246 4335 nolenta.
2291 4276 2541 4349 Quaeris,
2569 4294 2692 4354 quo
2728 4283 2956 4342 modo?
2994 4287 3251 4348 Fuerunt
3287 4293 3529 4364 procul-

1990 4368 2178 4428 dubio
2219 4368 2543 4443 virulenta,
2595 4375 3052 4439 amaritudinem
3098 4383 3526 4463 concipiend03

1987 4464 2251 4522 violenta
2270 4505 2290 4536 ,
2342 4481 2557 4525 manus
2609 4466 2975 4547 injiciend03
3033 4477 3489 4552 sanguinolenta
3507 4527 3526 4557 ,

1988 4557 2338 4629 sanguinem
2384 4559 2658 4621 sitiendo.
2705 4565 2784 4621 De
2836 4566 3034 4639 primo
3084 4570 3169 4628 ¹⁰:
3211 4593 3241 4628 a
3267 4576 3527 4636 Conver-

1967 2302 2083 2361 dem
2130 2303 2253 2360 dixi
2290 2304 2395 2361 tibi
2424 2322 2440 2361 :
2480 2321 2614 2363 ecce
2656 2306 3012 2368 laudifluum
3054 2310 3324 2373 diurnale
3371 2316 3505 2374 offi-
3550 2271 3725 2387 qffiffio

1967 2396 2125 2454 cium
2172 2415 2188 2453 ε
2239 2398 2423 2455 Deum
2477 2414 2736 2475 namque
2783 2401 3101 2462 laudamus
3123 2447 3139 2473 ‚
3187 2423 3323 2466 cum
3368 2424 3505 2468 eum
3532 2393 3735 2438 ”⁰⁶⁰⁸OE

148 4700 318 4747 oratio-
346 4669 507 4728 enim
532 4671 759 4742 septem
787 4665 1083 4724 orationes
1119 4659 1415 4720 canonicae
1432 4702 1453 4726 ,
1479 4657 1628 4715 sicut
1657 4655 1883 4728 septem

101 4777 186 4808 ¹³⁶⁸
221 4776 317 4838 ,w
347 4762 660 4839 petitiones
704 4759 986 4819 orationis
1028 4755 1360 4817 dominicae.
1408 4756 1541 4812 llaec
1585 4751 1672 4808 est
1708 4745 1883 4822 septi-

116 4838 308 4943 ζζῖζῗζ
347 4858 555 4918 formis
595 4855 866 4929 servitus,
911 4870 1033 4930 qua
1075 4852 1287 4927 septies
1326 4851 1390 4907 in
1433 4847 1529 4906 die
1577 4843 1883 4912 servimus,

350 4952 493 5028 quia
514 4951 672 5010 vitiis
698 4949 921 5026 expiari
941 4991 961 5022 ,
988 4946 1299 5007 virtutibus
1324 4942 1642 5012 illustrari,
1667 4936 1884 4997 charis-

159 5075 320 5130 septe·
350 5046 610 5106 matibus
641 5043 1037 5105 consummari
1074 5040 1320 5099 sitimus.
1366 5036 1530 5096 Unde
1556 5031 1887 5094 notandum

103 5137 326 5243 ἓξὲξ]
354 5143 509 5202 circa
553 5141 866 5218 septenarii
906 5139 1368 5206 sacramentum,
1409 5131 1572 5208 quod
1606 5140 1888 5187 numerus

101 5264 224 5306 tum.
354 5237 487 5298 talis
526 5242 736 5314 typum
783 5235 931 5311 gerit
974 5230 1361 5293 universitatis
1398 5224 1689 5286 moralis:
1725 5219 1889 5280 vide-

1989 4650 2135 4710 tistis
2169 4650 2232 4709 in
2285 4653 2740 4714 amaritudinem
2784 4658 3114 4736 judicium,
3171 4671 3229 4726 et
3276 4669 3530 4730 fructum

1983 4745 2220 4817 justitiae
2268 4746 2331 4803 in
2388 4747 2768 4809 absinthium.
2815 4773 2845 4809 a
2894 4756 3071 4818 Plane
3119 4768 3532 4826 converterunt

1990 4839 2177 4899 Judoei
2229 4839 2292 4898 in
2347 4841 2800 4904 amaritudinem
2858 4848 3153 4921 judicium
3214 4873 3325 4931 per
3372 4875 3536 4920 ama-

1988 4933 2310 4994 ritudinem
2362 4934 2705 5010 affectionis,
2763 4942 2822 4998 et
2871 4943 3088 5005 Pilatus
3136 4947 3390 5011 fructum
3410 4954 3534 5027 jus·

1991 5026 2128 5085 titiae
2174 5027 2239 5085 in
2287 5026 2649 5089 absinthium
2683 5047 2793 5105 per
2840 5039 3295 5104 amaritudinem
3342 5063 3538 5107 assen-

1992 5119 2176 5180 sionis
2215 5139 2230 5178 :
2289 5136 2424 5180 ecce
2462 5122 2690 5195 iudicia
2736 5127 3029 5193 virulenta
3082 5139 3535 5203 amaritudinem

1994 5214 2411 5290 concipiendo.
2451 5217 2530 5273 De
2566 5221 2828 5280 secundo
2860 5222 2937 5282 ¹¹:
2986 5245 3014 5280 α
3058 5227 3117 5287 Si
3142 5231 3362 5293 videris
3404 5238 3531 5297 vio·
3565 5259 3569 5263 ’

421 5365 442 5400 ¹
470 5367 645 5427 ΡΜ..
680 5376 720 5431 ¹,
747 5366 828 5415 22.
855 5390 917 5402 -
942 5364 966 5399 2
991 5360 1135 5413 Psal·
1169 5371 1242 5425 u,
1269 5361 1317 5409 5·
1346 5383 1407 5396 -
1431 5355 1449 5386 ε
1477 5355 1602 5413 032„
1630 5362 1726 5407 111,
1755 5351 1805 5399 -ι,
1826 5374 1889 5387 ...
1992 5353 2144 5403 xmu,
2166 5340 2486 5404 §th—Hm„
2512 5355 2595 5406 Lx,
2615 5348 2727 5395 6.-
2746 5348 2952 5414 ⁹Apoe„
2979 5358 3280 5416 xlx,5.-¹⁰
3309 5342 3535 5431 timeam,

358 5436 381 5471 ι
404 5435 543 5501 Lac..
567 5448 698 5501 xvu,
732 5440 781 5488 4.
808 5462 872 5475 -
901 5437 923 5471 ⁸
954 5434 1081 5487 ibid.
1111 5459 1175 5472 —
1206 5431 1229 5467 ⁸
1254 5430 1381 5492 1⁰³„
1418 5438 1487 5489 Vl,
1517 5427 1597 5476 ¹⁵·
1628 5449 1681 5459 ··
1725 5422 1740 5452 ⁷
1769 5422 1888 5483 tm„

595 5543 745 5591 rou.
787 5544 879 5590 ix.
3192 5526 3269 5588 34
