4196 6294
83 4605 322 4676 Compu-

147 4673 282 4783 gu'j·
352 4678 558 4758 sione,
599 4676 938 4742 dicendum
975 4676 1158 4760 quod-
1183 4695 1339 4742 vera
1372 4683 1725 4764 compassio
1761 4691 1884 4765 est,

1738 454 1991 531 CAPUT
2031 454 2106 520 x.

330 595 501 661 retro
515 642 534 671 ,
591 592 908 663 maledicit
951 593 1183 658 surdo:
1239 609 1399 675 ergo
1441 590 1593 657 facit
1649 593 1870 656 contra

328 699 486 765 illud
523 703 929 782 praeceptum.
962 699 1118 764 Item
1159 704 1485 783 peccatum
1525 700 1763 764 factum
1801 699 1869 763 in

330 805 583 888 publico
606 805 1015 871 scandalizat:
1060 825 1219 888 ergo
1253 807 1365 888 qui
1395 811 1722 889 peccatum
1752 804 1870 869 ali-

333 912 525 997 quod,
551 913 720 995 quod
737 931 865 978 non
884 918 978 978 est
999 914 1350 997 publicum,
1374 913 1670 996 publicat,
1693 931 1867 977 scan-

333 1020 592 1085 dalizat:
623 1019 733 1084 sed
758 1019 886 1099 ille,
919 1021 1033 1103 qui
1058 1021 1443 1105 obloquitur,
1472 1020 1618 1084 facit
1643 1037 1868 1103 pecca·-

332 1134 471 1192 tum
494 1127 888 1194 innotescere
909 1129 1080 1212 quod
1097 1128 1282 1194 latet:
1303 1145 1465 1211 ergo
1491 1126 1870 1192 scandalizat

333 1253 516 1313 eum,
548 1253 700 1300 cum
726 1254 857 1319 quo
887 1237 1188 1320 loquitur.

414 1340 781 1426 Respondeo
810 1342 1181 1423 dicendum,
1211 1343 1383 1426 quod
1417 1343 1528 1426 qui
1557 1341 1703 1407 dicit
1732 1361 1871 1407 ma-

337 1448 477 1512 lum
504 1449 582 1515 de
612 1448 760 1529 alio,
785 1455 897 1515 aut
922 1450 1071 1514 dicit
1094 1450 1173 1515 de
1199 1450 1564 1515 necessitate
1592 1449 1874 1532 compul-

337 1573 477 1634 suS,
522 1559 634 1620 aut
683 1555 981 1622 inductus
1021 1557 1292 1621 utilitate
1307 1606 1324 1634 ‚
1355 1560 1466 1621 aut
1509 1558 1874 1638 exagitatus

337 1663 707 1728 detrahendi
757 1664 1036 1728 libidine.
1083 1663 1263 1729 Tunc
1311 1663 1710 1747 compellitur
1753 1684 1872 1731 ne·-

339 1770 656 1849 cessitate,
696 1769 950 1852 quando
977 1770 1361 1851 astringitur
1388 1773 1703 1855 praecepto
1720 1819 1741 1851 ,
1769 1772 1871 1837 vel

336 1875 654 1957 humano,
686 1877 789 1943 vel
816 1878 1068 1943 divino:
1100 1878 1426 1959 humano,
1458 1898 1607 1944 cum
1640 1879 1790 1944 dicit
1815 1880 1873 1944 ei

337 1988 452 2072 qui
488 1990 687 2068 potest
724 1988 1094 2070 praecipere,
1129 1993 1193 2052 et
1228 1987 1514 2071 praecipit
1555 1991 1627 2052 ut
1670 1987 1836 2052 dicat
1852 2008 1870 2067 ;

337 2094 585 2174 divino,
628 2095 882 2177 quando
928 2094 1307 2159 conscientia
1355 2094 1546 2158 dictat
1588 2095 1870 2176 homini,

338 2201 509 2284 quod
552 2201 687 2283 ipse
725 2204 975 2266 tenetur
1009 2219 1306 2269 accusare
1349 2201 1720 2284 proximum
1741 2250 1758 2282 ,
1803 2205 1876 2266 ut

340 2309 733 2401 corrigatur,
762 2309 1112 2374 secundum
1139 2307 1295 2373 illud
1321 2311 1712 2392 praeceptum
1744 2309 1876 2375 Do-

339 2416 501 2480 mini
551 2416 628 2481 de
670 2417 1054 2481 correctione
1099 2417 1394 2482 fraterna.
1446 2416 1624 2481 Tunc
1679 2416 1877 2483 indu-

338 2524 503 2588 citur
544 2523 844 2604 utilitate,
890 2524 1146 2607 quando
1186 2529 1402 2589 narrat
1445 2525 1688 2589 malum
1734 2527 1877 2608 eJus

339 2631 559 2711 alicui,
590 2632 700 2715 qui
747 2635 952 2714 potest
977 2632 1274 2714 prodesse
1290 2681 1308 2711 ‚
1352 2637 1415 2697 et
1447 2651 1581 2697 non
1606 2633 1869 2699 obesse:

340 2738 503 2802 sicut
528 2738 783 2821 quando
805 2738 953 2821 quis
971 2743 1188 2803 narrat
1206 2738 1474 2818 homini,
1501 2740 1613 2822 qui
1638 2740 1872 2824 diligit,

341 2848 404 2909 et
429 2845 544 2927 qui
569 2845 974 2926 compatitur,
1004 2848 1067 2909 et
1096 2845 1286 2910 habet
1311 2845 1705 2911 voluntatem
1734 2866 1874 2913 cor-

342 2950 598 3032 rigendi
639 2950 891 3033 ipsum:
938 2952 1192 3033 quando
1228 2969 1383 3015 vero
1423 2970 1556 3017 non
1588 2955 1876 3022 conside-

341 3063 523 3123 ratur
557 3059 924 3138 necessitas,
967 3075 1086 3122 nec
1113 3057 1558 3138 ,consideratur
1593 3063 1835 3128 utilitas
1851 3112 1874 3144 ,

344 3167 593 3233 etiamsi
618 3167 700 3231 sit
716 3166 973 3244 veritas,
993 3185 1126 3232 non
1151 3173 1491 3233 excusatur
1508 3169 1879 3238 detrahendi

343 3276 638 3355 libidine,
692 3275 824 3341 imo
874 3280 1127 3360 peccato
1177 3277 1578 3343 detractionis
1625 3287 1839 3363 peccat
1858 3332 1878 3364 ,

343 3386 592 3451 etiamsi
635 3389 864 3451 verum
910 3384 1095 3450 dicat.
1144 3384 1443 3449 Rationes
1482 3386 1687 3469 igitur
1730 3408 1880 3472 quae

345 3496 648 3578 probant,
698 3493 866 3576 quod
907 3497 1232 3576 peccatum
1273 3494 1355 3556 sit
1392 3493 1599 3559 dicere
1637 3496 1880 3563 malum

347 3601 424 3665 de
462 3602 588 3666 alio
630 3600 698 3663 in
727 3599 1045 3677 absentia,
1093 3600 1504 3665 concedendae
1550 3607 1729 3683 sunt,
1759 3606 1882 3669 nisi

348 3708 726 3775 interveniat
741 3709 1001 3788 utilitas,
1024 3707 1127 3773 vel
1144 3708 1509 3774 necessitas:
1533 3714 1684 3775 tunc
1708 3713 1881 3778 enim

349 3819 555 3898 patet,
605 3816 775 3898 quod
819 3835 949 3882 non
988 3817 1225 3882 valent.
1258 3815 1440 3894 Quod
1483 3819 1780 3901 objicitur
1816 3822 1884 3885 in

348 3922 768 4002 contrarium,
798 3922 969 4005 quod
1000 3924 1250 4006 justum
1277 3927 1373 3988 est
1399 3923 1684 4004 laudare,
1716 3930 1878 4008 etc.;

349 4029 705 4109 dicendum,
735 4029 905 4111 quod
932 4030 1228 4112 quamvis
1254 4030 1434 4112 digni
1460 4037 1611 4097 sunt
1638 4035 1881 4118 vitupe-

350 4139 468 4219 ri0,
499 4154 632 4201 non
664 4140 874 4200 tamen
899 4135 1093 4202 homo
1124 4136 1309 4202 debet
1338 4139 1738 4223 vituperare;
1768 4161 1886 4208 nec

350 4249 447 4310 est
483 4243 689 4309 simile
716 4243 794 4308 de
818 4242 1036 4324 laude,
1069 4245 1221 4328 quia
1265 4247 1435 4312 fama
1459 4249 1630 4314 hona
1655 4253 1887 4317 excitat

351 4354 431 4430 ad
454 4353 732 4431 bonum,
763 4351 871 4416 sed
896 4353 1064 4416 mala
1090 4353 1167 4418 ad
1200 4355 1466 4434 malum,
1488 4361 1553 4422 et
1579 4357 1723 4426 ideo
1753 4380 1886 4426 non

350 4465 447 4527 est
472 4460 924 4545 publicandum
959 4460 1224 4526 malum.
1258 4461 1575 4530 Praeterea
1590 4514 1607 4544 ,
1634 4486 1765 4532 non
1794 4474 1890 4534 est

351 4589 569 4635 meum
600 4569 906 4653 judicare.
936 4567 1118 4645 Quod
1158 4569 1456 4652 objicitur
1490 4572 1569 4637 de
1596 4592 1888 4659 compas-

352 4785 421 4848 in
458 4802 586 4867 qua
614 4783 985 4848 vulneratur
1023 4783 1413 4866 compatiens
1431 4835 1451 4865 ,
1483 4805 1614 4851 non
1653 4788 1723 4852 in
1760 4808 1890 4872 qua

351 4892 797 4959 damnificatur
836 4891 1048 4956 miser.
1079 4890 1157 4956 Et
1193 4892 1343 4975 quia
1383 4893 1498 4958 iste
1526 4896 1591 4959 in
1627 4895 1746 4960 hac
1771 4897 1888 4962 ob-

351 4999 665 5064 locutione
703 4998 1068 5063 damniflcat
1101 5004 1527 5082 peccatorem,
1570 5002 1634 5066 id
1678 5006 1773 5068 est
1801 5006 1882 5088 (α)

349 5107 646 5185 insama,
686 5105 826 5169 ideo
852 5123 982 5170 non
1012 5106 1197 5171 debet
1222 5123 1542 5172 accusare.
1575 5108 1756 5187 Quod
1783 5112 1890 5177 ob-

347 5214 566 5296 jicitur
591 5213 671 5278 de
700 5211 953 5278 Domini
988 5212 1308 5290 mandato,
1341 5212 1680 5281 dicendum
1716 5219 1888 5300 quod

420 5377 432 5405 ¹
461 5375 641 5436 Eccli„
672 5381 771 5439 xx,
817 5375 892 5424 13.
937 5401 990 5411 —
1043 5374 1062 5404 ²
1095 5378 1256 5439 Pron,
1291 5386 1452 5440 xviii,
1491 5377 1539 5425 7.
1567 5402 1627 5413 —
1667 5378 1690 5413 ⁸
1725 5378 1889 5440 prov„

355 5457 513 5508 1¹1¹,
537 5448 616 5509 2⁰·
644 5473 707 5510 -,-
743 5447 764 5482 ⁸
791 5448 961 5518 Pron„
997 5457 1105 5510 xxv,
1145 5448 1222 5522 ξι.
1264 5473 1318 5482 -
1359 5448 1381 5483 ⁸
1408 5445 1586 5512 Supra,
1617 5460 1687 5514 u,
1721 5453 1795 5520 ις.
1828 5476 1887 5516 ·.··

1976 590 2285 657 Dominus
2322 589 2622 673 intelligit
2661 594 2833 676 quod
2869 593 3136 660 vocandi
3176 597 3358 674 sunt,
3398 594 3513 678 qui

1975 699 2241 781 possunt
2269 701 2331 762 et
2370 698 2593 763 volunt
2618 700 2950 782 prodesse:
2984 719 3132 766 cum
3157 719 3272 784 per
3296 700 3509 769 Eccle-

1976 807 2147 871 siam
2184 821 2315 868 non
2341 804 2658 887 intelligat
2684 808 3158 873 multitudinem
3175 856 3195 888 ,
3224 808 3335 874 sed
3359 826 3510 874 eum

1977 914 2087 996 qui
2126 915 2333 996 potest
2356 916 2422 979 et
2446 914 2633 979 debet
2656 917 3016 1000 corrigere:
3053 922 3117 981 et
3154 916 3267 982 tali
3294 920 3391 982 est
3414 916 3515 981 di·-

1979 1021 2274 1087 cendum.

2061 1134 2160 1194 12.
2176 1128 2519 1196 verbam-is
2537 1131 2877 1213 sapientis,
2891 1132 3011 1194 etc.
3027 1128 3204 1194 Dedit
3212 1146 3406 1213 supra
3421 1147 3521 1196 re-

1978 1236 2265 1319 medium
2305 1239 2524 1301 contra
2571 1236 2819 1322 praelati
2864 1235 3216 1315 malitiam3
3264 1236 3370 1300 hic
3413 1235 3520 1302 dat

1977 1343 2333 1409 remedium
2367 1346 2587 1408 contra
2621 1343 2867 1426 praelati
2903 1343 3268 1422 stultitiam,
3306 1345 3520 1408 osten-

1981 1450 2137 1515 dens
2160 1450 2499 1533 praelatum
2524 1449 2791 1515 stultum
2814 1467 2944 1514 non
2972 1467 3109 1514 esse
3134 1468 3517 1533 promoven-

1980 1555 2162 1635 dum,
2186 1556 2295 1622 sed
2322 1556 2534 1638 magis
2559 1556 2908 1640 praecipitio
2939 1556 3252 1637 dignum:
3285 1557 3517 1640 primo,

1980 1668 2238 1747 propter
2290 1664 2602 1729 defectum
2654 1664 2990 1729 locutionis
3036 1664 3357 1744 discretae;
3419 1683 3518 1730 se-

1981 1771 2211 1851 cundo,
2227 1776 2486 1854 propter
2498 1771 2814 1836 defectum
2841 1771 3357 1837 considerationis
3380 1790 3523 1856 pro-

1982 1877 2186 1957 vidae3
2232 1879 2418 1943 tertio
2434 1927 2450 1958 ,
2483 1882 2742 1962 propter
2782 1878 3096 1945 derectum
3139 1880 3525 1962 operationis

1981 1985 2340 2050 fructuosae.
2371 1985 2640 2069 Propter
2673 1987 2984 2052 defectum
3026 1987 3368 2051 locutionis
3393 1986 3519 2052 dis-

1983 2097 2197 2172 cretae,
2223 2092 2456 2161 stultus
2475 2094 2773 2178 seipsum
2797 2094 3189 2178 praecipitat,
3225 2095 3392 2159 sicut
3410 2113 3525 2179 per

1983 2203 2351 2268 antithesim
2377 2203 2628 2286 sapiens
2656 2202 2927 2280 exaltat,
2947 2203 3088 2268 ideo
3110 2202 3291 2268 dicit:
3329 2203 3525 2272 Verba

1984 2314 2118 2379 oris
2153 2313 2468 2392 sapientis
2498 2314 2714 2395 qratia
2725 2332 2755 2394 ;
2793 2311 2947 2396 quia
2974 2312 3042 2375 in
3078 2310 3232 2395 ipsis
3269 2315 3526 2397 propter

1984 2419 2423 2485 discretionem
2474 2419 2826 2503 acquiritur
2864 2418 3068 2500 gratia
3094 2422 3155 2481 ¹:
3197 2441 3229 2480 α
3258 2416 3526 2501 Sapiens

1985 2527 2200 2593 verbis
2243 2545 2311 2591 se
2365 2528 2577 2610 ipsum
2624 2524 2963 2591 amabilem
3004 2525 3153 2590 facit
3204 2547 3219 2590 :
3262 2548 3293 2584 1>
3329 2525 3440 2591 sed
3488 2545 3524 2591 e

1986 2639 2204 2699 contra
2241 2651 2258 2698 ι
2317 2634 2524 2701 Labia
2583 2633 2959 2716 insipientis
3021 2632 3525 2715 praecipitabunt

1986 2758 2161 2822 eunt,
2190 2742 2257 2807 id
2282 2746 2411 2821 est,
2441 2742 2639 2808 verba
2664 2757 2810 2824 quae
2853 2740 3203 2827 procedunt
3233 2739 3312 2804 de
3338 2740 3525 2805 labiis

1985 2849 2339 2932 insipientis
2381 2850 2441 2913 ¹:
2481 2871 2513 2910 α
2546 2848 2639 2915 Os
2686 2845 2861 2913 stulti
2905 2846 3198 2912 contritio
3238 2849 3414 2929 ejus,
3461 2851 3528 2913 et

1986 2956 2154 3021 labia
2170 2957 2343 3021 illius
2361 2957 2555 3021 ruina
2580 2955 2814 3020 animae
2841 2955 3002 3036 ejus,
3034 2952 3158 3018 »Et
3176 2955 3337 3020 ratio
3359 2973 3526 3037 prae-

1988 3066 2373 3150 cipitationis
2416 3069 2513 3131 est
2558 3063 2920 3129 indiscretio
2934 3111 2955 3143 ,
2996 3063 3150 3145 quia
3191 3063 3526 3130 indiscrete

1931 3235 1937 3242 .
1988 3173 2273 3251 inchoat3
2305 3173 2475 3239 unde
2508 3173 2655 3238 dicit
2686 3176 2789 3253 (v.
2819 3172 2969 3254 13):
3010 3171 3289 3239 Initium
3308 3172 3527 3239 verbo-

1989 3297 2136 3348 rum
2172 3279 2307 3365 ejus
2342 3280 2647 3348 stultitia.
2689 3279 2768 3344 Et
2794 3278 2957 3344 ratio
2996 3278 3193 3361 hujus
3218 3282 3348 3359 est,
3379 3278 3530 3363 quia

1990 3409 2124 3456 non
2155 3389 2542 3469 considerat;
2584 3388 2755 3454 unde
2783 3391 2843 3451 *ε
2879 3410 2911 3448 «
2942 3386 3167 3454 Vidisti
3202 3387 3530 3454 hominem

1989 3498 2273 3564 velocem
2295 3496 2375 3561 ad
2402 3496 2839 3580 loquendum?
2865 3494 3129 3580 stultitia
3152 3494 3361 3576 magis
3385 3513 3531 3578 spe-

1989 3606 2192 3671 randa
2209 3608 2324 3684 est,
2347 3623 2545 3687 quam
2563 3603 2736 3668 illius
2751 3603 3086 3685 correptio.
3107 3625 3139 3662 11
3160 3602 3530 3669 Indiscretio

1992 3715 2426 3789 consummat;
2457 3711 2628 3775 unde
2651 3710 2803 3774 dicit
2820 3732 2835 3774 :
2852 3710 2937 3778 Et
2958 3712 3378 3777 novissimum
3397 3712 3530 3778 oris

1992 3818 2207 3898 illiuS,
2244 3832 2419 3885 error
2455 3818 2807 3900 pessimus,
2843 3817 2996 3901 quia
3020 3817 3285 3882 stultitia
3308 3816 3376 3880 in
3404 3818 3533 3883 flne

1993 3925 2286 4009 perducit
2310 3926 2390 3990 ad
2416 3923 2796 3989 sententiam
2822 3942 3180 3989 erroneam.
3208 3923 3230 3959 ⁶
3253 3946 3284 3985 α
3310 3924 3359 3989 F
3360 3925 3533 3989 atui-

1992 4038 2090 4098 tas
2136 4032 2477 4098 stultorum
2497 4078 2516 4108 ‚
2560 4030 3026 4113 imprudentia3
3059 4054 3089 4091 n
3126 4031 3281 4114 quia
3298 4078 3316 4109 ‚
3345 4031 3532 4112 sicut,

1994 4140 2237 4205 dictum
2262 4143 2355 4203 est
2378 4142 2426 4217 ⁸,
2455 4160 2487 4199 α
2511 4136 2688 4202 Oculi
2714 4137 3010 4220 sapientis
3038 4137 3108 4202 in
3137 4138 3343 4221 capite
3368 4140 3531 4222 ejuS,

1995 4247 2227 4312 stultus
2244 4247 2312 4310 in
2336 4243 2613 4309 tenebris
2632 4243 2938 4323 ambulat,
2951 4266 2984 4305 11
3001 4245 3275 4310 ulterius
3292 4246 3361 4310 in
3384 4247 3537 4312 stul-

1996 4355 2136 4419 titia
2160 4355 2542 4437 perseverat,
2573 4351 2714 4416 ideo
2740 4350 2953 4416 subdit
2983 4356 3082 4432 (v.
3116 4353 3255 4433 14):
3289 4352 3533 4420 Stultus

1998 4463 2185 4531 verba
2224 4459 2631 4541 multiplicat.
2686 4458 2780 4522 Ita
2821 4458 3296 4542 multiplicando
3339 4460 3536 4526 verba

1999 4569 2192 4634 stulta
2228 4568 2523 4651 pertinax
2564 4566 2836 4630 efficitur
2888 4565 2958 4629 in
2998 4565 3268 4645 malitia,
3313 4570 3536 4632 contra

1998 4678 2172 4762 quod
2198 4678 2259 4742 ⁶:
2292 4698 2323 4739 α
2349 4671 2495 4739 Νο11
2529 4674 2803 4739 declines
2844 4690 2953 4737 cor
2979 4690 3199 4737 meum
3236 4672 3305 4737 in
3340 4676 3537 4741 verba

1998 4785 2299 4851 malitiae:
2328 4804 2360 4843 n
2394 4786 2458 4848 et
2483 4783 2608 4848 hoc
2647 4780 2903 4857 inutile,
2944 4784 3007 4844 et
3042 4799 3323 4861 vanum3
3366 4782 3536 4848 unde

1999 4893 2305 4959 dicitur⁷z
2334 4915 2366 4953 α
2393 4890 2516 4969 Qui
2541 4893 2790 4955 tantum
2818 4888 3017 4953 verba
3047 4891 3344 4970 sectatur,
3374 4889 3537 4956 nihil

1999 5001 2279 5067 habebit.
2322 5022 2354 5060 »
2386 4998 2465 5065 Et
2490 4997 2552 5063 ⁸:
2584 5020 2615 5057 >2
2648 4983 2770 5062 Ubi
2799 4996 2996 5060 verba
3038 5000 3188 5062 sunt
3224 4993 3532 5088 plurima.

1999 5110 2090 5174 1111
2117 5110 2484 5191 frequenter
2510 5107 2784 5188 egestas.
2812 5124 2842 5164 n

2079 5218 2343 5300 Ionorat
2359 5215 2563 5294 hamc,
2595 5216 2714 5278 etc.
2738 5209 2854 5275 Hic
2873 5208 3150 5275 secundo
3170 5211 3444 5278 ostendit
3469 5213 3539 5279 in

2001 5363 2021 5394 ⁸
2046 5361 2185 5413 Prot.
2219 5371 2338 5424 exn,
2367 5357 2415 5410 ι’.
2442 5383 2504 5397 -
2532 5360 2550 5390 ⁷
2582 5359 2749 5420 Pron„
2777 5365 2888 5419 11¹,
2920 5357 2971 5406 ’1.
2995 5381 3057 5393 -
3086 5355 3110 5391 ⁸
3136 5355 3286 5422 thid„
3312 5368 3421 5421 nv,
3450 5359 3532 5410 23.

2067 5451 2133 5515 (a)
2165 5449 2289 5502 coet.
2318 5449 2442 5500 edit.
2473 5446 2765 5528 damnificet
2790 5447 3032 5514 peccator
3057 5447 3151 5497 est.
