4196 6294
500 3816 674 3858 Calum-

465 3876 541 3919 nia
591 3876 648 3919 tri

465 3940 583 3995 plex-

462 4476 673 4520 samaria.

716 454 836 515 490

714 584 857 655 lem,
903 583 1276 656 efficientem,
1323 582 1610 641 finalem:
1663 578 1843 640 elisus
1879 574 2136 652 pertinet
2181 571 2261 631 ad

715 694 958 738 causam
1022 676 1389 736 materialem
1423 695 1441 748 3
1495 674 1662 734 elisio
1679 715 1699 746 ,
1753 672 1833 731 ad
1888 668 2203 730 formalem
2238 686 2258 739 3

715 773 961 845 elidenS,
990 772 1069 831 ad
1090 771 1478 843 efficientem3
1509 768 1748 827 effectus
1768 780 2157 840 consequenS,
2178 762 2259 821 ad

713 867 976 926 finalem.
1612 938 1623 948 ⁸

1210 939 1494 995 Articulus
1525 951 1758 1009 primus.

785 1059 974 1115 causa
1025 1053 1345 1114 materialis
1395 1052 1653 1126 tangitur
1672 1094 1694 1122 ,
1742 1066 1880 1109 cum
1927 1046 2197 1122 psallitur
2236 1065 2252 1103 ι

713 1151 932 1210 Redime
956 1167 1037 1208 me
1056 1192 1077 1222 ,
1116 1147 1286 1223 quasi
1321 1162 1432 1221 pro
1477 1146 1583 1204 vili
1620 1143 1922 1203 venditum
1948 1157 1985 1200 a
2008 1140 2257 1214 vilipen·

713 1245 911 1303 dente.
953 1247 1019 1302 Et
1051 1245 1194 1302 nota
1211 1284 1231 1313 ,
1266 1241 1433 1316 quod
1478 1241 1627 1298 sicut
1653 1238 1918 1297 innuitur
1956 1235 2020 1292 in
2064 1232 2257 1308 Scrip-

712 1339 855 1398 turis
878 1380 896 1407 ‚
945 1337 1090 1396 tales
1151 1336 1391 1394 redimit
1449 1334 1734 1394 Dominus
1781 1331 1968 1390 tribus
2016 1327 2251 1400 modis3

710 1433 930 1491 scilicet
956 1447 1065 1506 per
1098 1430 1395 1505 judicium
1429 1429 1702 1499 ultioniS,
1729 1423 2085 1484 beneficium
2113 1437 2255 1480 con-

709 1525 1017 1585 solationis
1036 1568 1055 1596 ,
1110 1524 1455 1583 incendium
1519 1520 1865 1582 dilectionis,
1930 1522 1994 1577 ln
2054 1514 2253 1591 primo

708 1620 979 1679 elidentis
1027 1618 1225 1677 feritas
1264 1618 1491 1692 judicio
1538 1616 1806 1675 referitur
1826 1634 1843 1686 3
1884 1613 1947 1670 in
1988 1610 2252 1670 secundo

709 1715 836 1772 elisi
870 1713 1146 1772 debilitas
1172 1712 1385 1771 solatio
1421 1712 1698 1769 delinitur
1714 1729 1732 1781 3
1770 1709 1834 1766 in
1860 1706 2028 1766 tertio
2055 1703 2251 1775 fortiS,

707 1812 774 1865 ut
818 1807 1003 1882 lapiS,
1044 1806 1282 1864 dilectio
1330 1820 1455 1863 non
1493 1804 1813 1876 frangitur,
1859 1801 1966 1858 sed
2002 1798 2251 1873 ignitur,

709 1918 846 1959 cum
899 1916 1012 1975 pro
1077 1897 1579 1957 calumniantibus
1632 1894 2033 1954 intervenitur.
2096 1892 2251 1963 Quid

709 1995 870 2053 enim
899 1996 986 2052 est
1012 1993 1187 2052 elisos
1213 2010 1324 2068 pro
1353 1990 1708 2050 elidentibus
1734 1987 2111 2059 intervenire,
2138 1986 2253 2044 nisi

708 2087 987 2146 scintillas
1038 2087 1244 2161 igneas
1299 2103 1372 2145 ex
1431 2085 1588 2144 elisis
1637 2083 1941 2159 lapidibus
1993 2080 2198 2139 exilire
2221 2084 2250 2138 ?

707 2184 968 2242 Primum
992 2198 1102 2258 per
1139 2181 1293 2239 illud
1331 2179 1695 2252 intelligitur,
1736 2177 1903 2252 quod
1941 2176 2157 2249 legitur
2184 2175 2198 2209 ¹
2229 2193 2244 2230 ε

712 2297 740 2331 α
768 2276 908 2334 Sion
954 2275 1018 2333 in
1050 2274 1276 2347 jndicio
1316 2273 1655 2332 redimetur.
1700 2292 1729 2327 »
1762 2270 1935 2340 Quod
1975 2272 2115 2327 tunc
2141 2268 2249 2325 im-

705 2370 964 2445 plebitur
982 2411 1003 2440 ,
1050 2386 1187 2428 cum
1231 2367 1619 2427 calumniator
1670 2365 1939 2444 fidelium
1991 2380 2097 2438 per
2148 2365 2247 2421 Dei

706 2465 919 2523 Filium
960 2463 1304 2539 perimetur.
1346 2461 1683 2520 Secundum
1720 2475 1827 2534 per
1865 2459 2017 2517 illud
2055 2457 2246 2516 innui-

707 2562 833 2632 tur,
863 2558 1030 2632 quod
1058 2556 1335 2615 astruitur
1370 2558 1393 2593 ²
1439 2575 1455 2613 ε
1494 2574 1523 2608 «
1558 2554 1907 2613 consolatus
1940 2556 2025 2611 est
2052 2551 2248 2610 Domi-

707 2668 819 2709 nus
852 2652 1148 2726 populum
1184 2665 1388 2720 suum,
1421 2649 1672 2707 redemit
1703 2647 2044 2705 Jerusalem.
2083 2667 2114 2701 n
2145 2646 2247 2705 Hic

705 2747 966 2822 populus
1007 2745 1350 2818 redimitur,
1402 2746 1570 2818 quus
1620 2743 1890 2802 debilitas
1948 2741 2243 2800 delinitur.

704 2829 960 2899 Tertium
996 2857 1104 2915 per
1139 2840 1291 2898 illud
1327 2839 1636 2913 accipitur,
1667 2838 1833 2913 quod
1868 2837 2146 2912 aspicitur
2174 2839 2196 2873 ³
2228 2856 2243 2893 ι

712 2955 739 2988 «
767 2939 832 2994 ln
867 2935 1181 2993 dilectione
1223 2950 1365 3006 sua,
1402 2933 1547 2992 etin
1574 2930 1944 3004 indulgentia
1971 2947 2079 2988 sua
2119 2931 2245 3005 ipse

705 3030 953 3089 redemit
978 3046 1110 3088 nOS.
1152 3049 1181 3084 n
1224 3029 1318 3088 Sic
1348 3027 1600 3087 redemit
1626 3026 1792 3097 illos,
1822 3041 2078 3100 quorum
2110 3024 2247 3083 cha-

704 3124 846 3184 ritas
882 3124 1026 3184 elisa
1063 3139 1185 3183 non
1220 3122 1468 3196 excidit,
1498 3122 1602 3181 sed
1641 3121 1859 3180 clarius
1898 3118 2243 3179 coruscavit.

1173 3281 1462 3339 Articulus
1496 3279 1775 3337 secundus.

775 3413 964 3468 Causa
989 3406 1256 3465 formalis
1281 3405 1565 3476 traditur,
1609 3421 1747 3462 cum
1793 3403 2006 3462 dicitur
2036 3422 2052 3461 ε
2082 3407 2128 3461 Α
2158 3421 2246 3462 ca-

704 3505 960 3571 lumniis3
990 3500 1280 3575 quoniam
1300 3498 1677 3557 venditiones
1703 3498 1844 3572 istoe,
1866 3499 2087 3573 quibus
2105 3515 2246 3558 ven-

705 3595 924 3653 duntur
962 3610 1095 3669 quse
1119 3593 1191 3667 (a)
1220 3592 1684 3667 vilipenduntur,
1718 3596 1775 3648 et
1801 3592 2248 3666 vilipendantur

703 3689 809 3763 qui
836 3687 1148 3747 calumniis
1167 3686 1483 3758 eliduntur,
1502 3691 1637 3744 sunt
1655 3686 1980 3744 calumnias.
1999 3686 2115 3747 Sed
2143 3703 2246 3746 no-

703 3787 761 3840 ta
777 3826 797 3855 ,
819 3782 987 3856 quod
1006 3780 1304 3840 calumnia
1330 3780 1635 3855 tripliciter
1661 3780 1941 3854 accipitur
1967 3781 2031 3838 in
2058 3781 2247 3855 Scrip-

653 3898 672 3908 ·
701 3881 867 3935 tura:
887 3875 1183 3935 interdum
1212 3874 1400 3932 active
1412 3892 1432 3946 3
1454 3874 1755 3932 interdum
1772 3874 2003 3947 passive
2021 3894 2039 3948 3
2062 3874 2243 3933 inter-

702 3972 847 4030 dum
867 3971 1050 4029 active
1063 3969 1285 4044 pariter
1298 3972 1354 4026 et
1365 3968 1618 4043 passive.
1635 3968 1828 4027 Prima
1847 3972 1930 4026 est
1947 3969 2247 4028 calumnia

700 4065 965 4125 facientis
979 4083 997 4138 3
1010 4063 1293 4133 secunda,
1312 4061 1585 4138 patientis
1598 4082 1615 4135 3
1629 4063 1818 4131 tertia,
1834 4062 2151 4136 diligentis.
2164 4068 2244 4123 De

700 4158 958 4233 primast:
986 4179 1013 4213 α
1033 4157 1243 4231 Audite
1271 4157 1523 4214 verbum
1553 4157 1699 4228 hoc,
1737 4172 1930 4215 vaccae
1959 4157 2242 4245 pingueS,

703 4269 836 4327 quaa
860 4251 993 4310 estis
1013 4252 1078 4309 in
1095 4253 1295 4309 monte
1312 4249 1590 4308 Samariae
1623 4271 1638 4304 ε
1663 4270 1690 4304 ι»
1720 4250 1994 4309 videlicet
2017 4250 2245 4324 praelati

703 4346 1067 4418 effoeminati,
1093 4345 1465 4420 impinguati,
1496 4344 1561 4403 in
1579 4344 1936 4404 sublimitate
1962 4347 2245 4405 custodiae

703 4440 996 4512 collocati,
1027 4440 1169 4514 quia
1194 4442 1446 4498 Samaria
1466 4439 1876 4513 interpretatur
1918 4440 2188 4499 custodia
2225 4461 2239 4499 :

701 4535 1003 4610 sequitur:
1031 4554 1061 4588 α
1080 4550 1214 4608 quae
1241 4532 1603 4591 calumniam
1630 4532 1816 4590 facitis
1845 4535 2108 4609 egeniS,»
2132 4536 2244 4594 sci-

698 4630 835 4688 licet
860 4645 982 4688 non
1009 4631 1280 4687 curantes
1308 4626 1382 4684 de
1412 4626 1688 4684 curandis
1716 4626 2062 4685 criminibus
2086 4672 2106 4700 ,
2136 4629 2242 4687 sed

699 4724 1012 4783 crumenis.
1041 4726 1186 4780 Ecce
1221 4719 1520 4778 calumnia
1551 4719 1835 4778 facientia
1871 4724 1949 4779 De
1979 4724 2243 4782 secunda

699 4818 912 4877 dicitur
936 4816 958 4852 ⁸
985 4836 999 4874 :
1038 4835 1066 4869 «
1088 4813 1543 4889 congregamini
1570 4830 1748 4888 super
1777 4820 2008 4873 montes
2036 4819 2241 4877 Sama-

696 4914 827 4984 rioe,
856 4917 911 4971 et
934 4912 1128 4971 videte
1157 4911 1417 4970 insanias
1442 4912 1658 4969 multas
1706 4912 1768 4968 in
1791 4911 1994 4970 medio
2025 4914 2152 4986 ejus
2177 4933 2236 4986 ‚n

697 5007 917 5065 scilicet
961 5009 1251 5081 quantum
1299 5005 1377 5064 ad
1423 5004 1709 5063 Ecclesias
1754 5005 2084 5079 seculares3
2131 5029 2159 5060 «
2186 5010 2242 5066 et

698 5101 1024 5159 calumnias
1050 5101 1334 5174 patientes
1360 5099 1424 5157 in
1449 5099 1855 5174 penetralibus
1881 5100 2007 5171 ejus
2048 5116 2240 5175 quan·

697 5199 824 5253 tum
852 5194 933 5252 ad
958 5193 1242 5253 Ecclesias
1267 5194 1589 5267 regulares.
1620 5197 1763 5252 Ecce
1795 5193 2094 5253 calumnia
2134 5210 2242 5269 pa-

763 5320 778 5353 ¹
810 5321 926 5382 lea„
955 5331 1001 5383 1,
1033 5322 1111 5372 27.
1141 5347 1201 5359 —
1228 5322 1251 5355 ²
1274 5321 1395 5385 Isa„
1429 5332 1534 5383 ml,
1567 5324 1616 5373 9.
1646 5347 1708 5358 -
1736 5320 1757 5354 ⁸
1782 5322 1902 5384 Iso„
1934 5333 2082 5385 1.1111‚
2109 5325 2157 5373 9.
2181 5349 2245 5360 —

710 5390 1022 5454 ‘Amoe,1v‚
1059 5394 1102 5443 l.
1132 5417 1195 5429 -
1221 5392 1242 5427 ⁸
1272 5394 1438 5455 Amos,
1469 5405 1563 5456 111,
1591 5396 1638 5443 9.
1667 5419 1730 5430 -
1754 5394 1776 5428 ⁶
1803 5393 1932 5456 Osa,
1960 5406 2063 5457 ιιι,
2092 5397 2138 5445 ’1.
2168 5419 2232 5430 -·

1760 435 2171 507 EXPOSITIO
2214 433 2294 501 IN
2335 433 2862 505 PSALTERIUM.

2368 570 2582 631 tientiS.
2615 574 2922 635 calumnia
2947 577 3079 636 talis
3106 580 3193 636 est
3218 577 3574 638 venditionis
3595 581 3899 654 praemissae

2370 681 2546 724 causa
2571 665 2854 727 formalia
2888 674 2966 729 De
2995 672 3163 730 tertia
3188 674 3247 729 ⁶:
3277 693 3304 726 α
3331 673 3628 731 chanaam
3645 716 3665 745 ,
3691 675 3756 731 in
3781 691 3898 732 ma-

2366 776 2449 817 nu
2465 761 2592 834 ejus
2609 765 2820 822 statera
2838 763 3070 837 dolosa,
3090 766 3448 826 calumniam
3470 768 3694 826 dilexit.
3706 791 3733 823 ι)
3751 770 3898 839 Quid

2366 869 2474 927 per
2517 855 2817 915 Chanaam
2836 900 2856 928 ,
2907 858 3018 917 nisi
3068 861 3400 932 negotiator
3439 865 3714 921 notatur?
3760 866 3898 921 Nam

2366 947 2664 1007 chanaam
2691 953 3023 1025 negotiator
3049 953 3479 1028 interpretatur.
3511 960 3653 1015 Ecce
3680 956 3894 1015 calum·

2364 1042 2466 1100 nia
2493 1043 2807 1118 diligentia

2866 1199 3150 1256 Articulus
3189 1204 3399 1258 tertius.

2433 1330 2618 1387 causa
2645 1329 2905 1388 efficiens
2933 1331 3283 1406 explicatur,
3312 1351 3449 1394 cum
3478 1337 3718 1397 additur
3747 1359 3762 1399 ;
3796 1343 3898 1399 Ηο·

2363 1423 2590 1479 minum.
2631 1424 2943 1493 Qualium?
2970 1428 3145 1488 Plane
3172 1447 3297 1489 non
3326 1430 3757 1506 spiritualium,
3797 1436 3897 1493 sed

2363 1515 2711 1573 animalium
2740 1535 2755 1575 ε
2794 1521 2936 1594 quia
2964 1522 3245 1582 nimirum
3271 1525 3543 1583 homines
3592 1528 3896 1586 calumniis

2364 1607 2665 1681 elidenteS,
2697 1612 2976 1673 elidendo
3001 1617 3448 1691 vilipendentes,
3478 1620 3894 1695 vilipendendo

2363 1701 2556 1761 viliter
2597 1708 3004 1769 venundantes
3022 1753 3042 1782 ,
3091 1716 3227 1770 sunt
3271 1713 3590 1784 animaleS,
3632 1715 3894 1790 spiritum

2361 1812 2484 1854 non
2510 1798 2813 1860 habentes,
2845 1805 2987 1861 Sunt
3011 1811 3210 1864 autem
3235 1809 3550 1883 ejusmodi,
3577 1812 3676 1869 vel
3701 1813 3896 1884 corde,

2362 1887 2459 1944 vel
2504 1903 2604 1945 ore
2622 1931 2642 1959 ,
2688 1891 2786 1948 vel
2835 1909 3012 1967 opere
3059 1896 3360 1970 depravati
3392 1917 3408 1955 ε
3439 1916 3700 1974 quorum
3727 1901 3894 1976 primi

2361 1980 2635 2039 dicuntur
2664 1985 2851 2043 oculis
2878 1988 3136 2047 obturati
3158 2010 3176 2062 3
3208 1993 3488 2063 secundi,
3527 1994 3896 2069 improperiis

2361 2076 2574 2134 assueti
2589 2094 2608 2149 3
2634 2079 2826 2152 tertii,
2855 2081 2975 2140 vita
3004 2082 3254 2142 delicati.
3287 2089 3365 2144 De
3393 2087 3589 2162 primo
3612 2091 3673 2145 ⁷:
3702 2109 3733 2143 ι
3751 2089 3894 2147 Dixit

2359 2168 2572 2243 home,
2604 2173 2772 2246 cujus
2808 2175 3117 2235 obturatus
3158 2183 3243 2238 est
3278 2180 3527 2239 oculus:
3562 2203 3590 2236 n
3625 2182 3733 2241 iste
3760 2200 3894 2243 sane

2362 2263 2716 2338 depravatus
2742 2271 2828 2325 est
2843 2270 3043 2328 corde.
3075 2275 3153 2329 De
3168 2274 3430 2333 secundo
3453 2277 3475 2311 ⁸
3506 2295 3520 2334 ε
3545 2294 3576 2331 α
3603 2280 3793 2336 Homo
3809 2297 3894 2338 as-

2359 2361 2559 2416 suetus
2587 2359 2648 2417 in
2676 2362 2873 2420 verbis
2899 2364 3264 2440 improperii,
3295 2367 3358 2425 in
3386 2370 3667 2428 omnibus
3692 2372 3894 2430 diebus

2359 2450 2480 2507 suis
2504 2467 2627 2510 non
2664 2455 2964 2514 erudietur
2994 2476 3007 2515 ε
3039 2479 3066 2513 »
3099 2460 3206 2517 iste
3254 2478 3495 2536 quoque
3542 2464 3895 2539 depravatus

2360 2548 2445 2602 est
2471 2561 2594 2604 ore.
2627 2551 2704 2606 De
2741 2552 2908 2609 tertio
2929 2555 2950 2587 ⁹
2982 2570 2996 2610 ε
3036 2572 3063 2606 «
3090 2557 3278 2614 Homo
3319 2556 3603 2616 delicatus
3629 2559 3692 2617 in
3721 2564 3777 2618 te
3797 2606 3816 2629 ,
3844 2565 3897 2619 et

2357 2637 2697 2700 luxuriosus
2741 2644 2919 2703 valde
2941 2689 2962 2718 ,
3012 2647 3303 2707 invidebit
3345 2651 3509 2710 fratri
3554 2669 3664 2711 suo
3698 2672 3712 2711 ε
3745 2674 3774 2711 »
3804 2655 3893 2712 hic

2359 2738 2557 2807 aperte
2587 2736 2944 2810 depravatus
2972 2746 3056 2799 est
3084 2758 3285 2817 opere.

2841 2896 3122 2955 Articuzns
3162 2905 3404 2972 quartus.

2430 3019 2614 3076 Causa
2643 3020 2838 3078 finalis
2865 3022 3213 3083 subnotatur
3231 3068 3250 3097 ,
3291 3042 3430 3086 cum
3473 3028 3750 3089 subditur
3781 3051 3794 3089 :
3833 3036 3895 3090 Ut

2357 3115 2661 3172 custodiam
2705 3117 2969 3175 mandata
3014 3122 3107 3176 tua
3148 3139 3165 3175 ε
3215 3136 3357 3179 nam
3403 3121 3649 3182 intentio
3693 3125 3895 3184 talium

2356 3207 2736 3266 venditorum
2763 3211 2997 3269 videtur
3041 3213 3286 3273 irritatio
3332 3218 3757 3278 mandatorum
3779 3263 3799 3291 ‚
3843 3225 3897 3279 et

2357 3299 2616 3360 incitatio
2644 3308 3058 3385 peccatorum,
3097 3308 3315 3382 quibus
3348 3311 3686 3371 nullatenus
3724 3331 3896 3389 opor-

2355 3400 2434 3454 tet
2462 3397 2670 3457 cedere
2690 3440 2706 3468 ,
2735 3400 2842 3458 sed
2866 3403 3146 3460 mandata
3171 3404 3595 3466 inviolabiliter
3622 3410 3898 3469 observa-

2356 3506 2441 3548 re.
2472 3495 2539 3548 Et
2559 3497 2700 3551 nota
2727 3493 2802 3550 de
2829 3496 3250 3565 mandatorum
3273 3500 3575 3573 custodia,
3606 3504 3777 3577 quod
3805 3505 3897 3562 de-

2356 3588 2459 3645 bet
2486 3588 2732 3648 existere
2759 3606 2897 3648 cum
2921 3594 3161 3665 timore,
3193 3612 3330 3652 cum
3369 3611 3609 3670 amore,
3650 3615 3792 3657 cum
3819 3599 3896 3657 vi·

2357 3697 2502 3754 gore
2540 3703 2557 3755 3
2601 3687 2806 3743 contra
2846 3686 3106 3745 tumidos
3139 3731 3158 3757 ,
3200 3689 3432 3763 tepidos
3453 3737 3473 3759 ,
3517 3698 3573 3751 ct
3609 3694 3895 3768 torpidos,

2357 3779 2434 3833 De
2460 3777 2656 3849 primo
2682 3780 2727 3815 ¹⁰
2758 3796 2824 3834 t«
2843 3780 2950 3849 Qui
2979 3780 3180 3839 timent
3203 3784 3542 3856 Dominum,
3565 3788 3901 3845 custodiunt

2358 3869 2643 3928 mandata
2668 3871 2862 3929 illius:
2891 3893 2918 3927 »
2949 3890 3083 3932 ecce
3126 3876 3546 3936 mandatorum
3589 3883 3898 3954 custodia,

2357 3980 2493 4021 cum
2521 3964 2750 4022 timore.
2782 3968 2860 4023 De
2887 3968 3148 4037 secundo
3173 3969 3207 4002 ¹¹
3245 3973 3564 4031 :momine
3593 3976 3747 4032 Deus
3774 3977 3900 4033 coeli

2356 4058 2554 4130 fortiS,
2599 4074 2817 4131 magne
2838 4103 2857 4131 ,
2905 4065 3081 4135 atque
3135 4064 3407 4123 terribilis
3425 4108 3446 4136 ,
3486 4066 3593 4141 qui
3642 4070 3898 4128 custodis

2356 4156 2595 4226 pactum
2618 4196 2637 4225 ,
2670 4156 2728 4210 et
2754 4154 3223 4214 misericordiam
3251 4175 3390 4216 cum
3419 4160 3490 4217 iis
3511 4161 3617 4235 qui
3647 4162 3900 4236 diligunt

2357 4248 2411 4302 te
2441 4288 2461 4316 ,
2489 4249 2546 4303 et
2573 4247 2911 4305 custodiunt
2936 4250 3219 4309 mandata
3246 4256 3348 4310 tua
3377 4274 3391 4309 :
3433 4274 3459 4307 n
3494 4270 3630 4313 ecce
3656 4256 3899 4314 manda-

2355 4346 2553 4397 torum
2582 4339 2922 4399 divinorum
2958 4344 3227 4402 custodia
3254 4362 3392 4403 cum
3418 4364 3641 4406 amore.
3680 4353 3758 4408 De
3786 4354 3895 4408 ter-

2364 4433 2444 4491 tio
2472 4435 2513 4468 ¹²
2543 4452 2561 4488 .·
2592 4456 2620 4488 α
2637 4434 2976 4493 confortare
2996 4478 3016 4507 ,
3047 4444 3105 4494 et
3132 4443 3256 4497 esto
3284 4439 3377 4497 vir
3401 4440 3584 4511 fortiS‚
3617 4448 3673 4500 et
3697 4444 3897 4501 obser-

2355 4543 2464 4598 va,
2494 4532 2559 4585 ut
2585 4528 2884 4587 custodias
2911 4530 3193 4590 mandata
3219 4534 3451 4591 Domini
3480 4536 3577 4593 Dei
3607 4537 3725 4594 tui:
3754 4559 3779 4591 »ι
3809 4553 3895 4595 ec-

2356 4639 2421 4680 ce
2450 4624 2866 4681 mandatorum
2899 4625 2997 4682 Dei
3041 4628 3310 4685 custodia
3350 4646 3488 4687 cum
3514 4630 3891 4703 fortitudine,

2355 4718 2451 4777 vel
2481 4719 2705 4792 vigore.

2993 4792 3246 4859 Epilogus.

2426 4905 2515 4962 Ait
2543 4919 2685 4977 ergo
2713 4905 3022 4979 Propheta,
3054 4910 3337 4983 tanquam
3362 4926 3618 4983 persona
3643 4911 3726 4969 sic
3750 4929 3893 4971 ven·

2356 5001 2514 5072 dita,
2545 5000 2824 5058 divinitus
2848 5002 3228 5076 redimenda3
3260 5004 3356 5063 vel
3397 5005 3572 5076 elisa,
3614 5007 3894 5066 divinitus

2357 5095 2641 5169 erigenda
2666 5115 2680 5153 z
2712 5097 2930 5154 Redime
2956 5114 3071 5168 me,
3100 5104 3388 5172 quantum
3412 5099 3492 5158 ad
3520 5100 3762 5174 elisum,
3792 5118 3894 5160 seu

2357 5247 2377 5282 ⁷
2407 5246 2580 5310 Num„
2617 5257 2763 5309 xxm,
2802 5249 2850 5294 3.
2892 5274 2947 5283 -
2987 5248 3005 5276 ⁸
3041 5246 3217 5309 Eccli„
3255 5259 3417 5311 11111,
3455 5251 3537 5299 20.
3575 5275 3636 5287 —-
3670 5252 3688 5281 ⁹
3727 5250 3894 5315 Dent„

2356 5330 2557 5379 xxvtn,
2585 5318 2663 5367 54.
2688 5344 2750 5354 —-
2774 5318 2814 5351 ¹⁶
2842 5318 3020 5381 Eccli.‚
3051 5329 3120 5381 ιι,
3150 5322 3228 5369 21.
3251 5345 3310 5357 —
3345 5320 3386 5354 ¹¹
3417 5322 3454 5370 Η
3485 5321 3653 5383 Esdr„
3683 5335 3729 5386 1,
3765 5325 3894 5373 5.—

2365 5394 2400 5423 ⁸²
2429 5391 2491 5442 lu
2519 5391 2657 5454 Κεφ,
2687 5401 2746 5451 11,
2777 5393 2824 5454 2,
2854 5399 2900 5441 3.
2933 5418 2987 5427 —
3023 5390 3088 5454 (α)
3118 5391 3232 5455 Leq.
3258 5392 3362 5455 qui.

3958 769 4049 812 Q.

3959 842 4069 874 num
