4196 6294
1734 402 1990 471 CAPUT
2036 403 2112 468 11.

335 562 614 613 asserere
647 592 667 625 ‚
710 537 822 609 sed
872 543 1083 626 potius
1129 542 1481 606 infirmare.
1535 539 1878 623 Propterea

335 655 675 721 dicendum
692 701 714 733 ,
747 652 922 735 quod
948 655 1046 717 est
1084 650 1263 733 loqui
1308 649 1389 715 de
1425 648 1735 714 memoria
1775 666 1878 712 sa-

334 757 565 842 pientis
592 758 656 820 et
682 755 883 833 stulti,
913 758 1027 818 aut
1055 756 1374 836 quantum
1404 752 1485 816 ad
1512 752 1736 824 Deum,
1770 754 1881 814 aut

337 869 655 947 quantum
695 863 776 926 ad
809 861 1103 927 homines
1151 883 1165 923 ε
1211 862 1267 924 si
1308 860 1635 944 loquimur
1674 877 1878 941 quan-

339 974 478 1037 tum
525 970 606 1034 ad
650 970 851 1034 Deum
882 1017 903 1048 ,
954 969 1267 1033 memoria
1312 973 1408 1032 est
1456 966 1684 1050 utique
1729 964 1881 1029 boni

339 1079 678 1161 sapientis,
706 1077 822 1160 qui
859 1076 1065 1141 studet
1108 1075 1437 1158 sapientiae
1482 1075 1562 1138 ad
1608 1072 1881 1154 gloriam

339 1187 484 1265 Dei;
517 1187 626 1252 sed
666 1189 981 1269 quantum
1021 1186 1101 1251 ad
1141 1186 1474 1264 homines»,
1510 1190 1643 1249 tam
1684 1182 1884 1247 malo-

339 1312 487 1360 rum
509 1342 527 1374 ‚
574 1312 771 1376 quam
814 1293 1131 1358 bonorum
1177 1292 1406 1357 transit
1455 1291 1767 1356 memoria
1809 1295 1886 1354 ut

341 1402 410 1465 in
442 1401 774 1484 pluribuS,
807 1401 960 1483 quia
1003 1401 1296 1466 homines
1329 1419 1533 1483 pauca
1571 1398 1879 1463 recolunt.

345 1507 410 1573 Si
438 1512 652 1572 autem
678 1508 757 1572 de
787 1508 956 1572 malo
984 1508 1268 1590 sapiente
1286 1556 1303 1587 ‚
1325 1513 1387 1572 et
1414 1525 1604 1586 vano,
1633 1524 1766 1570 non
1793 1507 1886 1568 est

346 1617 679 1693 memoria,
698 1635 817 1681 nec
839 1622 1151 1699 quantum
1181 1616 1262 1680 ad
1290 1615 1516 1694 Deum,
1538 1633 1660 1678 nec
1685 1632 1888 1696 quan-

344 1728 487 1788 tum
515 1724 595 1789 ad
642 1724 973 1804 homines;
1006 1726 1139 1789 imo
1165 1743 1401 1789 nomen
1444 1727 1587 1807 ejus
1614 1726 1884 1800 transit,

346 1837 422 1897 ut
447 1850 684 1896 nomen
713 1832 888 1897 stulti
916 1854 931 1895 :
960 1837 1023 1896 et
1049 1832 1191 1898 ideo
1218 1833 1487 1896 stultum
1510 1837 1607 1897 est
1624 1834 1887 1915 propter

349 1940 587 2004 famam
610 1939 891 2004 nominis
911 1940 977 2003 in
1007 1939 1319 2022 sapientia
1346 1939 1655 2004 laborare.
1679 1938 1888 2002 Eccle-

353 2047 575 2112 siastes
626 2052 844 2111 autem
897 2046 1182 2129 loquitur
1222 2046 1301 2110 de
1350 2046 1630 2128 sapiente
1673 2063 1844 2110 vano
1865 2093 1888 2125 ,

351 2156 464 2237 qui
494 2154 752 2219 oculum
795 2154 992 2218 habet
1036 2154 1115 2218 ad
1160 2159 1452 2232 terrena3
1500 2157 1564 2217 et
1608 2152 1891 2234 loquitur

351 2262 430 2326 de
460 2262 769 2327 memoria
795 2262 1108 2341 humana,
1134 2280 1266 2325 non
1292 2261 1534 2325 divina.
1605 2349 1609 2354 ᾗ

434 2368 593 2432 Item
637 2369 953 2452 quaeritur
979 2369 1058 2432 de
1104 2368 1261 2448 boc,
1306 2367 1474 2450 quod
1517 2366 1716 2431 dicit:
1756 2365 1888 2432 Τω-

352 2476 504 2542 duit
537 2493 632 2544 me
659 2479 811 2544 vitoe
843 2493 994 2544 meoe
1025 2478 1346 2542 videntem
1379 2474 1555 2540 mala
1585 2476 1892 2541 universa

349 2587 468 2651 sub
485 2586 637 2653 sole.
669 2585 897 2651 Contra
922 2593 939 2628 ²
975 2607 989 2647 ι
1033 2585 1258 2650 «Vidit
1286 2585 1449 2649 Deus
1489 2587 1714 2647 cuncta
1745 2600 1892 2665 quae

355 2694 611 2774 fecerat,
633 2699 698 2758 et
719 2699 899 2759 erant
921 2694 1097 2759 valde
1116 2694 1315 2757 bona:
1339 2714 1369 2751 n
1397 2708 1559 2771 ergo
1586 2708 1718 2754 non
1747 2694 1893 2754 sunt

339 2803 526 2876 ⁵mala
547 2851 564 2879 ‚
611 2803 743 2867 imo
785 2803 908 2867 hoc
948 2806 1045 2866 est
1086 2800 1483 2865 haereticum.
1529 2797 1895 2880 Respondeo

359 2910 696 2976 dicendum
725 2959 746 2990 ,
796 2911 959 2974 sicut
998 2909 1149 2974 dicit
1189 2908 1570 2990 ApostoluS,
1620 2906 1792 2987 quod
1819 2906 1889 2968 ¹:

368 3040 399 3078 α
424 3017 558 3082 Lex
593 3022 843 3097 sancta,
871 3023 934 3082 et
963 3016 1335 3081 mandatum
1377 3017 1703 3090 sanctum;
1730 3033 1760 3073 ι)
1797 3017 1892 3075 ta-

356 3144 505 3192 men
552 3145 667 3211 per
709 3127 1104 3192 occasionem
1149 3123 1521 3188 mandatum
1567 3121 1684 3201 fuit
1708 3169 1725 3199 ‚
1766 3138 1897 3185 non

355 3235 740 3300 habentibus
785 3234 1093 3317 gratiam,
1143 3231 1546 3295 mortiferum
1572 3278 1588 3305 ‚
1628 3232 1692 3292 et
1738 3245 1896 3310 ope-

355 3347 567 3407 ratum
607 3350 703 3408 est
743 3346 1016 3407 mortem
1050 3362 1066 3405 2
1101 3341 1266 3404 sicut
1309 3342 1616 3401 creaturae
1655 3335 1848 3417 justis
1872 3381 1893 3413 ,

357 3454 420 3513 et
451 3450 651 3515 Deum
689 3450 1139 3530 diligentibuS,
1170 3446 1355 3511 valde
1395 3449 1544 3508 sunt
1580 3444 1765 3507 bonae
1785 3491 1802 3520 ‚
1834 3445 1899 3507 et

358 3563 778 3639 cooperantur
802 3559 868 3622 in
897 3558 1139 3622 bonum
1157 3604 1177 3634 ,
1209 3561 1271 3620 et
1298 3554 1377 3618 de
1404 3571 1471 3616 se
1498 3556 1651 3617 sunt
1675 3552 1859 3615 bonae
1875 3573 1892 3629 ;

358 3668 570 3728 tamen
612 3666 825 3748 impiis
871 3664 1306 3747 peccatoribus
1351 3666 1415 3725 et
1456 3659 1899 3742 insipientibus

359 3773 577 3835 omnia
620 3775 1085 3837 convertuntur
1131 3772 1201 3835 in
1241 3770 1411 3834 mala
1456 3787 1571 3851 per
1618 3768 1896 3831 occasio-

355 3897 548 3957 nem;
582 3879 754 3943 unde
781 3880 804 3915 ⁸
834 3901 849 3942 ε
889 3903 920 3940 α
947 3880 1264 3943 Creaturae
1304 3876 1416 3940 Dei
1456 3881 1609 3940 sunt
1646 3876 1715 3938 in
1750 3880 1897 3940 ten-

357 3988 665 4052 tationem
724 3992 786 4050 et
838 3987 906 4049 in
967 3986 1390 4068 muscipulam
1430 3984 1699 4068 pedibus
1742 3984 1894 4047 insi-

358 4097 672 4179 pientium
711 4118 728 4174 ;
771 4118 802 4155 2>
839 4100 904 4160 et
928 4096 949 4130 ⁸
983 4117 998 4158 ε
1049 4117 1080 4154 α
1125 4095 1277 4159 Haec
1314 4095 1529 4158 omnia
1578 4093 1792 4176 impiis
1835 4096 1900 4157 et

360 4206 792 4286 peccatoribus
817 4205 887 4268 in
917 4203 1086 4267 mala
1111 4207 1595 4267 convertuntur.

442 4315 539 4377 18.
561 4313 817 4380 'Rursus
839 4312 1180 4378 detestatus
1204 4325 1370 4387 sum,
1389 4308 1521 4372 etc.
1548 4307 1903 4389 Redarguit

359 4439 554 4504 supra
581 4439 768 4485 suam
794 4419 1228 4485 curiositatem
1256 4416 1422 4479 circa
1438 4432 1629 4498 opera
1660 4415 1902 4496 sapien-

358 4529 509 4609 tiae3
554 4528 828 4594 secundo
864 4526 1198 4607 redarguit
1239 4542 1420 4587 suam
1469 4521 1900 4586 curiositatem

358 4636 526 4701 circa
538 4654 732 4719 opera
747 4636 1050 4700 humanae
1064 4631 1394 4697 industriae
1410 4629 1491 4693 ad
1509 4626 1899 4710 opulentiam

357 4745 687 4809 ordinatae.
720 4744 797 4808 Et
820 4744 944 4806 hoc
985 4740 1244 4824 quidem
1279 4738 1428 4802 facit
1470 4736 1594 4800 hoc
1627 4734 1849 4799 ordine
1879 4757 1895 4799 ε

359 4851 578 4916 Primo
605 4869 789 4915 suam
831 4847 1259 4914 curiositatem
1286 4842 1621 4925 redarguit
1644 4846 1901 4926 propter

357 4960 514 5025 honi
557 4956 935 5023 successoris
962 5004 981 5036 ,
1025 4974 1140 5019 seu
1185 4952 1459 5017 haeredis
1503 4951 1899 5015 incertitudi-

358 5066 547 5145 dem3
580 5064 859 5131 seeundo
877 5111 894 5143 ,
937 5064 1197 5145 propter
1239 5060 1624 5124 laboriosam
1664 5058 1898 5123 sollici-

358 5174 695 5253 tudinem3
739 5171 927 5237 tertio
954 5218 976 5250 ,
1022 5169 1174 5234 huic
1218 5161 1475 5252 praerert
1517 5169 1899 5251 praesentem

431 5336 443 5365 ¹
473 5336 617 5399 Gen„
643 5348 682 5402 1,
711 5338 791 5389 31.
819 5364 881 5376 —
906 5335 929 5371 ¹
956 5336 1114 5399 Rom„
1143 5344 1236 5398 vn,
1270 5335 1345 5385 22.
1374 5360 1438 5372 —
1463 5334 1482 5364 ⁸
1510 5332 1652 5399 Sap..
1680 5340 1791 5395 nv,
1821 5336 1899 5384 Η.

361 5433 422 5448 --
470 5412 491 5446 δ
535 5411 714 5475 Redi..
765 5423 924 5463 xxxix
947 5447 961 5474 ‚
1016 5411 1095 5460 32.
1135 5434 1198 5447 -
1244 5404 1271 5444 ⁸
1314 5408 1516 5473 Jerem„
1569 5418 1620 5457 vi
1639 5443 1658 5471 ,
1714 5409 1791 5457 ¹3.
1841 5430 1902 5444 —

3407 412 3526 473 605

1985 539 2413 621 voluptatem;
2465 541 2694 622 quarto
2714 586 2733 617 ‚
2778 538 2984 622 ipsam
3035 540 3523 607 sollicitudinem

1983 646 2249 712 damnat
2275 666 2390 730 per
2399 647 2625 730 judicii
2644 647 2847 712 divini
2870 648 3262 731 aequitatem.
3291 650 3529 733 Arguit

1986 773 2146 837 ergo
2169 754 2377 837 primo
2397 772 2466 818 se
2493 755 2821 819 curiosum
2845 757 3013 820 circa
3038 762 3292 822 terrena
3318 759 3530 842 acqui-

1985 862 2215 942 renda,
2245 866 2504 946 propter
2529 863 2717 928 bonae
2746 864 2942 946 prolis
2970 864 3520 944 incertitudinem3

1988 970 2140 1052 quia
2166 970 2300 1053 ipse
2329 989 2461 1034 non
2497 975 2742 1053 poterat
2785 989 3037 1054 semper
3076 973 3393 1055 possidere
3415 1022 3432 1053 ‚
3466 977 3529 1038 et

1988 1078 2253 1164 timebat
2271 1075 2563 1142 inutilem
2585 1096 3012 1142 successorem
3035 1078 3271 1144 habere
3294 1102 3312 1159 ;
3343 1098 3531 1163 prop·

1988 1187 2165 1248 terea
2196 1183 2392 1248 dicit:
2428 1187 2677 1252 Rursus
2718 1185 3071 1253 detestatus
3104 1203 3246 1253 sum
3284 1204 3531 1255 omnem

1992 1291 2391 1358 industriam
2443 1309 2680 1372 meam,
2730 1292 2794 1358 id
2840 1297 2968 1373 est,
3019 1295 3335 1359 curiosam
3385 1295 3528 1359 dili-

1990 1399 2280 1479 gentiam
2296 1445 2313 1480 ,
2343 1415 2473 1482 qua
2497 1401 2613 1466 sub
2638 1401 2765 1468 sole
2789 1401 3266 1469 studiosissime
3292 1402 3533 1471 labora-

1991 1508 2083 1585 vi,
2103 1505 2183 1570 ad
2200 1507 2341 1571 haec
2360 1508 2597 1572 scilicet
2617 1508 2786 1572 bona
2804 1510 3123 1591 augenda.
3145 1510 3208 1571 ἀ
3226 1509 3283 1574 Α
3299 1511 3533 1575 minori

1992 1633 2199 1697 usque
2224 1616 2306 1680 ad
2324 1617 2449 1698 maj
2457 1635 2636 1681 orem
2656 1635 2877 1682 omnes
2897 1618 3182 1683 avaritiae
3196 1618 3453 1682 student
3465 1641 3482 1696 ;
3495 1640 3526 1678 n

1992 1728 2057 1787 et
2098 1725 2263 1789 ratio
2309 1726 2741 1790 detestationis
2795 1727 3066 1792 infertur
3113 1751 3131 1791 ε
3181 1727 3538 1794 Habitum

1992 1831 2297 1898 hoeredem
2341 1839 2489 1914 post
2542 1849 2671 1912 me,
2738 1837 2832 1912 (v.
2892 1836 3000 1915 19)
3053 1851 3233 1917 quem
3285 1838 3533 1918 iqnoro,

1995 1944 2215 2006 utrum
2264 1941 2525 2022 sapiens
2543 1987 2566 2019 ,
2596 1958 2684 2007 an
2727 1942 2965 2009 stultus
3007 1944 3268 2024 tuturus
3293 1946 3404 2011 sit.
3435 1943 3555 2030 Ad,

1994 2047 2271 2111 litteram
2290 2096 2307 2124 ‚
2340 2045 2641 2113 Salomon
2681 2049 2906 2114 habuit
2940 2050 3223 2114 Roboam
3270 2049 3537 2116 stultum

1995 2153 2241 2234 filium,
2269 2156 2383 2236 qui
2405 2160 2661 2220 secutus
2682 2156 3022 2221 consilium
3043 2159 3364 2240 juvenum
3392 2158 3539 2223 fecit

1995 2261 2196 2325 dividi
2221 2281 2523 2343 regnum.
2553 2265 2646 2331 Et
2663 2262 3110 2331 dominabitur
3127 2267 3202 2332 in
3216 2265 3539 2332 laboribus

1996 2371 2178 2447 meis,
2202 2371 2437 2452 quibus
2462 2370 2805 2452 desudavi,
2834 2377 3148 2455 quantum
3175 2375 3255 2437 ad
3284 2392 3535 2457 corpus,

1999 2483 2059 2543 et
2103 2476 2423 2545 sollicitus
2464 2467 2598 2558 tui,
2632 2483 2946 2562 quantum
2992 2481 3072 2545 ad
3119 2482 3424 2545 animam.
3459 2480 3542 2545 De

1999 2583 2125 2648 hoc
2150 2585 2381 2649 sudore
2403 2586 2425 2623 ⁶
2458 2608 2473 2648 ε
2519 2609 2550 2646 α
2579 2584 2649 2649 ln
2690 2588 2921 2651 sudore
2946 2587 3164 2652 vultus
3190 2589 3283 2653 tui
3322 2606 3543 2653 vesce-

1999 2691 2091 2753 ris
2133 2709 2296 2774 pane
2343 2696 2479 2756 tuo,
2519 2715 2550 2752 ι)
2586 2691 2674 2757 De
2721 2694 3141 2759 sollicitudine
3166 2701 3190 2737 '¹
3222 2715 3240 2759 z
3279 2720 3310 2758 a
3341 2695 3544 2760 Nolite

2000 2798 2249 2862 solliciti
2278 2817 2416 2864 esse
2442 2800 2678 2865 animae
2706 2806 2933 2866 vestrae
2952 2850 2973 2882 ,
3006 2802 3157 2885 quid
3198 2803 3543 2868 manduce-

2000 2904 2116 2983 tis,
2148 2907 2262 2968 aut
2304 2907 2555 2989 corpori
2581 2910 2830 2986 vestro,
2875 2909 3030 2991 quid
3070 2909 3473 2988 induamini3
3503 2932 3535 2970 n

2002 3014 2067 3075 et
2094 3011 2252 3077 illud
2279 3017 2376 3077 est
2400 3012 2582 3078 valde
2613 3033 2852 3078 vanum
2877 3062 2895 3092 ‚
2924 3016 3093 3080 unde
3121 3015 3313 3081 dicit:
3347 3018 3431 3083 Et
3449 3026 3545 3084 est

2001 3120 2360 3203 quidquam
2402 3128 2537 3189 tam
2565 3139 2807 3190 vanum
2824 3125 2860 3188 Ρ
2885 3124 3108 3208 supple
3127 3175 3145 3206 ,
3171 3125 3336 3190 sicut
3360 3125 3543 3191 labo-

2002 3246 2146 3292 rare
2174 3229 2436 3294 sollicite
2456 3249 2570 3313 pro
2600 3231 2794 3296 stulto
2818 3232 3100 3311 curioso;
3124 3235 3310 3312 quasi
3334 3235 3541 3300 dicat:

2002 3333 2166 3399 Non.
2209 3334 2308 3400 Ex
2347 3336 2548 3418 huJus
2587 3338 2794 3418 igitur
2837 3339 3139 3404 vanitatis
3180 3341 3548 3406 considera-

2003 3441 2176 3505 tione
2190 3445 2463 3507 cessavit
2480 3463 2519 3507 a
2536 3444 2894 3510 curiositate
2913 3468 2929 3524 ;
2953 3446 3122 3511 unde
3145 3448 3295 3513 dicit
3312 3450 3395 3531 (v.
3419 3451 3541 3529 20):

2016 3548 2189 3614 Unde
2215 3549 2490 3628 cessavi,
2519 3552 3048 3633 renuntiavitque
3076 3566 3184 3619 cor
3207 3571 3416 3621 meum
3448 3558 3543 3623 la·

2006 3656 2225 3724 borare
2257 3657 2370 3723 sub
2395 3658 2522 3725 sole
2538 3707 2559 3738 ,
2587 3659 2653 3722 id
2679 3664 2802 3738 est,
2835 3678 2951 3742 pro
2978 3660 3163 3725 bonis
3187 3664 3549 3746 temporali-

2004 3764 2150 3829 bus.
2184 3765 2478 3845 cessavi,
2514 3766 2580 3829 in
2603 3785 2833 3849 opere;
2866 3767 3411 3854 Renuntiavitque
3441 3788 3549 3838 cor

2004 3888 2212 3937 meum
2240 3921 2259 3953 ,
2311 3872 2382 3936 in
2432 3874 2791 3938 voluntate
2833 3872 2956 3939 Sed
3006 3894 3244 3941 avarus
3291 3884 3549 3962 propter

2005 3977 2129 4042 hoc
2155 3997 2288 4044 non
2333 3983 2536 4043 cessat
2563 3984 2586 4020 ⁸
2619 4002 2635 4044 :
2678 4004 2708 4039 (ι
2737 3979 2912 4044 Unus
2940 3987 3070 4061 est,
3103 3987 3167 4047 et
3195 3986 3545 4051 secundum

2005 4103 2136 4149 non
2160 4086 2384 4163 habet,
2428 4093 2490 4151 et
2517 4093 2729 4152 tamen
2761 4089 3049 4155 laborare
3075 4096 3206 4156 non
3235 4098 3437 4158 cessat
3459 4116 3476 4172 ;
3507 4118 3541 4156 n

2006 4195 2071 4256 et
2095 4196 2323 4276 repetit
2348 4194 2660 4259 rationem
2685 4244 2705 4274 ,
2736 4215 2935 4279 quare
2962 4201 3235 4262 cessavit
3271 4203 3356 4280 (v.
3386 4202 3484 4285 2¹)
3526 4224 3542 4265 z

2006 4298 2175 4365 Nam
2197 4317 2339 4365 cum
2363 4302 2539 4367 alius
2565 4301 2801 4370 laboret
2827 4305 2902 4370 in
2930 4307 3287 4387 sapientia,
3312 4307 3379 4371 in
3408 4326 3550 4373 eor-

2007 4407 2117 4485 de3
2144 4413 2205 4473 et
2248 4402 2327 4473 'in
2371 4408 2706 4489 doctrina,
2736 4409 2807 4474 in
2839 4428 2947 4475 ore
2984 4434 2998 4475 z
3033 4415 3196 4479 etin
3226 4413 3547 4481 sollicitu-

2006 4514 2162 4581 dine
2181 4564 2199 4595 ‚
2231 4516 2300 4579 in
2327 4534 2548 4599 opere;
2590 4518 2843 4584 homini
2885 4521 3084 4588 otioso
3126 4523 3404 4604 quoesita
3441 4522 3547 4589 di-

2007 4624 2231 4689 mittit.
2260 4623 2340 4688 Et
2383 4642 2467 4688 ex
2505 4625 2627 4689 hoc
2675 4626 2990 4691 concludit-
3036 4629 3386 4693 vanitatem
3417 4652 3436 4692 :
3466 4630 3549 4698 Et

2008 4729 2124 4798 hoc
2141 4745 2282 4813 erqo
2309 4732 2572 4798 vanitas
2590 4739 2653 4800 et
2670 4750 2973 4817 maynum
2989 4735 3230 4802 malum
3247 4760 3272 4802 .·
3289 4739 3549 4806 vanitas

2009 4837 2305 4920 quidem,
2336 4838 2490 4921 quia
2514 4839 2752 4905 divitiae
2798 4842 3251 4926 relinquuntur
3294 4845 3545 4910 homini

2006 4946 2264 5025 inutili3
2296 4946 2405 5011 sed
2451 4964 2757 5031 maqnum
2798 4950 3037 5016 malum
3055 5001 3074 5033 ,
3103 4951 3277 5017 unde
3301 4953 3496 5036 Hugo
3526 4972 3544 5018 t

2017 5080 2048 5117 α
2076 5055 2390 5138 Magnum
2419 5057 2662 5122 malum
2692 5062 2820 5141 est,
2856 5064 2933 5123 ut
2967 5061 3139 5126 unde
3179 5080 3350 5127 unus
3388 5066 3546 5128 atte-

2009 5163 2178 5229 ritur
2194 5163 2435 5244 labore,
2458 5164 2618 5230 alter
2634 5166 2833 5232 otiose
2849 5171 2914 5232 et
2932 5167 3148 5234 illicite
3165 5170 3489 5239 abutatur.
3504 5195 3538 5237 ι»

2010 5330 2030 5359 ·
2067 5328 2211 5452 Ggm,
2257 5338 2349 5393 ιη,
2398 5329 2475 5379 19.
2517 5353 2578 5366 —
2627 5329 2646 5359 '
2692 5328 2896 5396 Mutila,
2940 5342 3022 5399 n,
3062 5334 3145 5385 25.
3195 5360 3256 5371 —
3303 5334 3322 5365 ⁸
3368 5334 3552 5401 Enete„

2011 5413 2085 5465 ιν,
2149 5437 2163 5453 .
