4196 6294
1371 522 1451 608 ῘΝ
1491 527 2062 606 HEXAEMERON.
2108 534 2370 609 SERMo
2416 526 2530 613 lv,
3459 544 3525 622 si

401 680 499 747 hoc
518 678 657 764 ipso,
686 680 861 763 quod
890 684 1010 759 est,
1041 679 1117 744 ad
1142 678 1412 744 alterum
1442 681 1559 743 est.
1582 675 1888 742 Similiter

401 787 715 851 differentiae
757 788 844 852 ad
876 806 1085 869 genus
1108 787 1499 851 reducuntur
1514 834 1536 864 ,
1575 789 1654 849 ut
1692 802 1888 849 merae

399 895 730 978 privationes
760 896 845 958 ad
874 913 1025 960 suos
1050 895 1352 960 habitus„

462 1002 711 1067 Secunda
739 1002 977 1068 divisio
1003 1006 1095 1067 est
1122 1003 1188 1066 in
1221 999 1584 1065 universale
1603 1048 1620 1078 ,
1654 1002 1891 1081 011131·-

393 1112 644 1192 ticulare3
685 1116 752 1176 et
808 1112 979 1176 circa
1016 1113 1138 1176 hoc
1179 1127 1465 1192 magnus
1513 1108 1634 1173 fuit
1687 1125 1887 1171 error.

394 1221 567 1303 Aliqui
603 1221 825 1284 dicunt
856 1221 906 1299 ¹,
945 1220 1116 1303 quod
1159 1217 1523 1284 universale
1552 1216 1717 1280 nihil
1759 1219 1888 1294 est,

388 1329 489 1391 nisi
523 1328 583 1392 in
608 1328 860 1408 anima;
895 1327 1069 1392 Plato
1095 1326 1346 1410 posuit,
1378 1324 1549 1407 quod
1578 1324 1786 1386 solum
1823 1324 1890 1385 in

387 1434 513 1514 De03
540 1436 673 1514 alii,
713 1435 885 1519 quod
931 1434 1139 1498 solum
1175 1434 1244 1497 in
1276 1433 1515 1496 anima.
1561 1429 1669 1494 Isti
1699 1430 1892 1493 nimis

383 1544 749 1608 abstrahunt.
782 1543 954 1622 Dico,
985 1542 1156 1625 quod
1183 1544 1278 1605 est
1301 1538 1663 1604 universale
1686 1556 1891 1601 unum

382 1651 446 1715 ad
481 1652 671 1715 multa
698 1698 716 1727 ,
760 1669 964 1715 unum
1004 1649 1073 1713 in
1118 1647 1337 1712 multis
1357 1695 1378 1727 ‚
1414 1665 1621 1711 unum
1658 1650 1892 1729 praeter

380 1759 570 1823 multa.
596 1757 818 1823 Unum
841 1758 921 1821 ad
940 1756 1143 1821 multa
1168 1760 1264 1820 est
1290 1755 1357 1818 in
1386 1754 1670 1839 potentia
1698 1757 1895 1818 mate-

379 1865 511 1945 riae,
556 1867 727 1949 quod
771 1884 905 1929 non
951 1869 1048 1929 est
1089 1863 1519 1946 completum;
1571 1880 1777 1926 unum
1824 1862 1893 1925 in

378 1973 564 2037 multis
587 1973 917 2057 partibus,
948 1976 1013 2036 et
1039 1990 1245 2035 unum
1284 1975 1520 2052 praeter
1548 1969 1752 2033 multa
1772 2017 1794 2048 ,
1825 1968 1892 2032 in

376 2082 597 2160 anima;
626 2100 841 2145 unum
870 2084 1088 2144 autem
1117 2079 1196 2144 ad
1224 2079 1451 2157 multa,
1487 2081 1549 2142 et
1580 2096 1787 2140 unum
1825 2076 1894 2139 in

377 2189 585 2269 multis,
611 2193 676 2253 et.
702 2207 910 2253 unum
940 2190 1173 2271 praeter
1193 2186 1419 2264 multa,
1450 2185 1518 2247 in
1547 2188 1683 2248 arte
1711 2188 1894 2249 aeter-

373 2312 446 2358 na
468 2300 627 2360 suut.
662 2293 786 2359 Per
813 2293 990 2357 illam
1028 2292 1201 2355 enim
1230 2297 1433 2356 artem
1479 2295 1543 2355 et
1578 2292 1894 2355 rationem

376 2404 631 2467 consistit
657 2404 726 2465 in
756 2420 828 2465 re
859 2424 875 2465 ι
908 2400 1172 2483 planum
1201 2402 1296 2463 est
1322 2398 1492 2462 enim
1514 2448 1532 2477 ,
1564 2399 1736 2480 quod
1766 2398 1895 2462 duo

373 2507 640 2575 homines
673 2508 1145 2584 assimilantur,
1184 2509 1246 2571 et
1285 2523 1416 2570 non
1457 2505 1652 2569 homo
1681 2509 1742 2569 et
1768 2506 1896 2568 asi-

371 2633 501 2680 nus,
550 2617 727 2699 Ergo
776 2612 1034 2680 necesse
1082 2617 1212 2693 est,
1268 2616 1342 2676 ut
1378 2612 1487 2675 illa
1541 2612 1892 2677 similitudo

372 2724 674 2803 fundetur,
706 2729 769 2788 et
796 2722 1153 2787 stabiliatur
1179 2721 1248 2785 in
1283 2721 1498 2803 aliqua
1525 2722 1730 2784 forma
1764 2725 1893 2784 sta-

372 2830 509 2894 bili:
538 2851 665 2896 non
696 2851 846 2915 quae
873 2835 968 2895 est
1003 2831 1071 2895 in
1104 2829 1301 2894 altero
1324 2878 1344 2908 ,
1363 2829 1529 2912 ,quia
1554 2828 1665 2892 illa
1696 2828 1897 2910 parti-

371 2938 585 3003 cularis
610 2944 753 3004 est:
786 2957 943 3020 ergo
970 2939 1039 3001 in
1068 2937 1283 3020 aliqua
1306 2936 1682 3001 universali.
1716 2936 1896 3000 Ratio

372 3050 565 3109 autem
591 3046 974 3111 universalis
992 3064 1126 3109 non
1145 3049 1242 3109 est
1265 3048 1399 3109 tota
1420 3044 1490 3107 in
1511 3044 1755 3119 anima,
1786 3045 1897 3108 sed

374 3151 434 3215 in
464 3172 529 3218 re
561 3154 920 3219 secundum
962 3170 1330 3236 processum
1358 3151 1615 3233 generis
1643 3150 1723 3214 ad
1751 3169 1895 3233 spe-

375 3259 553 3324 ciem:
573 3265 677 3340 ut,
701 3260 1158 3325 conveniemus
1185 3258 1392 3342 primo
1420 3258 1487 3321 in
1517 3259 1892 3335 substantia,

375 3367 527 3431 utin
553 3366 1075 3450 generalissim03
1122 3366 1349 3432 deinde
1374 3365 1444 3428 in
1475 3365 1615 3429 aliis
1634 3413 1656 3443 ,
1688 3384 1896 3449 usque

378 3474 449 3537 ad
472 3475 731 3539 formam
755 3474 1042 3540 hominis
1068 3473 1451 3538 ultimatam.

447 3580 644 3647 Tertia
669 3583 897 3648 divisio
924 3585 1020 3646 est
1043 3581 1367 3664 potentiae,
1396 3585 1459 3644 et
1485 3583 1666 3644 actus
1693 3602 1712 3642 .·
1740 3584 1803 3644 et
1830 3581 1898 3644 in

380 3685 488 3753 hoc
512 3695 656 3754 sunt
684 3690 871 3756 multi
900 3708 1172 3753 errores„
1200 3689 1426 3753 Dicunt
1446 3688 1708 3772 quidam
1727 3688 1899 3771 quod

384 3799 542 3860 actus
565 3797 722 3861 nihil
749 3796 940 3861 addat
964 3814 1157 3879 super
1183 3794 1530 3878 potentiam
1549 3842 1565 3874 ,
1598 3793 1725 3857 nisi
1757 3812 1896 3858 mo·

385 3900 521 3967 dum
544 3904 821 3983 essendi,
850 3902 1207 3966 secundum
1235 3900 1620 3983 completum
1647 3948 1666 3979 ,
1706 3905 1769 3964 et
1794 3901 1893 3966 in-

385 4013 763 4094 completum.
795 4010 940 4076 Non
966 4009 1293 4093 loquimur
1329 4008 1409 4072 de
1432 4007 1715 4092 potentia
1741 4025 1899 4090 pure

384 4122 633 4201 passiva,
670 4120 780 4186 sed
820 4120 900 4185 de
945 4118 1055 4182 illa
1087 4135 1233 4201 quae
1276 4115 1650 4199 producitur
1684 4115 1765 4180 ad
1795 4133 1900 4179 ac-

385 4227 532 4293 tum.
562 4227 817 4293 Necesse
845 4230 943 4291 est
968 4226 1174 4305 enim,
1219 4242 1372 4288 eum
1411 4224 1480 4287 in
1506 4224 1686 4289 omni
1725 4242 1898 4287 crea-

386 4338 516 4399 tura
546 4338 819 4419 potentia
861 4337 1069 4402 activa
1097 4338 1437 4418 conjuncta
1480 4334 1561 4398 sit
1605 4334 1903 4417 potentias

385 4443 651 4524 passim,
692 4444 864 4528 quod
900 4444 1026 4508 inae
1053 4443 1199 4508 duae
1227 4441 1527 4525 potentiae
1554 4440 1904 4505 fundentur

387 4566 560 4632 super
576 4553 822 4618 diversa
846 4551 1165 4635 principia
1190 4550 1307 4614 rei.
1330 4548 1417 4614 De
1444 4548 1725 4632 potentia
1751 4566 1899 4631 quae

389 4661 473 4720 oet
496 4659 645 4724 ratio
672 4659 1017 4739 seminaIiS,
1047 4660 1190 4723 haec
1217 4662 1312 4722 est
1335 4658 1434 4721 vis
1457 4679 1473 4736 3
1506 4657 1663 4740 quia
1686 4659 1904 4739 poten·

389 4762 467 4826 tia
498 4765 630 4830 talis
669 4787 861 4851 super
896 4772 1110 4832 actum
1160 4765 1393 4831 alicubi
1439 4765 1613 4830 addit
1657 4766 1903 4847 partem

391 4873 611 4938 essendi
648 4876 754 4941 vel
806 4876 1098 4940 essentiae
1145 4896 1162 4939 :
1221 4881 1298 4939 ut
1344 4891 1538 4956 super
1593 4870 1904 4937 rationem

394 4983 645 5061 emporis
694 4982 870 5047 addit
918 4983 1274 5046 animatum
1321 4979 1673 5046 secundum
1721 4997 1859 5043 rem
1882 5026 1898 5058 ,

398 5098 502 5164 pro
523 5105 620 5170 eo,
659 5089 832 5173 quod
870 5090 1153 5154 animato
1199 5088 1443 5171 aliquid
1482 5091 1606 5166 est3
1650 5085 1908 5169 organi-

403 5196 590 5258 ntum
610 5202 821 5263 tamen
849 5196 1064 5277 addit,
1091 5200 1169 5262 ut
1198 5214 1391 5280 super
1418 5194 1775 5260 animatum
1805 5194 1911 5258 ad-

410 5297 502 5363 dat
527 5306 832 5386 sensibile,
862 5310 929 5370 et
968 5305 1060 5370 sic
1103 5323 1309 5388 usque
1355 5301 1436 5369 ad
1484 5302 1814 5368 hominem
1858 5303 1906 5366 ².

470 5461 487 5495 ¹
510 5466 659 5531 Arist„
682 5467 739 5518 de
761 5469 953 5532 anim„
978 5467 1070 5520 lib.
1100 5468 1151 5531 1,
1176 5470 1303 5518 text.
1332 5469 1380 5519 8.
1410 5493 1467 5504 -
1495 5466 1518 5499 ¹
1547 5464 1694 5526 thid„
1724 5464 1815 5515 lib.
1848 5464 1912 5527 ll,

424 5531 528 5583 lext-
550 5539 619 5587 31.
643 5565 703 5576 —
725 5541 789 5604 (α)
820 5540 905 5591 ΔΙ.
933 5539 1009 5590 fit.

1996 675 2101 741 Sic
2158 677 2447 745 similiter
2511 683 2588 748 de
2658 686 2955 768 potentiis
3020 686 3254 754 animae
3273 737 3294 768 ,
3364 692 3537 773 quod

1994 785 2163 849 sicut
2206 789 2578 869 tetragonus
2611 792 2790 856 ‘addit
2835 810 3044 857 unum
3095 795 3413 877 angulum
3458 800 3539 864 ad

1996 891 2369 974 trigonum,
2411 900 2472 959 et
2509 903 2918 980 pentagonus
2962 901 3041 965 ad
3083 905 3534 984 tetragonum3

1997 999 2089 1062 sic
2133 1001 2513 1066 sensitivam
2561 1005 2641 1069 ad
2696 1007 3135 1088 vegetativum
3159 1058 3177 1090 ‚
3234 1014 3298 1074 et
3345 1013 3540 1077 ratio-

1997 1106 2143 1170 nale
2188 1107 2267 1171 ad
2303 1110 2698 1176 sensitivam.
2729 1113 3086 1196 Aliquando
3114 1120 3331 1180 autem
3367 1119 3541 1184 addit

1999 1213 2209 1277 solum
2250 1216 2515 1279 modum
2559 1219 2842 1300 essendi,
2897 1226 2972 1285 ut
3018 1223 3096 1287 de
3134 1241 3268 1288 uno
3311 1224 3381 1288 in
3424 1245 3542 1309 po-

1996 1321 2236 1400 tentia,
2299 1323 2411 1385 fiat
2461 1342 2667 1388 unum
2716 1325 2785 1389 in
2843 1333 2990 1393 actu
3032 1352 3046 1393 ε
3106 1332 3278 1396 addit
3331 1333 3540 1399 solum

1998 1428 2265 1492 modum
2306 1431 2592 1511 essendi,
2643 1434 2795 1514 quia
2847 1454 3057 1501 unum
3101 1457 3230 1502 non
3278 1444 3540 1523 conjun-

2002 1535 2185 1616 gitur
2244 1538 2531 1602 materiae
2595 1539 3001 1622 simpliciter,
3076 1546 3183 1608 sed
3257 1550 3538 1615 materiae

2001 1642 2257 1706 habenti
2285 1644 2488 1709 vitam
2514 1645 2585 1708 in
2612 1649 2896 1728 potentia
2923 1650 3203 1717 radicali.
3232 1652 3408 1720 Unde
3437 1657 3538 1720 in-

2001 1767 2234 1813 sanum
2253 1755 2349 1815 est
2364 1751 2589 1831 dicere,
2611 1755 2782 1835 quod
2802 1756 3027 1821 ultima
3050 1759 3255 1825 forma
3273 1763 3544 1828 addatur

2000 1858 2286 1921 materiae
2314 1859 2539 1941 primae
2582 1862 2720 1925 sine
2747 1863 2984 1946 aliquo,
3016 1867 3120 1930 vel
3146 1871 3314 1950 quod
3344 1872 3422 1935 sit
3461 1873 3539 1955 (a)

2000 1966 2141 2045 ejus
2163 1964 2506 2048 dispositio,
2544 1968 2648 2031 vel
2675 1968 2745 2031 in
2775 1973 3059 2052 potentia
3088 1975 3169 2038 ad
3198 1975 3408 2058 illam,
3441 1979 3544 2042 vel

2000 2070 2178 2135 nulla
2204 2071 2410 2136 forma
2437 2073 2786 2155 interjecta.

2083 2178 2321 2255 Quarta
2349 2180 2575 2245 divisio
2613 2186 2707 2246 est
2745 2183 2816 2247 in
2847 2204 3086 2267 unum,
3122 2193 3185 2253 et
3220 2191 3453 2270 multa3
3484 2197 3549 2256 et

2005 2285 2082 2349 de
2110 2285 2221 2349 illa
2247 2287 2436 2351 multi
2464 2292 2613 2353 sunt
2637 2308 2906 2356 errores.
2927 2293 3194 2371 Quidam
3218 2296 3544 2379 dixerunt,

2002 2393 2176 2477 quod
2218 2396 2436 2459 omnia
2482 2401 2632 2462 sunt
2675 2417 2910 2480 unum,
2958 2405 3032 2465 ut
3076 2404 3239 2468 sicut
3279 2426 3409 2471 una
3452 2413 3549 2474 est
3626 2401 3639 2414 ’

2002 2502 2292 2580 materia,
2322 2503 2412 2566 ita
2437 2523 2571 2568 una
2597 2505 2801 2571 forma
2829 2508 3142 2590 radicaliS,
3182 2514 3245 2575 et
3273 2517 3547 2595 postmo-

2004 2608 2162 2673 dum
2220 2609 2709 2694 multiplicatur,
2768 2618 2831 2678 et
2885 2617 3237 2681 secundum
3286 2623 3548 2687 modum

2004 2717 2252 2782 essendi
2284 2719 2606 2800 variatur,
2652 2723 2717 2785 et
2754 2723 2880 2786 hoc
2922 2723 3085 2787 nihil
3121 2724 3294 2790 aliud
3334 2734 3428 2792 est
3454 2731 3549 2793 di-

2005 2842 2184 2903 cere,
2229 2844 2423 2908 quam
2469 2828 2640 2909 quod
2689 2827 2799 2891 illa
2837 2832 3236 2913 propositio:
3270 2857 3306 2896 α
3345 2835 3551 2903 Homo

2006 2938 2102 2997 est
2127 2934 2347 2997 asinus
2364 2982 2381 3012 ,
2409 2954 2440 2991 n
2475 2934 2556 2997 sit
2586 2953 2741 2999 vera
2767 2938 2881 3019 per
2917 2956 3015 3017 se,
3046 2938 3203 3003 falsa
3242 2959 3357 3022 per
3383 2946 3549 3008 acci-

2006 3040 2184 3104 denS.
2201 3038 2381 3103 Unde
2408 3039 2718 3122 intellige,
2748 3043 2919 3124 quod
2947 3045 3277 3127 rationale,
3308 3053 3372 3113 et
3398 3051 3553 3117 irra-

2005 3147 2242 3213 tionale
2286 3167 2418 3212 non
2464 3149 2671 3214 solum
2710 3151 3017 3217 differunt
3062 3173 3177 3237 per
3222 3159 3508 3227 accidens
3526 3211 3548 3242 ,

2007 3255 2119 3321 sed
2145 3257 2338 3321 etiam
2367 3256 2803 3322 essentialiter.

2088 3362 2326 3440 Quinta
2353 3362 2581 3428 divisio
2612 3368 2706 3429 est
2743 3365 2815 3429 in
2854 3366 3159 3450 simplex,
3199 3375 3263 3435 et
3289 3390 3546 3457 compo·-

2007 3470 2234 3550 situm3
2274 3475 2334 3534 et
2378 3469 2456 3535 de
2490 3471 2612 3537 hac
2653 3477 2805 3536 sunt
2840 3475 3032 3539 etiam
3061 3478 3248 3542 multi
3275 3497 3545 3546 errores.

2009 3579 2282 3658 Quidam
2325 3579 2580 3661 dicunt,
2636 3583 2808 3664 quod
2856 3584 3071 3668 aliqua
3125 3593 3416 3654 creatura
3470 3592 3552 3655 sit

2007 3689 2312 3774 simplex,
2344 3694 2408 3753 et
2448 3693 2603 3754 tunc
2647 3693 2955 3775 sequitur,
3006 3696 3179 3778 quod
3218 3702 3312 3763 est
3346 3718 3552 3782 purus

2008 3799 2210 3872 actuS,
2260 3796 2430 3878 quod
2479 3801 2574 3861 est
2620 3798 2815 3864 solius
2863 3799 3014 3865 Dm:
3064 3806 3128 3866 et
3167 3804 3545 3887 attribuere,

2009 3903 2181 3985 quod
2226 3907 2323 3966 est
2361 3903 2508 3984 Dei,
2563 3909 2902 3988 creaturae,
2956 3910 3385 3992 periculosum
3431 3920 3547 3980 est.

2009 4010 2219 4076 Minus
2263 4030 2424 4092 ergo
2474 4019 2569 4076 est
2619 4015 3046 4096 periculosum
3095 4020 3335 4101 dicere,
3384 4025 3553 4107 quod

2012 4118 2287 4200 angelus
2314 4120 2394 4183 sit
2421 4124 2840 4205 composituS,
2875 4127 3122 4191 etiamsi
3152 4147 3386 4195 verum
3424 4150 3554 4196 non

2013 4225 2125 4303 sit,
2158 4243 2352 4307 quam
2381 4228 2553 4309 quod
2596 4229 2676 4292 sit
2709 4231 2980 4314 simplex
3011 4256 3025 4297 ι
3076 4236 3232 4318 quia
3267 4237 3391 4301 hoc
3430 4255 3555 4320 ego

2012 4332 2291 4397 attribuo
2316 4332 2412 4396 An
2422 4333 2597 4414 ge10‚
2640 4335 2865 4400 nolens
2891 4339 2948 4402 ei
2976 4342 3353 4424 attribuere,
3385 4345 3558 4426 quod

2013 4445 2106 4504 est
2138 4439 2283 4519 Dei,
2327 4447 2585 4525 propter
2621 4445 2956 4525 pietatem,
3005 4467 3201 4530 quam
3235 4449 3441 4514 habeo
3477 4452 3558 4516 ad

2012 4548 2438 4613 reverentiam
2479 4549 2588 4615 Dei
2621 4572 2636 4612 ε
2685 4553 2792 4617 sed
2836 4556 3185 4620 secundum
3222 4558 3558 4625 veritatem

2014 4654 2109 4719 sic
2161 4655 2442 4737 videtur,
2492 4658 2645 4740 quia
2690 4660 2841 4726 dicit
2893 4661 3200 4729 Boetius:
3255 4689 3286 4726 α
3328 4664 3562 4732 Forma

2015 4759 2292 4843 simplex
2326 4763 2683 4845 subjectum
2725 4785 2861 4832 esse
2889 4787 3018 4833 non
3058 4774 3298 4854 potest:
3331 4794 3362 4833 1)
3398 4791 3560 4856 ergo

2017 4869 2252 4951 angelo
2278 4870 2437 4933 nihil
2463 4871 2772 4938 accideret
2798 4878 2977 4956 tunc,
3015 4895 3134 4941 nec
3157 4878 3409 4960 laetitia,
3443 4899 3563 4946 nec

2016 4977 2292 5041 tristitia.

2100 5083 2294 5149 Sexta
2319 5085 2545 5150 divisio
2571 5086 2758 5150 estin
2790 5104 3070 5169 causam,
3104 5096 3169 5156 et
3194 5099 3562 5178 causatum;

2021 5198 2083 5258 et
2113 5195 2192 5258 de
2218 5195 2340 5259 hac
2368 5199 2520 5260 sunt
2561 5196 2749 5260 multi
2789 5215 3058 5265 errores,
3096 5201 3363 5279 Quidam
3394 5205 3566 5270 enim

2021 5301 2244 5367 dicunt
2285 5305 2599 5369 mundum
2636 5304 2717 5368 ab
2757 5309 2997 5373 aeterno
3028 5309 3259 5390 fuisse,
3309 5312 3462 5396 quia
3499 5314 3569 5379 in

2023 5409 2567 5478 hoc-conveniunt
2608 5412 2955 5497 sapienteS,
2995 5418 3170 5501 quod
3204 5436 3336 5484 non
3370 5403 3572 5504 possit

2026 5517 2270 5600 aliquid
2294 5519 2455 5602 meri
2497 5521 2576 5586 de
2615 5519 2855 5601 nihil0‚
2890 5527 2955 5587 et
2992 5542 3129 5589 esse
3164 5525 3245 5588 ab
3286 5519 3567 5591 aeterno:
