4196 6294
652 450 771 512 534
1696 441 2112 511 Exposrrlo
2153 443 2235 510 IN
2278 441 2797 513 PSALTERIUM.

651 581 845 657 phetae
868 579 1297 656 propositione,
1327 597 1450 642 non
1478 587 1565 642 est
1592 597 1744 656 opus
1773 580 2145 640 distinctione
2168 622 2189 651 ‚

653 675 759 734 sed
787 673 1173 750 expositione.
1203 674 1548 734 Audivimus
1576 677 1736 736 enim
1771 674 2043 734 divinum
2075 673 2189 732 im-

650 770 884 845 perium
912 773 969 828 et
987 768 1278 843 judicium
1294 811 1313 842 ,
1344 774 1400 829 et
1438 771 1769 829 humanum
1801 770 2010 828 vitium
2048 784 2189 828 ven-

653 869 851 924 turum
893 865 956 922 in
999 864 1310 938 jndicium.
1368 865 1633 924 Vidimus
1683 866 1862 924 etiam
1920 850 2187 923 divinam

653 959 1050 1030 voluntatem,
1077 963 1134 1017 et
1157 959 1460 1017 veritatem
1473 1002 1494 1027 ,
1525 962 1583 1018 et·
1608 960 1932 1019 humanam
1955 958 2189 1017 temeri·

653 1056 832 1112 tatem
855 1051 918 1111 in
943 1054 1256 1111 venturam
1280 1053 1668 1112 severitatem.

1149 1211 1436 1269 Articulus
1465 1215 1696 1285 primus.

725 1335 982 1394 Primum
1035 1334 1344 1394 innotescit
1377 1377 1395 1407 ,
1442 1351 1579 1393 eum
1634 1334 1847 1394 dicitur
1897 1352 1911 1392 :
1966 1335 2190 1392 Servavi

654 1430 915 1488 mandata
952 1433 1066 1486 tua.
1112 1428 1265 1498 Quid
1314 1428 1469 1487 enim
1512 1433 1598 1487 est
1624 1429 1894 1487 divinum
1934 1428 2187 1487 manda-

655 1526 779 1582 tum
803 1565 822 1594 ‚
868 1521 980 1580 nisi
1022 1522 1238 1581 divinae
1280 1522 1600 1582 voluntatis
1642 1523 1959 1596 imperium
1980 1524 2010 1579 :²
2036 1521 2190 1592 Quid

654 1616 1002 1676 mandatum
1045 1631 1274 1675 servare
1299 1659 1318 1689 ‚
1365 1616 1477 1673 nisi
1524 1616 1838 1692 imperanti
1881 1618 2189 1692 obtempe—

651 1727 783 1770 rare
805 1753 825 1782 ‚
871 1715 928 1768 et
968 1709 1258 1770 voluntati
1305 1710 1617 1784 imperanti
1672 1699 2035 1768 voluntatem
2081 1711 2190 1770 ob-

654 1808 1077 1880 temperantem
1140 1802 1509 1863 conformare
1562 1806 1592 1860 ⁴?
1646 1804 1760 1863 Sed
1813 1806 2141 1864 notandum
2169 1848 2188 1878 ‚

449 1937 629 1980 nand.-
654 1905 908 1980 qualiter
956 1903 1244 1962 debemus
1289 1919 1523 1962 servare
1565 1903 1913 1963 mandatum
1951 1922 1966 1961 ε
2013 1905 2190 1978 plane

412 2001 628 2055 tamquo-
652 1999 802 2057 sicut
824 2012 1104 2073 pomum,
1131 1998 1280 2056 sicut
1314 1997 1515 2071 ficum,
1546 1998 1694 2056 sicut
1718 1997 1947 2057 vinum.
1980 2000 2189 2067 Quem·

429 2061 605 2169 ἓξ.
653 2091 986 2153 admodum
1046 2092 1206 2150 enim
1266 2095 1529 2150 servatur
1585 2108 1837 2167 pomum
1896 2092 1974 2150 ad
2018 2096 2200 2151 natu-

430 2189 554 2234 aum.
651 2186 852 2246 raliter
897 2185 1269 2244 alterandum
1318 2186 1566 2244 nimiam
1610 2186 1877 2260 corporis
1925 2185 2192 2244 calidita-

652 2285 767 2340 tem
783 2323 801 2352 ,
831 2283 886 2339 et
912 2279 1061 2338 ficus
1087 2279 1167 2338 ad
1195 2278 1568 2338 alterandum
1590 2280 1709 2338 oris
1735 2279 2189 2354 insipiditatem,

656 2379 711 2434 et
737 2374 943 2431 vinum
983 2373 1063 2431 ad
1091 2372 1462 2431 alterandum
1491 2372 1688 2432 cordis
1716 2374 2101 2449 anxietatem;
2131 2375 2193 2432 in

656 2468 934 2526 eumdem
982 2465 1232 2525 modum
1278 2469 1510 2541 oportet
1560 2482 1796 2526 servare
1843 2469 2192 2526 mandatum

656 2561 736 2620 ad
763 2559 1064 2620 moraliter
1092 2559 1461 2618 alterandum
1484 2561 1555 2633 (a)
1579 2560 1641 2618 in
1661 2577 1911 2637 corpore
1930 2561 2194 2619 calidita-

656 2658 774 2714 tem
802 2653 1322 2728 concupiscentiae,
1351 2653 1413 2710 in
1451 2669 1555 2711 ore
1600 2654 2019 2729 insipiditatem
2056 2654 2193 2712 insi-

655 2749 888 2824 pientiae
903 2788 923 2819 ,
950 2747 1013 2805 in
1059 2748 1238 2806 corde
1281 2747 1634 2807 anxietatem
1681 2748 2066 2807 conscientiae.
2117 2752 2192 2808 De

655 2843 852 2917 primo
874 2845 892 2878 ¹
926 2858 940 2899 ε
970 2860 1000 2895 α
1026 2841 1236 2900 Omnia
1254 2857 1440 2916 poma
1459 2857 1618 2900 nova
1643 2848 1699 2901 et
1725 2847 1954 2915 vetera,
1983 2843 2193 2902 dilecte

657 2936 775 3008 mi,
804 2936 1031 2996 servavi
1060 2936 1166 2994 tibi
1185 2955 1203 3009 ;
1232 2956 1260 2991 »
1294 2937 1437 3011 quia
1481 2938 1681 2994 vetera
1718 2940 1775 2994 et
1813 2954 1973 2996 nova
2010 2954 2195 3013 poma

659 3032 794 3090 sunt
825 3029 1098 3102 Decalogi
1126 3033 1183 3088 et
1207 3030 1505 3103 Evangelii
1533 3030 1816 3090 mandata
1847 3051 1861 3088 :
1887 3032 1983 3090 hic
2010 3032 2193 3090 doce·-

659 3140 795 3183 mur
816 3139 1051 3183 servare
1073 3123 1457 3197 mandatum,
1484 3123 1631 3183 sieut
1672 3141 1939 3200 pomum.
1986 3128 2065 3183 De
2109 3142 2197 3184 se·

661 3218 859 3277 cundo
887 3220 911 3253 ¹
941 3238 955 3275 :
992 3236 1022 3273 α
1047 3218 1156 3287 Qui
1183 3222 1378 3276 servat
1401 3217 1617 3291 ficum,
1649 3218 1919 3277 comedet
1943 3219 2198 3277 fructum

662 3314 786 3386 eJus
817 3330 832 3369 ε
858 3333 887 3365 n
923 3311 1020 3369 hie
1056 3311 1340 3370 docemur
1384 3327 1618 3371 servare
1659 3311 2006 3372 mandatum
2051 3313 2200 3372 sicut

662 3405 842 3464 ficum
873 3423 887 3462 ε
921 3420 1062 3463 nam
1089 3404 1193 3480 qui
1236 3411 1431 3463 servat
1474 3406 1822 3465 mandatum
1861 3407 1923 3464 in
1949 3406 2064 3465 hoc
2100 3425 2199 3466 sae·

664 3501 830 3573 culo,
861 3500 1116 3559 fructum
1139 3501 1265 3573 ejus
1293 3500 1566 3558 comedet
1601 3502 1666 3557 in
1710 3500 1931 3559 future.
1972 3504 2048 3559 De
2080 3506 2198 3560 ter—

664 3595 747 3681 tio
776 3598 799 3632 ⁸
833 3614 847 3652 :
882 3614 912 3648 α
947 3594 1146 3652 Omnis
1188 3594 1372 3653 homo
1413 3594 1673 3669 primum
1718 3594 1946 3653 bonum
1990 3595 2201 3654 vinum

664 3689 862 3764 ponit,
897 3691 1116 3747 etcum
1153 3687 1425 3746 inebriati
1466 3687 1712 3760 fuerim,
1740 3692 1879 3747 tunc
1907 3689 2002 3761 id,
2034 3690 2202 3764 quod

665 3784 919 3843 deterius
946 3786 1033 3842 est
1060 3785 1166 3841 :tu
1207 3785 1400 3842 autem
1448 3783 1687 3841 servasti
1729 3783 1958 3841 bonum
1993 3784 2200 3843 vinum

665 3895 856 3955 usque
896 3878 1111 3937 adhuc.
1139 3897 1170 3934 n
1211 3877 1311 3935 Hie
1356 3877 1642 3936 docemur
1680 3892 1914 3935 servare
1955 3878 2203 3938 manda-

459 4007 643 4051 nuoho-
668 3977 794 4032 tum
832 3973 979 4031 sicut
1018 3971 1241 4030 vinum.
1286 3971 1451 4029 Unde
1487 3971 1826 4043 sciendum,
1855 3973 2020 4047 quod
2068 3978 2206 4032 sunt

453 4070 624 4113 minum
669 4068 940 4127 homines
994 4065 1278 4124 animales
1313 4108 1333 4137 ,
1388 4070 1444 4124 et
1496 4065 1766 4124 homines
1821 4066 2198 4139 spirituales:

452 4143 633 4189 mm.
671 4161 953 4221 animales
980 4165 1114 4219 sunt
1155 4159 1230 4218 de
1264 4175 1514 4217 numero
1543 4160 1841 4230 omnium;
1874 4160 2205 4234 spirituales

673 4256 748 4315 de
775 4269 1025 4313 numero
1052 4269 1402 4329 paucorum.
1451 4253 1746 4312 Animales
1787 4257 1985 4311 autem
2018 4255 2209 4314 bomi-

672 4366 807 4422 nes,
830 4349 936 4423 qui
962 4348 1265 4421 signantur
1300 4363 1409 4422 per
1450 4362 1693 4404 omnem
1718 4346 2025 4405 hominem
2045 4390 2062 4418 ,
2092 4350 2208 4423 pri-

2771 643 3053 701 Ανιίσιιὶω
3077 642 3356 700 sonandus.

2365 769 2700 831 Secundum
2730 769 3053 841 illucescit,
3096 785 3234 826 cum
3257 767 3384 826 ait:
3414 769 3489 825 Et
3525 771 3831 827 testinwnia

2297 870 2411 923 tua.
2441 864 2593 935 Quid
2622 864 2782 922 enim
2810 863 3080 922 divinum
3107 862 3536 933 testimonium,
3575 862 3686 920 nisi
3736 862 3832 921 di-

2296 960 2447 1017 vinae
2487 957 2745 1017 veritatis
2782 956 3112 1016 indicium⁹
3152 960 3218 1015 Et
3253 955 3585 1015 notandum
3605 999 3625 1029 ‚
3660 958 3830 1031 quod

2297 1057 2381 1110 est
2423 1052 2692 1110 divinum
2727 1051 3128 1110 testimonium
3169 1049 3569 1125 tripartitum:
3608 1050 3828 1110 scilicet
3854 1061 4075 1167 mm

2295 1240 2692 1299 testimonium
2722 1238 3153 1298 confirmatum.
3195 1239 3457 1297 Primum
3490 1241 3709 1313 spectat
3747 1240 3828 1298 ad
3805 1184 4065 1354 ΞΨ

2295 1146 2695 1205 testimonium
2727 1146 3023 1217 innatum,
3038 1144 3439 1203 testimonium
3467 1144 3828 1218 suscitatum,

2296 1334 2489 1407 legem
2512 1340 2766 1406 naturae3
2796 1332 3125 1392 secundum
3134 1373 3156 1403 ,
3173 1332 3255 1390 ad
3275 1333 3472 1406 legem
3498 1334 3826 1409 Scriptura,

2296 1429 2533 1487 tertium
2572 1428 2650 1486 ad
2693 1427 2889 1501 legem
2930 1427 3151 1500 gratiae.
3192 1429 3270 1485 De
3314 1428 3510 1502 primo
3551 1438 3572 1471 ⁸
3610 1446 3627 1485 ε
3663 1447 3693 1481 α
3717 1429 3827 1498 Qui

2297 1522 2614 1580 ostendunt
2639 1537 2788 1596 opus
2808 1521 2957 1594 legis
2982 1522 3264 1595 scriptum
3286 1522 3348 1579 in
3376 1522 3657 1581 cordibus
3682 1524 3824 1594 suis,

2296 1616 2697 1676 testimonium
2751 1616 3034 1675 reddente
3088 1616 3207 1675 illis
3268 1602 3625 1675 conscientia
3673 1617 3827 1692 ipso·

2295 1728 2466 1771 rum.
2451 1731 2466 1747 ·
2498 1731 2527 1766 ι
2559 1728 2694 1770 ecce
2718 1711 3119 1770 testimonium
3145 1712 3432 1770 innatum.
3460 1715 3540 1770 De
3567 1712 3826 1771 secundo

2297 1810 2623 1865 cantatur.
2582 1808 2624 1842 ⁶·
2654 1826 2683 1860 α
2700 1804 3007 1864 Suscitavit
3031 1805 3431 1863 testimonium
3452 1804 3516 1863 in
3539 1805 3823 1864 Jacob.»

2299 1916 2433 1959 ecce
2452 1887 2850 1959 testimonium
2868 1899 3226 1957 suscitatum.
3247 1901 3326 1956 De
3354 1899 3523 1958 tertio
3540 1901 3599 1937 ⁷·
3585 1919 3657 1957 .«
3674 1901 3830 1957 Unus

2297 1993 2590 2052 mediator
2617 1994 2717 2051 Dei
2737 1996 2796 2052 et
2812 1992 3126 2052 hominum
3153 1992 3338 2051 homo
3358 1992 3615 2051 Christus
3640 1995 3826 2064 lasus,

2298 2088 2401 2163 qui
2438 2088 2603 2146 dedit
2646 2066 3114 2163 redemptionem
3151 2087 3535 2162 semetipsum
3560 2103 3673 2161 pro
3701 2102 3826 2145 om-

2297 2184 2505 2256 nibus,
2526 2183 2692 2256 qu'us
2717 2182 3118 2242 testimonium
3144 2181 3511 2256 temporibus
3540 2181 3660 2238 suis
3686 2196 3827 2239 con-

2296 2277 2595 2335 firmatum
2618 2278 2704 2335 est
2734 2295 2797 2334 :n
2826 2292 2958 2334 ecce
2978 2274 3379 2334 testimonium
3397 2274 3826 2334 confirmatum.

2800 2437 3081 2493 Articulus
3119 2409 3330 2493 tertius.

2373 2565 2627 2620 Tertium
2663 2562 3020 2636 inclarescit,
3051 2579 3187 2620 cum
3224 2562 3458 2637 inquit:
3486 2563 3632 2632 Quia
3658 2578 3833 2621 omnes

2300 2661 2405 2715 viae
2449 2673 2593 2715 meae.
2637 2660 2765 2714 Non
2800 2656 2942 2714 dicit
2978 2661 3084 2714 vioe
3116 2662 3258 2729 tuce,
3296 2656 3403 2714 sed
3445 2659 3551 2713 vioe
3586 2673 3739 2728 mete,
3769 2661 3837 2715 ut

2301 2752 2583 2809 clarescat
2609 2750 2776 2826 quod
2803 2767 2927 2810 non
2963 2757 3098 2808 sunt
3132 2750 3244 2809 vioe
3288 2750 3576 2821 veritatis,
3615 2751 3723 2809 sed
3751 2756 3836 2810 te-

2301 2844 2582 2903 meritatis
2597 2863 2615 2918 ;
2644 2860 2752 2902 nec
2780 2845 2891 2903 viae
2916 2843 3193 2903 virtuosa}
3204 2886 3225 2917 ,
3254 2860 3363 2918 per
3390 2860 3540 2919 quas
3567 2845 3838 2905 ambula-

2238 2999 2243 3002 .
2302 2943 2397 2998 tur
2423 2939 2503 2998 ad
2528 2938 2740 3009 vitam,
2771 2938 2878 2998 sed
2920 2939 3031 2997 viee
3073 2939 3332 3011 vitiosae,
3358 2954 3474 3013 per
3520 2955 3671 3013 quas
3702 2956 3839 3015 per-

2306 3034 2461 3107 gitur
2509 3034 2588 3092 ad
2634 3033 2986 3107 gebennam.
3029 3034 3129 3092 llic
3174 3038 3342 3109 potes
3383 3038 3590 3092 notare
3612 3076 3632 3106 ‚
3672 3034 3840 3108 quod

2304 3127 2449 3187 tales
2474 3128 2585 3186 viae
2610 3130 2748 3185 sunt
2770 3127 3100 3202 cogitandae
3117 3172 3138 3201 ,
3164 3127 3510 3202 arguendoe,
3539 3127 3841 3205 lapidibus

2306 3221 2762 3281 concludendoe:
2787 3217 3118 3295 cogitantur
3151 3226 3347 3280 autem
3368 3223 3434 3279 in
3457 3223 3837 3295 contritione;

2309 3320 2633 3390 arguuntur
2668 3315 2733 3373 in
2774 3315 3139 3374 confessione
3171 3335 3189 3387 ς
3228 3315 3531 3390 lapidibus
3553 3358 3575 3388 ,
3618 3317 3683 3375 id
3720 3322 3838 3388 est,

2309 3411 2472 3470 duris
2506 3409 2815 3469 laboribus
2842 3409 3278 3468 concluduntur
3320 3409 3385 3467 in
3425 3409 3836 3470 satisfactione.

2309 3503 2388 3558 De
2410 3503 2604 3576 primo
2632 3502 2654 3537 ⁸
2684 3518 2699 3558 :
2736 3521 2765 3555 a
2794 3500 3055 3573 Cogitavi
3095 3500 3223 3558 vias
3264 3517 3457 3574 meas,
3488 3504 3545 3558 et
3580 3504 3843 3561 converti

2308 3595 2491 3671 pedes
2520 3610 2729 3653 meos:
2760 3615 2788 3649 ι)
2832 3610 2966 3652 ecce
3011 3594 3240 3652 viarum
3291 3595 3587 3668 cogitatio.
3635 3599 3712 3655 De
3753 3613 3843 3655 se-

2312 3690 2511 3748 cundo
2526 3692 2550 3724 ⁹
2566 3708 2580 3747 ε
2601 3709 2630 3744 α
2641 3689 2774 3746 vias
2785 3704 2949 3747 meas
2962 3687 3027 3745 in
3040 3694 3357 3763 conspectu
3376 3691 3426 3762 ej
3434 3706 3503 3747 us
3516 3705 3764 3764 arguam
3779 3709 3794 3748 ε
3813 3712 3845 3743 »

2314 3799 2446 3842 eece
2468 3783 2702 3841 viarum
2727 3782 3085 3854 redargutio,
3118 3784 3194 3839 De
3221 3783 3391 3841 tertio
3426 3785 3470 3820 ¹⁰
3500 3801 3516 3840 :
3546 3802 3576 3837 α
3603 3784 3851 3846 Conclu-

2314 3877 2388 3934 sit
2410 3876 2539 3934 vias
2566 3890 2731 3934 meas
2757 3875 3057 3950 lapidibus
3086 3876 3367 3950 quadris:
3398 3896 3426 3931 ι
3459 3892 3591 3937 eece
3620 3877 3850 3936 viarum

2316 3970 2639 4030 conclusio.

2806 4043 3078 4100 Articulus
3115 4048 3360 4115 quartus.

2387 4172 2668 4239 Quartum
2694 4169 2963 4244 patescit,
2994 4184 3130 4225 cum
3165 4166 3405 4227 additur
3435 4186 3453 4226 ε
3481 4172 3548 4227 In
3574 4176 3856 4244 conspectu

2319 4269 2440 4334 tue,
2486 4263 2705 4321 seilicet
2753 4263 2814 4320 in
2857 4265 3173 4337 conspectu
3211 4261 3567 4334 judiciario,
3617 4264 3682 4321 in
3728 4281 3853 4339 quo

2317 4358 2527 4419 reddet
2581 4362 2680 4415 tua
2733 4357 3010 4414 severitas
3068 4357 3274 4414 mortis
3327 4358 3690 4433 stipendium
3740 4376 3853 4433 pro

672 4459 840 4502 mum
884 4446 1114 4518 ponunt
1152 4441 1382 4501 bonum
1419 4440 1658 4510 Vinum,
1695 4440 1984 4514 posterius
2011 4445 2209 4501 autem
2318 4455 2578 4526 peccato.
2610 4450 2722 4508 Sed
2759 4454 2924 4516 nota,
2962 4450 3127 4524 quod
3173 4456 3519 4525 conspectus
3563 4453 3662 4510 Dei
3697 4454 3855 4527 judi·
3951 4480 4073 4521 cou-

673 4538 966 4611 d0t01'11ffl3
997 4537 1141 4612 qui&
1187 4534 1537 4594 mfflldfltum
1588 4534 1820 4594 Videtur
1872 4536 2091 4595 talibus
2146 4540 2209 4596 in
2320 4546 2533 4604 viarius
2577 4551 2663 4602 est
2701 4543 3046 4618 tripartituS,
3086 4544 3305 4603 scilicet
3349 4545 3727 4619 probativuS‚
3754 4563 3856 4622 ap·
3886 4543 4095 4645 m

673 4632 967 4710 Pfinssipio
1012 4629 1187 4690 Valde
1229 4630 1459 4688 bonum
1477 4671 1498 4702 2
1544 4629 1650 4686 Sed
1689 4628 1751 4686 51²
1794 4628 1914 4688 fine
1961 4631 2207 4705 miDUS3
2318 4640 2696 4716 probativus,
2724 4638 3212 4713 improbativus:
3241 4638 3471 4713 primus
3498 4641 3748 4715 pertinet
3774 4641 3856 4700 ad
3886 4602 4102 4708 ωὲω,

675 4727 962 4803 quoniam
987 4726 1010 4761 ὃ
1045 4744 1074 4779 α
1101 4724 1180 4783 ad
1216 4728 1447 4798 tempus
1491 4721 1766 4793 credunt,
1808 4722 1915 4780 sed
1960 4724 2023 4781 in
2071 4729 2212 4783 tem·
2319 4735 2667 4794 meritorum
2705 4731 3245 4804 examinationem3
3290 4734 3586 4793 secundus
3632 4735 3713 4793 ad
3754 4735 3860 4793 be·
3887 4725 4070 4782 ‘³1³⁸-

675 4837 820 4898 901'0
869 4817 1202 4880 tentationis
1245 4816 1547 4876 Pessedunt·
1591 4837 1618 4869 ’‘
1672 4816 2012 4891 spirituales
2032 4860 2050 4888 ›
2104 4819 2208 4892 <11²i
2319 4827 2748 4886 nemeritorum
2773 4826 3257 4898 coronationem3
3307 4827 3508 4885 tertius
3549 4828 3629 4886 ad
3675 4828 3858 4887 male-

674 4916 953 4975 notantur
978 4928 1084 4987 1²01*
1125 4926 1442 4987 Sponsum,
1472 4910 1667 4985 primo
1709 4914 1941 4984 ponunt
1979 4911 2209 4969 bonum
2322 4923 2666 4987 meritorum
2729 4918 3305 4978 condemnationem.
3365 4924 3442 4978 De
3509 4923 3697 4997 primo
3748 4925 3783 4959 ¹¹
3841 4942 3858 4981 ε

676 5010 911 5076 vinum,
940 5006 1045 5065 sed
1070 5010 1370 5080 postremo
1406 5004 1648 5076 melius;
1679 5003 1822 5077 quia
1859 5004 2210 5064 mandatum
2327 5036 2356 5071 α
2385 5016 2568 5074 Stellae
2595 5008 2717 5071 noti
2745 5019 2879 5070 sunt
2914 5013 3153 5072 mundis
3189 5013 3254 5071 in
3286 5021 3602 5089 conspectu
3628 5018 3754 5089 ejus
3775 5058 3797 5088 ‚
3825 5036 3857 5071 ι

676 5102 909 5161 Videtur
934 5100 1151 5160 &libus
1177 5100 1240 5157 ¹¹1
1265 5098 1556 5175 Psinssipio
1580 5099 1810 5157 bonum
1826 5140 1848 5170 ι
1874 5098 1979 5158 Sed
2004 5099 2065 5157 in
2092 5098 2212 5157 fine
2323 5109 2544 5168 scilicet
2583 5106 2941 5181 probativo3
2965 5106 3110 5181 quia
3150 5108 3320 5166 multi
3356 5108 3633 5167 videntur
3677 5110 3863 5169 stellae

677 5196 906 5255 menum
2325 5246 2529 5297 LXXVII,
2567 5235 2615 5282 5.
2645 5261 2705 5271 —
2739 5237 2756 5265 ⁷
2797 5234 2811 5282 Ι
2856 5233 2981 5296 Tim,
3020 5245 3091 5296 11,
3119 5235 3168 5282 6.
3196 5260 3257 5272 -
3293 5234 3316 5269 ⁸
3352 5234 3494 5286 Psal.
3531 5234 3658 5299 hoc,
3690 5239 3772 5286 59.
3798 5263 3861 5274 -

745 5325 756 5353 ¹
786 5324 958 5385 Cant„
984 5332 1075 5384 vn,
1109 5323 1185 5370 13.
1209 5346 1273 5359 -
1298 5321 1320 5353 ²
1344 5321 1518 5384 Pron„
1543 5329 1709 5381 xxvii,
1744 5321 1818 5369 ¹8.
1843 5345 1904 5358 -
1926 5319 2129 5383 Uenu„
2152 5332 2211 5382 11,
2324 5308 2342 5335 ⁹
2369 5305 2481 5367 lob,
2503 5316 2620 5370 ¹1¹¹,
2648 5309 2723 5357 15·
2751 5332 2813 5342 -·
2845 5307 2878 5336 ¹⁰
2908 5304 3100 5364 Tmen-2
3130 5316 3208 5369 ¹¹1,
3238 5308 3283 5358 9·
3304 5332 3366 5344 ····
3401 5307 3441 5341 ¹¹
3462 5306 3572 5368 1⁰⁶»
3599 5318 3687 5370 xv,
3720 5311 3795 5358 15-

681 5396 758 5448 ¹0.
787 5420 848 5432 -
886 5393 908 5429 ⁸
940 5392 1076 5454 Luc„
1111 5402 1235 5457 vni,
1266 5392 1343 5442 13.
1379 5415 1441 5428 ——
1470 5391 1488 5423 ⁸
1520 5390 1678 5455 Rom„
1706 5400 1776 5451 ιι,
1809 5392 1884 5441 15.
1916 5416 1976 5427 —
2015 5392 2034 5422 ⁸
2074 5390 2211 5441 Psal.
2392 5392 2456 5455 (a)
2486 5389 2622 5440 Edit.
2660 5390 2774 5441 Ven.
2803 5390 3175 5443 alternandum.
