4196 6294
642 513 724 574 26
1643 528 1650 534 ·
1688 499 2361 570 ILLUMINATIONES
2400 498 2793 566 ECCLESIAE

645 644 927 710 mundns
970 647 1223 710 creatus
1263 663 1305 710 a
1350 644 1485 709 Deo
1526 643 1693 707 sicut
1741 659 1782 704 a
1827 638 2141 723 principio
2163 685 2183 717 ,

644 751 975 818 reducitur
1023 753 1093 816 in
1144 752 1348 817 Deum
1396 751 1561 815 sicut
1615 753 1683 812 in
1738 748 1958 812 finem.
2014 746 2190 811 Licet

644 861 818 926 enim
850 864 1007 941 agat
1039 859 1408 941 Theologus
1444 858 1523 923 de
1548 855 1852 939 operibus
1874 854 2184 919 conditio·

644 969 746 1033 nis
767 968 1219 1052 principaliter,
1245 967 1384 1049 agit
1402 970 1618 1029 tamen
1658 963 1737 1028 de
1766 963 2068 1045 operibus
2090 979 2188 1025 re-

645 1076 1122 1142 conciliationis,
1163 1075 1320 1157 Agit
1367 1092 1525 1156 ergo
1552 1071 1923 1151 Theologus
1963 1070 2041 1134 de
2081 1088 2185 1133 sa-

645 1187 780 1251 lute
825 1185 1058 1249 animae
1084 1233 1100 1264 ,
1150 1182 1471 1266 quomodo
1515 1180 1856 1244 inchoatur
1903 1180 1973 1242 in
2017 1177 2143 1241 fide
2162 1223 2184 1255 ‚

646 1295 1064 1377 promovetur
1086 1292 1155 1353 in
1181 1290 1529 1357 virtutibus
1547 1337 1568 1369 ,
1600 1291 2085 1353 consummatur
2119 1286 2190 1348 in

647 1402 919 1467 dotibus,
945 1400 1029 1464 De
1055 1399 1178 1463 hoc
1205 1399 1414 1463 medio
1442 1398 1750 1479 scriptum
1782 1398 1877 1461 est
1895 1398 1912 1431 ¹
1939 1415 1955 1458 ε
1989 1417 2021 1455 (ι
2046 1393 2187 1459 Non

647 1511 960 1589 esurient,
1003 1526 1214 1591 neque
1259 1507 1476 1571 sitient
1517 1506 1794 1588 amplius
1816 1554 1832 1585 ,
1878 1502 2187 1586 quoniam

502 1614 513 1625 “
647 1636 890 1701 agnuS‚
922 1618 1125 1701 quiin
1153 1616 1362 1680 medio
1388 1614 1604 1683 throni
1631 1616 1756 1693 est,
1786 1614 1975 1692 reget
2008 1610 2150 1675 illos
2170 1654 2189 1689 ,

648 1731 712 1792 et
746 1726 1013 1791 deducet
1056 1742 1166 1789 eos
1203 1722 1285 1787 ad
1330 1723 1483 1787 vitae
1527 1723 1733 1786 fontes
1775 1737 2116 1803 aquarum.
2150 1740 2181 1777 n

648 1834 820 1902 Vidit
860 1833 1054 1897 etiam
1099 1831 1420 1897 Joannes²
1464 1852 1496 1890 α
1533 1829 1811 1894 fluvium
1862 1828 1932 1890 in
1980 1826 2192 1891 medio

649 1944 877 2027 plateae
901 1988 918 2018 ‚
946 1939 1391 2023 procedentem
1419 1955 1457 2001 a
1497 1936 1644 2000 sede
1695 1935 1806 1999 Dei
1847 1938 1911 1998 et
1944 1934 2122 2015 agni.
2154 1955 2186 1993 n

649 2051 879 2131 Agnus
921 2047 1095 2111 enim
1139 2044 1251 2110 Dei
1287 2044 1554 2109 deducet
1596 2060 1746 2123 nOS,
1794 2044 1870 2106 ut
1902 2042 2194 2108 videntes

651 2174 882 2241 corpus
903 2202 921 2237 ,
954 2158 1019 2218 et
1038 2153 1319 2219 animam
1338 2200 1356 2232 ,
1388 2156 1452 2215 et
1493 2150 1925 2230 divinitatem,
1956 2170 2196 2235 pascua

649 2265 1089 2343 inveniamus,
1136 2262 1270 2326 sive
1310 2258 1736 2341 ingrediendo
1761 2309 1779 2339 ‚
1828 2260 1963 2324 sive
2004 2277 2199 2341 egre-

651 2373 901 2439 diendo,
932 2371 1049 2435 Hic
1075 2369 1312 2434 scilicet
1339 2386 1549 2450 agnus
1588 2371 1685 2432 est
1734 2386 1928 2450 super
1965 2385 2199 2450 corpus

651 2488 717 2547 et
742 2482 1026 2545 animam
1047 2527 1063 2558 ‚
1092 2477 1378 2543 medium
1405 2475 1810 2539 beatificans⁸
1840 2497 1854 2538 z
1890 2497 1922 2536 α
1948 2474 1995 2538 F
1999 2474 2197 2538 lumi-

661 2590 851 2655 minis
875 2590 1153 2671 impetus
1178 2586 1456 2651 laetificat
1482 2584 1807 2650 civitatem
1835 2582 1969 2647 Dei.
1988 2606 2018 2642 ι)
2050 2581 2200 2646 Pro-

660 2698 887 2763 cedens
921 2716 961 2760 a
1000 2695 1147 2761 sede
1174 2693 1283 2758 Dei
1321 2696 1385 2757 et
1428 2692 1610 2774 agni,
1658 2690 1893 2754 scilicet
1926 2690 2199 2773 Spiritus

658 2806 881 2870 sancti.
913 2803 993 2869 Et
1016 2802 1233 2868 nullus
1258 2801 1539 2866 derectus
1566 2799 1831 2869 interior
1858 2799 2009 2878 erit,
2044 2799 2201 2881 quia

666 2937 698 2976 α
721 2931 851 2977 non
880 2912 1190 2990 esurient,
1212 2926 1424 2991 neque
1453 2908 1713 2971 sitient»
1738 2926 1853 2990 per
1880 2908 2198 2972 defectum

656 3020 897 3104 pabuli,
918 3037 1033 3101 per
1060 3036 1255 3101 quem
1275 3016 1488 3081 deficit
1507 3017 1663 3080 vita.
1696 3039 1728 3077 ιι
1746 3015 1768 3050 ⁸
1785 3013 2002 3096 Neque
2019 3015 2200 3078 cadet

656 3147 849 3212 super
874 3127 1016 3192 illos
1044 3127 1175 3207 sol,
1212 3149 1243 3185 ι)
1278 3144 1394 3209 per
1420 3125 1842 3189 extrinsecam
1870 3123 2202 3208 perturba-

655 3237 917 3302 tionem.
947 3236 1071 3299 Ista
1100 3237 1341 3318 septem
1365 3234 1577 3298 media
1602 3237 1755 3297 sunt
1781 3236 2023 3315 septem
2053 3250 2200 3296 can-

657 3345 942 3424 delabra,
987 3344 1056 3406 in
1101 3360 1381 3426 quorum
1425 3341 1947 3406 candelabrorum
1989 3340 2201 3405 medio

659 3458 754 3518 est
777 3451 1082 3519 Christus,
1115 3452 1240 3515 Ista
1267 3455 1509 3534 septem
1542 3450 1751 3515 media
1777 3453 1931 3514 sunt
1957 3453 2201 3533 septem

658 3564 1106 3629 illustrationes
1133 3561 1533 3646 sapientiales
1558 3610 1576 3641 ‚
1607 3561 1844 3624 scilicet
1870 3559 2204 3641 metaphy-

661 3673 817 3752 sica,
850 3675 967 3736 etc.
1015 3672 1143 3737 Ista
1185 3674 1426 3754 septem
1474 3669 1684 3733 media
1729 3672 1881 3732 sunt
1907 3669 1929 3703 ⁸
1958 3671 2200 3749 septem

660 3781 827 3846 oculi
853 3782 1030 3862 agni.
1060 3782 1185 3846 Ista
1210 3784 1453 3863 septem
1480 3779 1691 3843 media
1728 3782 1881 3842 sunt
1904 3778 1928 3813 ⁸
1957 3781 2201 3858 septem

659 3888 825 3953 oculi
877 3908 1068 3972 super
1129 3889 1405 3971 lapidem
1468 3905 1695 3951 unum.
1767 3886 1894 3950 Ista
1959 3886 2201 3967 septem

661 3997 871 4061 media
896 4002 1049 4061 sunt
1066 3995 1090 4030 '¹
1117 3999 1358 4079 septem
1386 3994 1551 4075 dies»,
1594 4012 1755 4076 quos
1800 3994 1947 4058 fecit
1991 3993 2206 4078 prima>

659 4105 796 4170 lux.

1222 4259 1512 4330 SERMO
1557 4260 1643 4328 ΙΙ.

665 4415 820 4485 Quod
852 4416 915 4471 in
943 4414 1285 4488 plenitudine
1317 4416 1603 4488 sapientioe
1631 4427 1802 4470 sermo
1836 4410 2206 4469 terminandus

1384 4509 1482 4562 est.

745 4638 869 4703 ε’1η
904 4637 1110 4704 medio
1152 4638 1421 4704 ecclesioe
1469 4637 1724 4720 aperuit
1768 4651 1838 4703 os
1880 4634 2039 4717 ιῇαε,
2083 4641 2201 4699 ete.

670 4746 786 4811 Hic
836 4746 1061 4829 incipit
1112 4745 1387 4811 secunda
1442 4745 1712 4811 collatio,
1736 4742 2071 4809 Ostensum
2112 4746 2208 4807 est

668 4873 901 4939 supra,
932 4855 1170 4939 quibus
1207 4853 1392 4918 debet
1430 4853 1649 4918 doctor
1703 4868 2063 4915 sermonem
2104 4851 2208 4915 de-

666 4981 1001 5047 promere;
1054 4966 1381 5029 ostensum
1426 4966 1521 5026 est
1563 4980 1602 5026 a
1654 4978 1782 5043 quo
1832 4959 2044 5024 medio
2091 4958 2207 5024 de·

665 5073 774 5137 bet
814 5072 1121 5155 incipere;
1180 5070 1645 5137 ostendendum
1694 5073 1790 5134 est
1846 5069 2058 5149 mode,
2091 5068 2206 5133 ubi

668 5179 853 5247 debet
907 5180 1126 5245 doctor
1181 5196 1543 5245 sermonem
1589 5177 1960 5244 terminare.
2012 5176 2210 5241 Debet

731 5379 749 5413 ¹
772 5378 894 5441 lca„
919 5389 1061 5442 xux,
1100 5382 1183 5443 10;
1210 5380 1377 5443 Apoc.,
1407 5389 1500 5441 vn,
1530 5380 1606 5440 16,
1640 5379 1716 5428 17.
1744 5404 1807 5415 —
1831 5379 1849 5407 2
1872 5378 2044 5441 Apoc„
2072 5388 2205 5441 xxu,

673 5453 717 5500 ¹.
749 5474 813 5489 --
845 5449 869 5484 ⁸
898 5450 1036 5500 Psal.
1066 5460 1187 5513 ην,
1219 5454 1268 5502 5.
1298 5477 1363 5490 -
1390 5450 1415 5486 δ
1446 5449 1616 5512 apoc..
1646 5460 1751 5512 vu,
1786 5451 1864 5500 16.
1891 5473 1955 5487 -
1987 5449 2006 5480 ⁵
2035 5448 2205 5512 Apoc„

669 5532 723 5585 v,
756 5524 806 5574 6.
838 5549 902 5562 --
936 5524 957 5556 ⁸
988 5521 1225 5586 zachar„
1259 5534 1350 5583 111,
1382 5524 1429 5573 9.
1457 5547 1520 5561 —
1551 5521 1574 5558 '¹
1602 5520 1748 5583 Gen„
1774 5532 1821 5582 1,
1852 5522 1880 5569 3
1910 5521 2110 5584 etseq.
2147 5545 2210 5559 -

2294 639 2516 702 autem
2583 636 2929 702 terminare
3006 655 3370 704 sermonem
3431 639 3502 702 in
3549 637 3831 721 plenitu-

2297 746 2446 810 dine
2486 745 2838 827 sapientiae.
2895 746 2984 811 De
3031 745 3340 829 sapientia
3395 748 3614 809 autem
3682 752 3837 809 nota

2297 856 2575 934 quatuor
2606 874 2622 915 ε
2658 853 2803 934 quis
2850 856 3030 917 ortus
3049 902 3067 931 ‚
3101 871 3250 935 quae
3296 857 3510 935 porta,
3542 869 3692 934 quae
3719 851 3833 915 do-

2298 977 2480 1039 muS,
2515 976 2663 1042 quae
2707 960 2937 1024 forma.
2981 960 3065 1025 De
3112 958 3364 1024 dnobus
3389 961 3615 1043 primis
3639 960 3835 1026 etiam

2299 1067 2533 1131 dicitur
2557 1068 2625 1130 in
2651 1066 3092 1133 collationibus
3118 1069 3469 1147 donorum,
3494 1069 3609 1132 ubi
3636 1068 3839 1133 habe-

2299 1178 2429 1255 tur,
2458 1175 2629 1257 quod
2655 1176 2965 1258 sapientia
2997 1179 3095 1240 est
3118 1177 3237 1241 lux
3262 1178 3285 1212 ⁹
3326 1199 3358 1236 α
3384 1175 3775 1241 descendens
3799 1195 3842 1241 a

2302 1282 2489 1348 Patre
2516 1283 2838 1347 luminum
2859 1331 2880 1363 ‚
2911 1306 2942 1343 ι)
2995 1287 3057 1348 et
3100 1285 3359 1349 radians
3404 1284 3475 1347 in
3511 1284 3794 1347 animam
3815 1332 3837 1363 ‚

2301 1392 2448 1455 facit
2481 1408 2624 1455 eam
2664 1391 3069 1470 deiformem,
3098 1395 3162 1455 et
3198 1392 3468 1456 domum
3495 1391 3625 1457 Dm.
3660 1390 3843 1456 Illus-

2300 1504 2428 1566 trat
2455 1501 2631 1564 enim
2658 1500 3105 1566 intellectivam
3122 1550 3140 1581 ,
3169 1500 3523 1564 inflammat
3548 1500 3655 1564 vel
3684 1500 3847 1565 laeti-

2301 1610 2452 1671 ficat
2509 1606 2870 1672 affectivam
2909 1656 2932 1687 ,
2986 1611 3050 1671 et
3100 1607 3360 1673 roborat
3415 1608 3842 1691 operativam.

2303 1717 2541 1782 Verum
2571 1716 2724 1798 quia
2761 1716 2950 1797 origo
2991 1715 3316 1798 sapientia}
3364 1717 3461 1779 est
3502 1733 3543 1778 a
3586 1715 3797 1796 gratia
3817 1763 3841 1795 ,

2303 1825 2644 1909 Apostolus
2696 1825 2780 1889 ad
2843 1825 3123 1907 gratiam
3185 1825 3479 1890 hortatur
3507 1871 3528 1902 ‚
3583 1825 3672 1889 sic
3734 1825 3846 1888 in-

2304 1935 2533 2017 quiens
2561 1935 2651 1998 ¹⁰:
2692 1957 2724 1996 α
2752 1933 3096 1998 Hortamur
3136 1952 3279 2012 vos,
3325 1951 3410 1997 nc
3453 1933 3522 1996 in
3561 1951 3846 1999 vacuum

2303 2041 2578 2125 gratiam
2621 2041 2733 2105 Dm
2775 2041 3111 2124 recipiatis
3153 2063 3184 2100 n
3227 2040 3596 2121 Dirigamus
3642 2039 3849 2121 igitur

2305 2167 2666 2215 sermonem
2684 2149 2765 2213 ad
2786 2149 3130 2229 Christum,
3155 2148 3432 2213 dicentes
3447 2148 3488 2184 ¹¹
3513 2170 3530 2213 z
3558 2170 3590 2208 α
3607 2148 3854 2213 Diffusa

2305 2262 2400 2322 est
2420 2258 2713 2339 gratiain
2739 2257 2925 2321 labiis
2951 2256 3101 2320 tuis.
3124 2278 3155 2316 n
3182 2256 3356 2321 Sicut
3374 2257 3546 2322 enim
3575 2276 3658 2322 ex
3684 2275 3852 2339 prae-

2309 2367 2679 2431 cedentibus
2701 2371 2764 2431 et
2790 2365 3323 2448 subsequentibus
3349 2365 3585 2448 liquet,
3613 2384 3854 2431 sermo-

2306 2493 2458 2539 nem
2499 2474 2673 2539 hunc
2714 2474 3033 2557 Propheta
3075 2472 3297 2554 dirigit
3341 2473 3424 2537 ad
3463 2473 3789 2539 Christum
3825 2493 3846 2537 ε

2308 2581 2748 2646 antecedenter
2775 2582 2949 2645 enim
2978 2579 3207 2644 dicitur
3238 2598 3256 2643 ε
3295 2603 3327 2640 ι
3359 2579 3692 2664 Speciosus
3717 2582 3852 2644 for-

2309 2709 2417 2755 ma
2441 2708 2575 2771 prae
2596 2690 2743 2753 filiis
2769 2689 3129 2753 hominum.
3159 2710 3191 2747 ιο
3229 2687 3697 2771 Consequenter
3723 2708 3849 2753 an-

2308 2801 2583 2865 nectitur
2615 2821 2630 2863 :
2671 2823 2702 2861 <1
2744 2797 2938 2863 Sedes
2985 2800 3131 2876 tua,
3176 2796 3373 2876 Deus,
3428 2798 3497 2861 in
3541 2797 3854 2862 saeculum

2310 2909 2549 2974 saeculi.
2573 2930 2604 2969 n
2631 2907 2876 2974 Verum
2897 2905 3157 2988 quidem
3180 2908 3305 2984 est,
3327 2905 3500 2987 quod
3523 2906 3594 2970 in
3609 2907 3857 2973 Joarme

2307 3017 2610 3080 scribitur
2633 3017 2678 3057 ¹¹
2707 3036 2724 3080 ε
2753 3037 2784 3077 α
2801 3014 2935 3080 Lex
2962 3031 3076 3095 per
3101 3012 3360 3096 Moysen
3385 3014 3531 3078 data
3556 3019 3672 3094 est,
3696 3033 3856 3095 gra-

2307 3124 2400 3190 tia
2425 3127 2490 3189 et
2513 3124 2749 3188 veritas
2775 3140 2890 3206 per
2911 3121 3108 3187 Jssmr
3135 3120 3446 3188 Cnms‘rnu
3473 3123 3636 3188 facta
3666 3126 3781 3188 est.
3809 3145 3843 3184 n

2309 3232 2408 3297 Ad
2447 3233 2718 3297 salutem
2756 3232 2885 3295 duo
2928 3233 3078 3294 sunt
3118 3231 3521 3296 necessaria:
3568 3232 3854 3312 cognitio
3911 3246 4049 3289 samu

2308 3341 2622 3420 veritati3‚
2670 3341 2812 3404 haec
2855 3339 3130 3403 habetur
3169 3356 3281 3420 per
3318 3338 3531 3420 legem
3556 3361 3573 3417 3
3603 3340 3851 3404 exerci-
3881 3321 3998 3416 ἔξω
4045 3319 4089 3350 ‘¹’

2307 3449 2462 3514 tatio
2506 3447 2762 3512 virtutis
2785 3494 2806 3525 ,
2854 3446 2995 3510 haec
3046 3445 3319 3509 habetur
3373 3464 3488 3528 per
3531 3448 3808 3528 gratiam
3827 3495 3851 3527 ‚

2309 3549 2468 3640 quia
2492 3555 2698 3619 virtus
2726 3557 2822 3617 est
2847 3554 3015 3616 bona
3041 3554 3313 3635 qualitas
3340 3556 3598 3632 mentis,
3621 3555 3754 3619 Lex
3785 3575 3856 3620 se

2309 3662 2505 3728 habet
2540 3662 2619 3725 ad
2670 3661 2947 3743 gratiam
2987 3659 3323 3741 dupliciter
3361 3682 3378 3725 ι
3427 3664 3857 3743 quemadmo-

2310 3772 2468 3836 dum
2503 3770 2710 3835 virtus
2751 3768 3217 3851 apprehensiva
3256 3767 3337 3831 ad
3373 3770 3730 3835 motivam:
3760 3771 3854 3837 vi·

2311 3882 2466 3946 dens
2495 3881 2763 3959 coslum,
2795 3879 2931 3943 sine
2953 3878 3191 3945 virtute
3217 3877 3466 3943 alarum
3492 3897 3624 3948 non
3653 3886 3861 3964 potest

2310 3989 2683 4072 pertingere
2736 3988 2814 4051 ad
2872 3986 3106 4051 coelum
3141 4008 3158 4064 ;
3208 3990 3273 4050 et
3315 3989 3860 4069 quemadmodum

2314 4099 2815 4161 instrumentum
2841 4094 2923 4158 ad
2949 4094 3258 4158 virtutem
3283 4095 3677 4176 operativam
3712 4120 3726 4162 :
3752 4117 3857 4162 ar·-

2312 4206 2468 4270 tifex
2491 4204 2736 4268 habens
2780 4202 3280 4265 instrumentum
3296 4250 3314 4279 ‚
3356 4204 3419 4266 et
3455 4221 3585 4267 non
3612 4205 3860 4271 habens

2311 4315 2447 4379 vim
2476 4313 2903 4396 operativam,
2931 4328 3064 4374 non
3086 4310 3244 4392 agit.
3272 4308 3319 4374 Ο
3348 4310 3568 4377 Judaee
3591 4314 3856 4396 perfide,

2310 4423 2524 4504 legem
2549 4420 2748 4484 habes
2776 4419 2843 4482 in
2872 4436 3075 4482 manu
3099 4440 3114 4481 ε
3139 4418 3262 4481 nisi
3289 4418 3528 4483 habeas
3560 4422 3694 4484 vim
3723 4440 3864 4486 mo-

2312 4531 2512 4595 tivam
2542 4576 2561 4608 ‚
2610 4545 2758 4611 quae
2803 4530 2898 4591 est
2937 4545 2980 4619 a
3028 4526 3276 4607 gratia,
3326 4544 3460 4590 non
3507 4527 3860 4594 salvaberis

2312 4657 2428 4722 per
2451 4637 2690 4717 legem.
2725 4634 3064 4717 Supplico5
3107 4633 3279 4716 quod
3297 4635 3499 4699 verba
3537 4653 3681 4700 mea
3711 4655 3859 4717 gra-

2313 4748 2421 4811 tiae
2466 4746 2864 4821 deserviant3
2897 4749 2961 4806 et
3001 4743 3271 4807 intentio
3309 4745 3537 4809 mentis
3565 4764 3766 4827 meae,
3803 4750 3861 4811 si

2316 4856 2592 4937 gratiam
2611 4853 2861 4942 habeat,
2884 4851 3329 4915 corroboretur
3343 4852 3407 4915 in
3426 4854 3658 4918 verbis».
3677 4852 3859 4920 Unde

2315 4960 2658 5043 Apostolus
2700 4959 2849 5022 dicit
2882 4958 2926 4998 ¹⁰
2963 4975 2980 5019 ε
3021 4980 3051 5018 <1
3080 4956 3430 5022 Hortamur
3474 4977 3626 5041 VOS,
3659 4984 3689 5020 ι)
3733 4967 3854 5028 etc.

2316 5068 2658 5152 Apostolus
2682 5067 2752 5131 in
2794 5065 2916 5128 hoc
2951 5065 3132 5129 brevi
3160 5066 3358 5130 verbo
3389 5067 3622 5133 excitat
3651 5070 3732 5133 ad
3759 5071 3858 5134 di·

2317 5178 2535 5244 vinam
2558 5176 2833 5258 gratiam
2846 5174 3312 5257 suscipiendam
3336 5196 3352 5238 :
3382 5197 3413 5237 α
3436 5174 3578 5240 Reci
3584 5177 3793 5260 piatis,
3818 5201 3849 5238 n

2316 5285 2556 5368 inquit3
2588 5284 2667 5348 ad
2697 5286 3054 5365 susceptam
3094 5282 3573 5348 custodiendam
3621 5307 3638 5351 z
3688 5307 3719 5348 α
3764 5286 3859 5353 Ne

2315 5449 2337 5484 ⁸
2363 5446 2547 5511 Eccli„
2573 5457 2661 5510 xv,
2690 5448 2741 5496 5.
2769 5470 2831 5484 -
2859 5446 3030 5506 ⁹,Jac.‚
3057 5457 3096 5508 1,
3128 5448 3201 5495 17.
3224 5470 3286 5483 -
3315 5446 3351 5477 ¹·
3378 5446 3417 5497 ll
3451 5446 3591 5512 Cor„
3619 5459 3690 5512 vt,
3724 5453 3771 5502 ι.
3795 5473 3858 5488 -

2321 5521 2354 5552 ¹¹
2384 5517 2522 5570 Psal.
2552 5529 2696 5581 mv,
2727 5519 2775 5583 3,
2804 5518 2851 5570 Ἰ.
2881 5542 2943 5556 -
2973 5518 3014 5552 ¹²
3035 5518 3199 5579 Joan„
3227 5528 3268 5578 1,
3297 5518 3377 5570 Π,
