4196 6294
1384 530 1465 596 IN
1506 530 2077 602 HEXAEMERON.
2125 533 2358 601 SERM.
2403 534 2560 602 XVI.

371 656 611 737 medi0,
645 676 687 721 a
732 657 1053 725 Clemente
1101 680 1308 747 usque
1350 666 1432 731 ad
1473 665 1877 752 sylvestrum
1897 717 1915 746 ,

369 765 633 829 fuerunt
663 766 884 832 decem
911 770 1212 837 maximae
1239 776 1730 856 persecutiones,

454 873 734 958 Tempus
786 895 1034 943 normae
1087 881 1412 947 catholicae
1444 931 1462 959 ‚
1507 903 1546 947 a
1592 882 1918 967 Sylvestro

362 976 580 1066 'usque
614 984 694 1048 ad
722 983 1003 1050 Leonem
1040 988 1360 1070 primum,
1390 991 1511 1055 sub
1538 1010 1669 1074 quo
1694 991 1918 1057 datum

372 1094 473 1154 est
503 1091 894 1174 symbolum.

459 1197 738 1283 Tempus
775 1201 939 1282 legis
966 1202 1233 1284 justitiae
1251 1254 1270 1283 ,
1306 1223 1344 1268 a
1371 1203 1580 1271 Leone
1605 1225 1814 1290 usque
1841 1211 1921 1274 ad

375 1306 766 1388 Gregorium
811 1307 1178 1391 Doctorem,
1209 1311 1279 1375 in
1325 1331 1453 1395 quo
1482 1318 1737 1380 statutae
1774 1322 1924 1382 sunt

372 1416 558 1498 leges
578 1417 877 1499 justitiae,
920 1424 983 1484 et
1011 1438 1285 1487 canones
1325 1430 1389 1487 et
1415 1425 1667 1506 regulae
1702 1427 1918 1491 catho-

373 1524 520 1589 licae
559 1529 625 1589 et
666 1528 1064 1607 monasticae,
1094 1529 1167 1594 in
1208 1548 1337 1613 quo
1372 1532 1597 1596 beatus
1622 1532 1921 1598 Benedic-

374 1637 487 1696 tus
532 1633 655 1696 fuit
682 1681 704 1712 ,
750 1633 863 1715 qui
911 1634 1106 1700 etiam
1161 1639 1569 1720 prophetavit
1610 1640 1688 1704 de
1738 1641 1922 1706 beato

378 1738 691 1823 Gregorio
704 1788 722 1819 ,
770 1747 835 1807 et
884 1742 1210 1809 benedixit
1249 1750 1522 1812 matrem
1570 1766 1922 1831 praegnan-

376 1853 535 1913 tem.

465 1956 742 2041 Tempus
797 1959 1092 2024 sublimis
1137 1962 1451 2028 cathedrae
1476 2012 1496 2043 ,
1537 1983 1575 2028 a
1613 1963 1924 2047 Gregorio

377 2086 584 2152 usque
610 2068 690 2133 ad
723 2068 1112 2149 Adrianum,
1146 2073 1265 2137 sub
1302 2091 1433 2155 quo
1474 2076 1796 2138 mutatum
1827 2080 1924 2141 est

379 2176 755 2259 imperium,
778 2180 841 2241 et
856 2176 1137 2242 divisum
1160 2178 1228 2241 in
1250 2179 1519 2243 Romam
1545 2184 1609 2244 et
1631 2181 1713 2263 (α)
1738 2183 1928 2248 Cons-

377 2284 857 2367 tantinopolim.
910 2283 1173 2351 Carolus
1208 2286 1280 2350 in
1327 2288 1593 2352 Ecclesia
1630 2289 1922 2355 occiden-

378 2390 493 2454 tali
518 2391 639 2456 fuit
677 2392 927 2476 primus
970 2393 1336 2476 imperator,
1354 2398 1432 2489 *et
1460 2414 1575 2459 rex
1613 2396 1809 2462 ltaliae
1848 2397 1928 2462 de

378 2497 673 2577 Francia,
699 2499 850 2582 quia
878 2519 1029 2565 cum
1050 2501 1363 2565 insultum
1394 2501 1748 2567 alienarum
1770 2523 1928 2586 gen-

376 2606 544 2670 tium
588 2626 722 2672 non
768 2613 1024 2691 possent
1069 2610 1378 2675 sustinere
1397 2660 1414 2687 ,
1443 2612 1731 2677 fecerunt
1775 2632 1927 2678 eum

376 2732 603 2796 regem
660 2713 886 2794 Italiae,
943 2718 1006 2780 et
1056 2717 1375 2798 pugnavit
1429 2722 1649 2783 contra
1698 2738 1927 2802 regem

377 2820 981 2903 Longobardorum,
1012 2828 1075 2888 et
1104 2824 1474 2907 praevaluit.

461 2928 737 3012 Tempus
761 2930 950 2996 clarae
980 2932 1317 3014 doctrinae,
1348 2935 1431 2998 ab
1474 2933 1776 2999 Adriano,
1805 2934 1929 2999 Sed

378 3042 694 3120 quantum
735 3038 1023 3119 durabit,
1075 3041 1221 3123 quis
1260 3045 1468 3124 potest
1492 3042 1751 3107 dicere?
1781 3045 1931 3109 Cer-

379 3149 523 3207 tum
565 3149 691 3223 est,
738 3146 910 3228 quod
955 3146 1026 3211 in
1068 3147 1177 3212 illo
1230 3167 1475 3214 sumuS.
1529 3152 1783 3215 Certum
1833 3154 1932 3214 est

377 3250 606 3331 etiam,
635 3255 808 3336 quod
848 3254 1105 3319 durabit
1139 3274 1341 3338 usque
1385 3257 1464 3320 ad
1513 3256 1927 3340 dejectionem

376 3359 600 3424 bestiae
629 3363 1023 3426 ascendentis
1050 3364 1129 3428 de
1160 3364 1389 3446 abysso
1415 3413 1438 3444 ,
1485 3365 1743 3447 quando
1781 3384 1931 3431 con-

376 3466 686 3532 fundetur
713 3467 1033 3552 Babylon,
1067 3473 1127 3534 et
1154 3470 1521 3553 dejicietur,
1552 3476 1615 3536 et
1642 3476 1786 3556 post
1814 3474 1924 3538 da-

376 3575 559 3639 bitur
586 3595 734 3662 pax.

464 3682 754 3748 Primum
782 3689 995 3750 tamen
1022 3704 1278 3752 necesse
1305 3691 1431 3767 est,
1462 3693 1537 3752 ut
1562 3690 1782 3754 veniat
1810 3690 1930 3755 tri-

377 3791 624 3856 bulatio
671 3815 685 3857 ε
730 3797 791 3857 et
850 3811 982 3858 non
1036 3798 1132 3857 aet
1184 3794 1516 3877 ponendus
1566 3798 1924 3878 terminus3

376 3902 536 3981 quia
564 3900 783 3965 nullus
813 3902 930 3965 scit
969 3906 1284 3984 quantum
1315 3906 1568 3986 tempus
1615 3904 1772 3969 illud
1815 3925 1929 3990 pa-

376 4005 475 4071 cis
515 4007 731 4086 duret,
776 4010 930 4092 quia
961 4010 981 4046 ¹
1027 4031 1044 4071 z
1097 4032 1127 4070 α
1155 4009 1315 4074 Cum
1345 4010 1663 4077 dixerint:
1695 4032 1823 4096 pax
1866 4018 1929 4080 et

379 4115 722 4193 securitas,
750 4120 1011 4199 repente
1056 4116 1274 4181 veniet
1322 4135 1515 4202 super
1556 4138 1665 4186 eos
1707 4121 1929 4189 interi-

376 4225 507 4285 tus.
536 4243 568 4281 ι

463 4326 737 4412 Tempus
761 4332 976 4394 autem
1005 4331 1374 4415 septimum,
1406 4333 1641 4400 scilicet
1681 4337 1928 4404 ultimae

380 4435 614 4519 quictis
635 4485 653 4514 ‚
695 4436 919 4519 incipit
952 4457 992 4503 a
1032 4439 1308 4504 clamore
1352 4442 1588 4523 angeli,
1618 4445 1731 4527 qui
1753 4448 1932 4529 jura-

379 4543 476 4607 bit
500 4549 525 4584 ²
559 4565 590 4604 u
620 4561 734 4627 per
774 4544 1101 4609 viventem
1141 4546 1211 4609 in
1254 4548 1489 4612 saecula
1515 4551 1924 4632 saeculorum,

379 4652 555 4736 quod
604 4654 862 4735 tempus
913 4652 1192 4735 amplius
1234 4672 1366 4719 non
1410 4655 1570 4736 erit;
1621 4680 1653 4718 n
1708 4660 1818 4723 sed
1860 4661 1928 4725 in

380 4757 607 4821 diebus
653 4758 904 4840 septimi
943 4761 1163 4841 angeli
1198 4765 1767 4830 consummabitur.
1806 4765 1927 4832 Sed

379 4869 626 4946 septem
700 4869 988 4948 tempora
1058 4867 1335 4933 Joannes
1403 4869 1471 4934 in
1538 4871 1931 4958 Apocalypsi

381 4972 867 5054 comprehendit
895 4973 961 5036 in
1002 4978 1246 5057 septem
1293 4976 1698 5044 visionibus:
1745 5000 1925 5062 quae-

379 5079 537 5143 libet
579 5079 839 5143 illarum
884 5084 979 5145 est
1022 5082 1406 5165 septiformis
1428 5134 1445 5165 ,
1494 5091 1558 5151 et
1599 5089 1931 5171 consurgit

379 5190 465 5254 ad
497 5203 848 5255 numerum
881 5189 1153 5275 jubilaei.
1184 5191 1335 5258 Haec
1369 5199 1612 5279 septem
1640 5200 1929 5280 tempora

449 5383 725 5450 1.,ΙΤΙιευ
754 5390 880 5453 ν,3.
914 5387 1223 5454 -ἳΔροα,
1252 5402 1316 5456 Χ,
1346 5395 1392 5443 6.
1428 5393 1718 5454 —⁸Geu.,
1758 5396 1925 5458 1.,26

385 5529 444 5592 ⁴3
384 5425 817 5593 -λῖἠειαιινιὶιιιῖ
838 5461 940 5511 5·9.
966 5460 1276 5526 -ῑΗιόικ,
1314 5474 1372 5527 ιι,
1405 5465 1453 5514 9.
1482 5490 1546 5502 -
1573 5464 1826 5526 ‘Habac.,
1865 5475 1927 5529 11,

3453 543 3570 605 10¹1

2023 669 2412 736 clauduntur
2439 672 2508 736 in
2533 671 2860 754 Psalterio,
2891 673 3004 737 ubi
3035 675 3187 738 sunt
3225 675 3357 739 troe
3389 674 3571 757 quin·

2023 795 2367 859 quagenae.
2394 780 2622 863 Accipe
2661 780 2742 845 ad
2781 781 2922 845 haec
2949 781 3571 863 correspondentiam

2021 885 2328 967 temporis
2382 886 2673 969 figuralis
2693 934 2710 965 ‚
2762 890 2827 952 et
2849 887 3114 953 salutis,
3165 888 3243 952 ln
3286 893 3573 972 tempore

2023 994 2277 1056 naturae
2316 994 2589 1058 conditae
2635 995 2757 1059 tria
2800 994 3063 1060 fuerunt
3104 1015 3120 1059 ε
3166 994 3409 1077 prim0,
3441 996 3575 1059 for-

2024 1099 2224 1163 matio
2268 1099 2550 1165 hominis
2586 1103 2664 1167 de
2704 1105 2906 1181 terra3
2939 1102 3241 1180 secundo,
3284 1103 3570 1182 tentatio,

2024 1208 2450 1289 transgressio
2471 1257 2488 1287 ,
2523 1209 2815 1286 nudatio;
2847 1209 3064 1288 tertio,
3106 1209 3351 1292 ejectio.
3398 1208 3575 1275 Unus

2026 1313 2200 1376 enim
2242 1314 2414 1377 filius
2453 1315 2765 1380 interfecit
2807 1316 3031 1395 alium,
3061 1320 3126 1381 et
3166 1316 3312 1381 ideo
3350 1335 3574 1382 omnes

2026 1422 2165 1502 filii,
2197 1422 2312 1506 qui
2338 1424 2474 1487 nati
2504 1429 2654 1488 sunt
2679 1427 2757 1490 de
2784 1424 2961 1502 Cain,
2986 1425 3155 1490 male
3180 1426 3490 1508 fecerunt,
3512 1433 3575 1494 et

2028 1547 2252 1593 omnes
2279 1531 2629 1613 perierunt.
2671 1531 2743 1596 In
2774 1550 2943 1597 novo
2987 1535 3395 1614 testamento,
3435 1539 3577 1617 post

2028 1638 2409 1720 scripturam
2452 1638 2891 1721 prophetalem
2932 1645 2997 1704 et
3040 1643 3402 1723 temporum
3432 1661 3576 1706 cur·

2029 1762 2161 1824 sus,
2190 1744 2503 1810 formatus
2528 1751 2622 1810 est
2650 1745 2960 1826 Christus,
2984 1747 3149 1812 sicut
3173 1746 3369 1812 homo
3393 1752 3578 1814 sexta

2029 1852 2154 1931 die,
2177 1854 2290 1934 qui
2305 1855 2329 1893 ⁸
2359 1875 2390 1914 α
2406 1854 2624 1936 praesit
2642 1854 3007 1919 volatilibus
3030 1854 3194 1933 eceli,
3215 1858 3281 1920 et
3297 1855 3579 1938 piscibus

2031 1960 2251 2024 maris.
2287 1980 2317 2020 n
2355 1958 2533 2025 Sicut
2574 1961 2806 2026 dicitur
2841 1962 2911 2025 in
2938 1961 3241 2029 Psalmo-⁴
3281 1980 3299 2025 z
3356 1985 3387 2024 α
3415 1962 3580 2041 Quid

2029 2071 2129 2131 est
2166 2069 2383 2147 homo,
2415 2068 2586 2150 quod
2630 2086 2878 2134 memor
2912 2087 2981 2133 es
3020 2072 3160 2152 ejus
3203 2092 3218 2134 ε
3261 2074 3372 2134 aut
3410 2070 3581 2136 filius

2030 2173 2351 2254 hominiS,
2407 2175 2714 2258 quoniam
2766 2176 2992 2241 visitas
3043 2179 3240 2242 eum?
3292 2176 3578 2243 Minuisti

2032 2300 2185 2346 eum
2213 2283 2404 2365 paulo
2433 2283 2651 2347 minus
2676 2283 2758 2346 ab
2802 2284 3075 2365 angelis,
3112 2285 3324 2365 gloria
3352 2290 3416 2349 et
3454 2286 3579 2351 ho-

2032 2406 2191 2452 nore
2226 2390 2539 2453 coronasti
2582 2407 2756 2454 eum.
2808 2390 3035 2454 Omnia
3086 2392 3410 2473 subjecisti
3456 2394 3579 2458 sub

2032 2497 2301 2581 pedibus
2328 2500 2490 2581 ejus,
2514 2515 2688 2578 oveS,
2719 2502 2783 2562 et
2810 2498 3007 2562 boves
3025 2498 3377 2579 universum,
3410 2501 3581 2564 insu-

2032 2624 2149 2689 per
2174 2609 2237 2670 et
2265 2623 2493 2689 pecora
2520 2607 2763 2689 campi;
2798 2606 3090 2671 volucres
3119 2607 3263 2671 coeli
3289 2611 3354 2671 et
3381 2608 3581 2691 pisces

2033 2713 2251 2791 maris,
2286 2735 2317 2772 n
2348 2717 2468 2777 etc.
2500 2712 2579 2777 Et
2602 2712 2774 2798 quod
2794 2712 3187 2795 intelligatur
3205 2713 3283 2779 de
3305 2712 3576 2797 Christo,

2034 2821 2376 2905 Apostolus
2403 2820 2553 2885 dicit
2569 2822 2593 2857 ⁸
2618 2844 2634 2885 ε
2662 2844 2694 2883 α
2708 2820 2899 2900 Eum,
2916 2821 3028 2904 qui
3049 2821 3240 2904 paulo
3259 2821 3473 2887 minus
3499 2824 3580 2888 ab

2034 2929 2310 3010 angeIiS,
2345 2928 2558 3010 gloria
2583 2929 2940 3008 ethonore,
2972 2951 3004 2989 n
3038 2933 3159 2995 etc.

2115 3036 2322 3101 Homo
2371 3037 2661 3111 conditus
2708 3037 2786 3102 de
2838 3041 3011 3102 terra
3051 3037 3383 3121 virginea,
3430 3058 3578 3122 quae

2034 3146 2324 3210 nondum
2347 3145 2734 3227 sanguinem
2761 3150 3141 3229 susceperat,
3167 3146 3385 3228 signat
3407 3146 3581 3213 Chri-

2035 3258 2209 3318 stum
2240 3253 2317 3319 de
2340 3251 2610 3335 Virgine
2635 3256 2886 3318 natum.
2910 3252 3088 3318 Sicut
3114 3253 3251 3318 Eva
3278 3255 3355 3319 de
3382 3255 3578 3339 latere

2036 3361 2191 3425 Adae
2221 3361 2492 3425 formata
2518 3366 2636 3439 est,
2668 3361 2758 3425 sic
2798 3361 3073 3427 Ecclesia
3112 3363 3189 3428 de
3221 3361 3448 3427 Christi
3491 3363 3583 3429 la-

2036 3472 2191 3533 tere.
2225 3468 2349 3533 Sed
2374 3488 2524 3533 cum
2566 3468 2852 3534 Christus
2888 3488 3223 3552 nunquam
3269 3470 3580 3554 praevari-

2036 3580 2216 3641 catus
2280 3576 2518 3655 fuerit,
2585 3576 2906 3662 quomodo
2959 3576 3082 3640 sibi
3136 3576 3581 3660 correspondet

2034 3684 2462 3765 transgressio
2513 3683 2709 3749 Adae?
2752 3683 2886 3748 Hoc
2938 3683 3271 3749 transferri
3309 3684 3494 3749 debet
3538 3703 3579 3750 a

2036 3792 2239 3873 capite
2265 3790 2345 3855 ad
2373 3791 2680 3855 membra.

2119 3898 2482 3963 Notandum
2503 3948 2520 3977 ,
2562 3899 2735 3982 quod
2777 3896 3054 3964 Ecclesia
3096 3899 3302 3982 posita
3341 3899 3462 3964 fuit
3511 3900 3580 3965 in

2040 4006 2362 4086 Paradis0,
2387 4007 2571 4089 quasi
2590 4007 2838 4088 primus
2852 4005 3070 4085 homo,
3095 4008 3170 4071 ut
3184 4011 3575 4089 operaretur,

2036 4115 2154 4179 ubi
2181 4114 2399 4179 nullus
2423 4113 2663 4195 aliquid
2691 4132 2889 4178 suum
2920 4132 3057 4178 esse
3080 4113 3348 4179 dicebat.
3383 4114 3580 4178 lucoe-

2035 4222 2134 4305 pit
2183 4221 2258 4305 (b)
2308 4221 2481 4285 enim
2531 4221 2599 4284 in
2650 4238 2891 4302 magna
2933 4221 3314 4303 perfectione
3334 4269 3354 4300 ,
3409 4221 3581 4304 quod

2038 4330 2228 4395 modo
2264 4330 2334 4393 in
2373 4328 2693 4409 religiosis
2733 4332 3170 4405 conservatur,
3200 4328 3354 4412 quia
3397 4346 3579 4393 amor

2038 4437 2267 4503 Christi
2291 4436 2502 4500 adhuc
2526 4453 2746 4500 recens
2768 4438 2929 4514 erat,
2957 4439 3021 4499 et
3041 4435 3244 4500 multa
3270 4436 3461 4500 turba
3486 4454 3580 4499 sa-

2038 4544 2366 4611 cerdotum
2392 4542 2725 4608 obediebat
2751 4541 2925 4606 fidei.
2961 4540 3112 4606 Haec
3145 4540 3440 4620 Ecclesia,
3463 4542 3580 4605 sci-

2034 4654 2182 4718 licet
2210 4669 2357 4736 quae
2388 4650 2646 4734 incoepit
2671 4649 2741 4713 in
2765 4648 3036 4728 Judaeis,
3064 4648 3216 4730 quia
3250 4652 3575 4712 converte-

2035 4761 2273 4825 bantur
2301 4757 2491 4822 modo
2519 4758 2799 4839 quatuor
2825 4754 3050 4834 millia,
3080 4754 3268 4818 modo
3291 4753 3580 4837 quinque

2036 4868 2257 4946 millia,
2278 4865 2503 4931 habuit
2528 4864 2783 4945 lignum
2797 4862 2974 4939 vitae,
2994 4861 3252 4943 lignum
3270 4859 3575 4927 scientiae.

2035 4975 2319 5059 Lignum
2353 4975 2529 5053 vitae,
2568 4970 2805 5036 scilicet
2831 4972 3044 5050 fldem,
3074 4971 3227 5053 quia
3255 4970 3277 5006 ⁸
3313 4971 3581 5053 «justus

2035 5106 2119 5151 ex
2145 5086 2268 5151 flde
2294 5102 2412 5149 sua
2437 5081 2622 5149 vivit.
2651 5105 2683 5142 ι
2723 5079 2959 5145 Habuit
2984 5078 3242 5163 lignum
3270 5080 3575 5157 scientiae,

2034 5194 2270 5259 scilicet
2292 5192 2528 5273 legem,
2564 5207 2713 5272 quae
2741 5187 3046 5254 remansit
3081 5187 3205 5251 sibi
3233 5188 3312 5252 ad
3350 5187 3577 5253 viden·

2035 5302 2193 5367 dum
2207 5351 2223 5382 ,
2283 5303 2347 5364 et
2367 5317 2372 5324 ·
2395 5298 2744 5380 legendum
2762 5345 2779 5377 ,
2835 5313 2967 5360 non
3018 5295 3101 5361 ad
3151 5295 3574 5374 vescendum3

2101 5461 2173 5526 (a)
2214 5462 2338 5512 Coet.
2370 5458 2493 5509 edit.
2531 5472 2628 5509 nou
2663 5457 2846 5510 habene
2887 5457 3106 5512 Romam
3143 5461 3212 5512 et.
3251 5486 3305 5497 —

3353 5456 3422 5522 (ὁ)
3451 5455 3576 5509 cae.

2035 5534 2160 5587 edit.
2188 5530 2396 5586 incedit·
3379 5561 3395 5575 .
