4196 6294
707 474 823 537 512

706 612 793 664 est
814 622 925 681 per
963 607 1269 665 hominem
1314 608 1666 667 exteriorem
1709 610 2130 682 praenuntiata,
2177 609 2257 667 ab

704 700 979 759 exteriori
1022 701 1102 759 ad
1141 702 1480 759 interiorem
1529 702 1826 773 nuntiata,
1868 719 1975 776 per
2014 703 2257 761 interio-

702 810 831 852 rem
858 796 1179 853 enuntiata.
1221 800 1298 853 De
1339 796 1534 870 primo
1582 799 1600 833 ¹
1653 814 1668 853 τ
1723 820 1751 851 α
1794 801 1890 855 Est
1915 798 2018 872 qui
2048 798 2259 855 emittit

705 888 956 946 verbum
985 894 1208 947 certum
1236 905 1518 947 enarrans
1546 891 1852 948 veritatem
1882 910 1897 949 ε
1925 913 1951 944 »
1987 908 2123 949 ecce
2153 908 2252 950 ve-

701 982 842 1040 ritas
869 998 977 1056 per
1018 983 1368 1040 exteriorem
1393 983 1700 1041 hominem
1741 985 2141 1058 pronuntiata.
2177 987 2253 1042 De

705 1076 969 1134 secundo
996 1077 1018 1111 ²
1048 1094 1063 1134 ε
1100 1098 1128 1130 α
1157 1076 1379 1135 Sensati
1407 1077 1470 1133 in
1498 1078 1717 1148 verbiS,
1745 1082 1801 1135 et
1826 1078 1938 1152 ipsi
1954 1078 2252 1153 sapienter

703 1173 970 1243 egerunt,
1000 1173 1059 1228 et
1081 1170 1494 1229 intellexerunt
1529 1171 1836 1229 veritatem
1866 1190 1882 1229 :
1916 1195 1942 1224 υ
1970 1188 2105 1231 ecce
2142 1188 2251 1229 ve·-

608 1310 612 1315 .
700 1264 842 1321 ritas
882 1265 961 1323 ab
1004 1265 1280 1324 exteriori
1313 1266 1556 1326 homine
1587 1268 1665 1325 ad
1692 1268 2033 1327 interiorem
2059 1270 2252 1327 homi-

527 3958 672 4000 Causa

468 4021 661 4074 quadru-

460 4078 577 4135 plex-

703 1374 839 1416 nem
868 1360 1153 1417 nuntiata.
1195 1363 1272 1417 De
1302 1361 1470 1418 tertio
1514 1362 1742 1419 canitur
1762 1363 1820 1419 ⁸:
1855 1364 2011 1432 «Qui
2055 1362 2251 1438 loqui·

702 1455 795 1509 tur
813 1453 1120 1511 veritatem
1155 1453 1220 1510 in
1255 1454 1436 1513 corde
1464 1471 1572 1513 suo
1606 1473 1620 1510 :
1649 1477 1676 1510 n
1713 1471 1848 1514 ecce
1896 1456 2116 1514 veritas
2145 1473 2251 1531 per

701 1547 1007 1607 hominem
1032 1549 1374 1609 interiorem
1401 1551 1723 1610 enuntiata.

1347 1715 1610 1782 Epilogus.

770 1833 1138 1893 manifestans
1166 1851 1310 1908 ergo
1352 1838 1643 1910 Propheta
1669 1836 1835 1894 illam
1862 1836 2090 1895 vocalis
2116 1854 2250 1895 ora-

701 1927 876 1984 tionis
901 1927 1201 2000 virtutem,
1233 1943 1356 2002 qua
1397 1930 1607 1988 doctor
1634 1931 1905 2004 superior
1928 1947 2037 2005 per
2061 1931 2252 1988 homi-

699 2039 838 2080 nem
866 2024 1217 2082 exteriorem
1243 2025 1577 2097 ingreditur
1620 2025 1699 2083 ad
1738 2026 2096 2098 interiorem,
2127 2026 2248 2083 ait:

704 2119 807 2187 Tu,
831 2120 1071 2187 Domine,
1100 2121 1386 2192 quantum
1406 2118 1484 2176 ad
1513 2120 1824 2177 doctorem
1857 2121 2251 2194 superiorem,

702 2211 806 2284 qui
832 2211 1158 2283 ingreditur
1167 2231 1183 2284 ;
1207 2214 1381 2284 Prope
1415 2227 1488 2285 es,
1519 2218 1808 2287 quantum
1836 2214 1915 2271 ad
1942 2214 2250 2272 hominem

698 2305 1069 2376 interiorem,
1097 2306 1184 2363 ad·
1204 2323 1384 2379 quem
1420 2305 1750 2379 ingreditur
1761 2326 1779 2379 3
1820 2310 1893 2364 Et
1930 2324 2108 2366 omnes
2147 2311 2253 2365 vioe

702 2406 830 2470 tuoe,
854 2399 918 2456 id
946 2405 1051 2470 est,
1080 2416 1259 2457 voces
1272 2399 1689 2473 pronuntiatae,
1720 2405 2009 2474 quantum
2038 2402 2118 2459 ad
2145 2402 2252 2459 ho-

702 2494 925 2551 minem
951 2494 1323 2565 exteriorem,
1354 2509 1462 2566 per
1487 2509 1667 2568 quem
1697 2493 2055 2567 ingreditur-3
2091 2498 2250 2551 Veri-

705 2597 813 2659 tas,
841 2589 902 2646 id
932 2592 1048 2660 est,
1073 2591 1209 2646 sunt
1244 2589 1459 2647 veritas
1500 2590 1795 2658 nuntiata,
1843 2605 1979 2646 cum
2012 2606 2163 2663 qua,
2195 2595 2251 2646 et

702 2680 765 2738 in
793 2699 914 2755 qua
940 2682 1286 2756 ingreditur.

1227 2907 1556 2950 vnnslcums
1590 2908 1709 2951 vul.

772 3067 895 3122 152.
913 3065 1081 3121 Initio
1092 3066 1310 3135 coquom·
1323 3064 1390 3120 de
1413 3064 1730 3120 testimoniis
1753 3065 1887 3134 tuis,
1907 3067 2015 3120 etc.
2033 3061 2245 3119 Audito

702 3175 825 3233 quo
862 3157 1047 3216 modo
1099 3174 1207 3232 per
1245 3157 1552 3215 hominem
1604 3157 1946 3215 interiorem
1993 3156 2248 3214 exterior

699 3252 1070 3317 exaudiatur,
1100 3267 1222 3325 quo
1264 3251 1452 3309 modo
1488 3267 1596 3325 per
1623 3251 1975 3309 exteriorem
2003 3250 2248 3307 interior

700 3346 1092 3416 custodiatur,
1120 3362 1242 3419 quo
1277 3346 1461 3405 modo
1504 3363 1616 3420 per
1654 3346 2008 3405 exteriorem
2036 3346 2248 3405 doctor

699 3442 968 3516 superior
993 3441 1378 3515 ingrediatur,
1401 3443 1769 3501 audiendum
1791 3446 2092 3517 postremo
2121 3458 2244 3515 quo

698 3536 884 3594 modo
921 3551 1028 3610 per
1066 3536 1415 3594 exteriorem
1463 3536 1705 3594 interior
1747 3536 2070 3594 erudiatur.
2125 3538 2245 3592 Hoc

700 3635 898 3689 autem
937 3630 1000 3687 in
1025 3634 1192 3704 parte
1229 3629 1340 3687 ista
1372 3631 1605 3703 egregie
1646 3630 1951 3688 citharizat
1994 3629 2245 3687 eximius

700 3726 1011 3784 citharista.
1069 3726 1158 3783 Ad
1209 3727 1377 3799 cujus
1437 3725 1751 3783 clariorem
1794 3723 2245 3797 intelligentiam

697 3820 1129 3894 praevideamus
1156 3818 1479 3892 corporalis
1517 3823 1573 3875 et
1601 3817 1919 3892 spiritualis
1948 3818 2244 3875 alteratio-

697 3913 789 3970 nis
833 3929 1157 3971 consonam
1203 3912 1600 3969 harmoniam.
1657 3913 1833 3969 Plane
1883 3911 1946 3968 in
1990 3914 2242 3985 utraque

700 4007 1042 4065 alteratione
1089 4008 1333 4082 possunt
1385 4005 1669 4077 assignari
1715 4009 1972 4079 quatuor
2027 4020 2239 4076 causae,

699 4101 920 4159 scilicet
945 4101 1183 4158 initialis
1192 4141 1211 4171 ,
1242 4099 1578 4171 materiaIiS,
1608 4098 2066 4156 instrumentalis
2075 4141 2096 4170 ,
2120 4098 2240 4156 for-

699 4195 890 4254 malis.
920 4196 1169 4252 Causam
1194 4193 1479 4251 initialem
1523 4193 1661 4250 dico
1708 4208 1949 4250 causam
1981 4191 2242 4250 efficien-

700 4295 849 4365 tem,
888 4307 1070 4366 quam
1091 4288 1371 4364 appellat
1410 4287 1804 4362 Philosophus
1842 4289 1886 4359 ⁸,
1925 4286 2085 4345 unde
2132 4286 2242 4344 ini-

698 4386 843 4446 tium
871 4388 1088 4444 motus,
1117 4386 1272 4442 Sicut
1297 4386 1528 4455 autem,
1566 4382 1629 4439 in
1657 4381 2001 4440 alteratione
2029 4396 2240 4455 corpo-

694 4479 804 4539 rali
815 4522 836 4551 ,
875 4496 1055 4538 causa
1090 4477 1329 4535 initialis
1374 4476 1438 4534 in
1476 4475 1841 4535 materialem
1890 4491 1998 4549 per
2023 4474 2240 4533 instru-

694 4574 1012 4633 mentalem
1027 4572 1251 4631 inducit
1262 4570 1600 4641 formalem,
1615 4568 1783 4628 verbi
1804 4568 2016 4643 gratia,
2047 4568 2238 4643 pictor

692 4668 756 4726 in
807 4668 1131 4743 imaginem
1177 4682 1286 4741 per
1337 4664 1683 4739 penicillum
1728 4663 1955 4720 inducit
2007 4662 2238 4720 albedi-

690 4778 857 4835 nem;
889 4762 969 4820 ita
1006 4778 1115 4837 per
1154 4759 1389 4831 omnia,
1433 4758 1497 4815 in
1537 4756 1879 4815 alteratione
1925 4755 2235 4830 spirituali,

692 4855 930 4914 initialis
966 4855 1030 4912 in
1063 4854 1430 4913 materialem
1463 4867 1571 4926 per
1606 4850 2115 4909 instrumentalem
2144 4851 2234 4907 in-

690 4951 948 5011 troducit
977 4949 1287 5008 formalcm
1316 4966 1331 5004 :
1361 4946 1532 5005 verbi
1571 4962 1750 5004 causa
1764 4988 1784 5017 ,
1814 4945 2021 5004 doctor
2057 4962 2235 5020 supe—

691 5046 813 5104 rior
862 5045 927 5102 in
977 5044 1280 5103 hominem
1336 5040 1677 5099 interiorem
1725 5056 1858 5114 per,
1880 5039 2233 5099 exteriorem

691 5137 1011 5197 introducit
1035 5136 1294 5195 veritatis
1320 5134 1720 5209 splendorem.
1753 5134 1925 5204 Quod
1953 5134 2086 5192 luce
2117 5134 2233 5192 cla·

689 5232 814 5292 rius
841 5232 1165 5292 declaravit
1188 5231 1502 5305 Propheta,
1537 5246 1675 5288 cum
1710 5229 1791 5288 ait
1818 5250 1836 5287 ε
1866 5232 2056 5304 Initio,
2087 5233 2196 5289 etc.
2213 5248 2230 5302 3

757 5362 768 5391 ¹
798 5359 976 5422 ticeli„
1008 5370 1126 5422 ¹111,
1155 5361 1236 5408 23.
1264 5383 1325 5395 -
1366 5358 1389 5392 ²
1414 5354 1594 5417 Eccli„
1622 5367 1782 5418 xvm,
1821 5357 1898 5406 29.
1939 5381 1995 5393 -·
2034 5355 2058 5390 ⁸
2092 5355 2231 5406 Psal-

693 5442 798 5497 xw,
823 5434 873 5482 3.
894 5457 947 5468 —
979 5431 1002 5466 δ
1023 5429 1197 5491 Arist„
1223 5428 1403 5492 Phys„
1428 5428 1518 5479 lib.
1547 5429 1608 5489 ll,
1630 5429 1756 5477 text.
1781 5430 1860 5477 29.
1888 5453 1943 5464 -
1973 5427 1996 5462 ⁸
2021 5428 2038 5476 l
2062 5427 2233 5489 loon„

1771 473 2183 539 Exposl'rlo
2226 422 2327 538 IN.
2349 471 2872 537 PSAmERmM.

2367 624 2438 665 ac
2468 607 2516 663 si
2564 606 2789 664 diceret
2835 622 2984 663 voce
3032 605 3192 663 clara
3222 623 3236 662 ε
3261 610 3305 663 Α
3349 622 3524 664 causa
3568 606 3771 666 initiali
3804 626 3892 668 co·

2367 704 2570 776 gnovi‚
2600 702 2863 776 potentia
2896 700 3298 773 intellectuali,
3331 701 3406 759 de
3430 701 3768 760 testimoniis
3792 704 3895 761 tuis

2364 813 2469 856 ore
2497 796 2777 871 prolatiS,
2820 795 2989 869 quod
3032 795 3259 852 habent
3299 794 3716 853 claritudinem
3753 797 3894 854 veri·

2361 891 2511 949 tatis.
2546 895 2687 948 Ecce
2717 894 2973 964 quatuor
2998 907 3192 947 causae
3234 889 3297 946 in
3335 890 3607 963 praesenti
3632 906 3806 948 versu
3826 890 3895 947 si·

2361 991 2571 1058 gnatoe,
2603 985 2880 1042 videlicet
2903 983 3164 1054 initialis,
3192 985 3531 1056 materialia
3562 985 3894 1044 instrumen-

2361 1081 2524 1152 talis,
2562 1083 2621 1138 et
2646 1079 2914 1137 formalis
2947 1078 3231 1136 :initialis
3276 1079 3523 1153 quidem
3564 1085 3785 1154 spectat
3824 1082 3894 1139 ad

2362 1173 2665 1231 doctorem
2698 1173 3064 1247 superiorem
3096 1192 3111 1230 ε
3142 1173 3465 1230 materialis
3492 1173 3572 1231 ad
3600 1174 3890 1233 hominem

2360 1268 2728 1339 interiorem;
2759 1267 3219 1325 instrumentalis
3247 1267 3327 1324 ad
3368 1267 3749 1340 exteriorem3
3780 1267 3890 1325 for·

2360 1362 2533 1420 malis
2561 1362 2641 1419 ad
2667 1361 2927 1419 veritatis
2959 1360 3362 1435 splendorem.

2862 1521 3141 1581 Articulus
3176 1522 3407 1591 primus.

2435 1646 2694 1704 Primum
2723 1646 2902 1718 igitur
2934 1645 3295 1719 declaratur,
3325 1664 3462 1705 cum
3493 1647 3711 1706 dicitur
3742 1667 3755 1705 ε
3786 1652 3895 1706 lni-

2363 1744 2463 1796 tio.
2496 1739 2766 1806 Mentior,
2799 1740 2913 1797 nisi
2944 1756 3124 1798 causa
3168 1740 3406 1799 initialis
3452 1742 3645 1799 omnis
3687 1742 3892 1799 illumi-

2363 1833 2618 1891 nationis
2659 1834 3019 1907 sapientialis
3060 1834 3131 1892 sit
3161 1834 3351 1892 dictor
3377 1836 3672 1909 superior.
3710 1839 3772 1893 Et
3794 1851 3892 1893 no-

2356 1914 2644 1999 tandum,
2700 1930 2870 2004 quod
2940 1929 3148 1987 doctor
3203 1928 3474 2002 superior
3530 1935 3616 1988 est
3677 1930 3895 1987 initium

2358 2029 2665 2094 aeternum,
2701 2023 3075 2095 oeviternum,
3103 2027 3160 2081 et
3184 2023 3544 2082 hodiernum
3572 2041 3588 2080 ε
3620 2024 3896 2098 quoniam

2360 2117 2438 2175 ab
2466 2122 2687 2175 aeterno
2716 2122 2802 2175 est
2828 2117 3062 2174 initium
3104 2117 3458 2190 generandi3
3505 2117 3583 2175 ab
3625 2135 3756 2176 aevo
3793 2118 3896 2174 ini-

2361 2212 2510 2269 tium
2543 2212 2861 2286 operandi;
2909 2212 3092 2271 hodie
3139 2228 3382 2286 quoque
3431 2212 3669 2269 initium
3713 2211 3895 2270 decla·

2358 2307 2553 2364 randi.
2587 2309 2661 2364 De
2690 2306 2885 2380 primo
2915 2309 2936 2342 ⁵
2968 2326 2982 2363 :
3018 2327 3049 2361 (ι
3074 2306 3278 2364 Scribo
3300 2305 3495 2377 vobiS,
3521 2310 3745 2380 patreS,
3765 2305 3897 2379 quia

2362 2400 2719 2472 cognovistis
2762 2417 2923 2472 eum,
2953 2401 3058 2474 qui
3087 2400 3164 2458 ab
3193 2400 3361 2458 initio
3384 2404 3471 2457 est
3498 2419 3513 2457 ε
3541 2421 3569 2454 ι
3614 2416 3751 2457 ecce
3792 2398 3896 2456 ini-

2359 2494 2507 2552 tium
2563 2495 2976 2567 generationis,
3047 2499 3122 2552 De
3177 2493 3441 2552 secundo
3498 2492 3777 2550 scribitur
3820 2493 3840 2527 ⁸
3879 2510 3894 2548 ι

2364 2608 2393 2641 α
2421 2588 2588 2646 initio
2616 2594 2711 2660 tu,
2762 2588 3039 2660 Domine,
3097 2592 3313 2645 terram
3360 2586 3665 2645 fundasti:
3698 2608 3726 2640 ι
3773 2601 3897 2643 ecce

2357 2680 2589 2739 initium
2613 2682 2990 2756 operationis.
3022 2684 3099 2738 De
3127 2680 3299 2739 tertio
3321 2683 3381 2737 ⁷:
3412 2700 3440 2734 α
3469 2680 3708 2740 Initium
3727 2683 3897 2737 Evan-

2357 2773 2496 2846 gelii
2512 2778 2648 2833 lesu
2665 2775 2873 2833 Christi
2903 2775 3010 2831 filii
3036 2774 3137 2833 Dei
3168 2792 3183 2831 ε
3216 2795 3244 2828 ι
3281 2790 3415 2832 ecce
3444 2773 3683 2831 initium
3712 2771 3894 2830 decla-

2356 2868 2620 2926 rationis,

2835 2943 3115 2997 Articulus
3143 2940 3424 2998 secundus.

2431 3057 2767 3115 Secundum
2787 3057 3146 3131 designatur,
3166 3073 3302 3115 cum
3320 3054 3594 3114 subditur
3614 3072 3629 3111 ε
3649 3057 3897 3126 Capitoni,

2358 3151 2599 3225 scilicet,
2630 3152 2891 3225 potentia
2926 3151 3334 3223 intellectuali,
3367 3150 3535 3225 quasi
3564 3166 3747 3208 causa
3774 3165 3896 3207 ma-

2358 3246 2546 3304 teriali
2569 3289 2588 3317 ,
2617 3248 2716 3304 vel
2742 3248 3001 3305 materiae
3026 3247 3494 3322 proportionali,
3522 3246 3587 3304 in
3613 3249 3896 3320 quantum

2357 3342 2592 3414 passiva
2638 3345 2701 3398 et
2732 3340 3061 3415 receptiva,
3108 3342 3287 3415 quia,
3332 3340 3664 3398 secundum
3710 3338 3896 3397 Philo-

2358 3434 2615 3508 sophum
2634 3432 2675 3505 θ,
2695 3434 2819 3508 pati
2838 3439 2895 3491 et
2907 3435 3168 3507 recipere
3188 3434 3498 3509 proprium
3517 3436 3604 3492 est
3621 3432 3892 3492 materiae.

2360 3531 2427 3584 Et
2451 3532 2614 3599 nota,
2643 3528 2811 3602 quod
2833 3527 2916 3584 sic
2944 3528 3393 3601 cognoscimuS,
3421 3527 3517 3585 vel
3540 3541 3893 3599 cognoscere

2355 3636 2704 3696 possumus,
2732 3621 2884 3696 quid
2916 3621 3299 3692 fugiendum,
3330 3620 3480 3694 quid
3517 3619 3893 3694 eligendum,

2356 3714 2506 3788 quid
2539 3714 2794 3772 finaliter
2827 3714 3247 3788 appetendum.
3288 3714 3482 3771 Prima
3519 3716 3608 3771 est
3641 3712 3894 3787 cognitio

2354 3808 2611 3882 peccati,
2667 3808 2927 3866 secunda
2979 3808 3244 3877 virtutis,
3317 3808 3485 3865 tertia
3537 3806 3763 3865 salutis.
3822 3808 3895 3863 De

2353 3901 2549 3974 primo
2580 3903 2602 3936 ⁹
2642 3920 2657 3958 :
2705 3920 2734 3955 α
2774 3905 3084 3959 Peccatum
3128 3916 3252 3958 non
3297 3901 3588 3974 cognovi,
3629 3901 3747 3958 nisi
3796 3915 3895 3973 per

2351 3995 2548 4068 legem
2577 4013 2593 4052 ε
2627 4015 2655 4049 »
2688 4010 2824 4053 ecce
2852 3994 3111 4067 cognitio
3137 3994 3383 4068 peccati.
3415 3996 3494 4051 De
3521 3994 3790 4052 secundo
3814 3993 3890 4048 ¹⁰:

2358 4109 2387 4142 α
2413 4092 2576 4146 Nunc
2602 4088 2667 4145 in
2693 4088 2804 4147 isto
2842 4088 3129 4162 cognovi,
3160 4087 3328 4162 quod
3362 4087 3455 4145 vir
3488 4088 3587 4145 Dei
3631 4104 3696 4145 es
3725 4090 3785 4145 tu
3816 4105 3831 4143 z
3863 4106 3888 4137 ι·

2353 4199 2485 4242 ecce
2533 4184 2792 4256 cognitio
2833 4182 3079 4240 virtutis.
3134 4185 3212 4239 De
3246 4182 3414 4240 tertio
3471 4181 3747 4239 scribitur
3789 4180 3829 4217 ¹¹
3875 4199 3889 4236 :

2356 4298 2386 4332 ι
2414 4281 2576 4335 Nunc
2613 4275 2902 4350 cognovi,
2939 4275 3227 4350 quoniam
3265 4275 3498 4334 salvum
3539 4273 3675 4334 fecit
3701 4273 3891 4334 nomi-

2350 4388 2464 4431 nus
2489 4371 2779 4430 Christum
2807 4387 2983 4429 suum
3014 4389 3029 4427 :
3061 4392 3090 4426 n
3119 4387 3253 4429 ecce
3281 4368 3541 4443 cognitio
3571 4370 3796 4429 salutis.

2859 4531 3134 4587 Articulus
3164 4531 3379 4587 tertius.

2419 4658 2673 4717 Tertium
2729 4657 3164 4715 demonstratur
3184 4696 3206 4725 ‚
3263 4671 3399 4713 cum
3449 4654 3690 4714 additur
3745 4674 3762 4712 ε
3821 4658 3887 4711 De

2349 4756 2668 4812 testimoniis
2709 4753 2854 4823 tuis,
2899 4748 3147 4821 scilicet,
3184 4764 3287 4807 ore
3313 4749 3580 4822 prolatiS,
3618 4750 3784 4825 quod
3809 4754 3888 4806 est

2349 4865 2643 4923 organum
2669 4847 2930 4906 hominis
2958 4846 3282 4906 exterioris,
3312 4849 3380 4905 Et
3398 4851 3536 4905 nota
3563 4846 3720 4905 circa
3747 4844 3886 4904 testi·

2348 4943 2555 5001 monia
2580 4945 2938 5014 memorata,
2982 4941 3150 5015 quod
3182 4945 3319 4998 sunt
3351 4940 3595 5015 collata,
3623 4939 3883 5016 prolata,

2348 5042 2406 5096 et
2438 5037 2633 5106 illata;
2676 5036 2821 5110 quia
2861 5035 3132 5110 superius
3182 5033 3596 5106 conseruntur,
3642 5033 3886 5093 exterius

2344 5131 2758 5206 proferuntur,
2800 5128 3042 5188 interius
3081 5128 3427 5188 inferuntur.
3483 5131 3559 5186 De
3588 5128 3784 5203 primo
3809 5130 3831 5163 ²
3868 5142 3881 5182 ε

2346 5291 2404 5343 11,
2438 5282 2513 5330 13.
2549 5305 2603 5314 —
2635 5278 2653 5308 ⁶
2677 5276 2813 5328 Psal.
2841 5290 2922 5342 et,
2947 5281 3026 5329 26.
3051 5304 3112 5315 -
3149 5278 3163 5309 7
3200 5279 3377 5338 Marc„
3406 5287 3455 5340 1,
3492 5279 3538 5326 ¹.
3571 5303 3627 5315 -
3669 5276 3689 5312 ⁸
3714 5274 3882 5337 Arist„

2344 5352 2405 5401 de
2447 5352 2703 5412 Gener-at„
2740 5350 2832 5400 lib.
2878 5353 2923 5413 Ι,
2962 5353 3089 5401 text.
3129 5353 3206 5401 ⁴5.
3237 5377 3305 5388 —
3346 5350 3369 5385 ⁹
3404 5349 3561 5413 Rom,
3605 5361 3706 5411 vu,
3750 5351 3796 5399 7.
3825 5372 3880 5385 -

2350 5424 2391 5459 ¹⁸
2408 5424 2470 5473 111
2493 5424 2779 5487 Req.‚xv11,
2794 5426 2937 5474 24.-
2962 5426 2991 5454 ¹¹
3010 5422 3148 5473 Psal.
3170 5433 3284 5486 xxx,
3302 5424 3413 5475 7.·-
3439 5420 3624 5472 '’Psal.
3640 5421 3878 5485 hoc,125.
