4196 6294
266 491 295 556 ,⁰
1558 472 1919 539 PsALmus
1961 473 2219 541 cxvm.

296 608 518 666 tionem
535 648 556 676 ,
607 611 664 665 et
714 607 1041 666 humanam
1086 608 1452 667 oblivionem
1496 608 1846 667 mirabiliter

293 701 655 759 miseratus:
694 703 977 759 Tabescere
1010 719 1090 760 me
1127 706 1259 772 fecit
1298 705 1444 760 zelus
1473 719 1618 760 meus
1646 720 1667 758 .·
1708 719 1842 760 ecce

295 795 704 853 misericordia
742 795 1087 870 prophetica
1106 840 1125 868 ,
1172 813 1307 871 quae
1355 802 1441 855 est
1483 796 1806 854 laudabilis
1822 816 1840 868 3

296 890 439 956 Quia
477 890 633 945 obliti
671 894 797 945 sunt
831 907 843 944 :
886 905 1020 946 ecce
1065 889 1357 949 memoria
1400 890 1658 962 lubrica,
1710 907 1843 963 quae

294 981 738 1056 vituperabilis;
804 985 977 1040 Verba
1032 989 1128 1040 tua
1178 1001 1193 1040 ε
1270 1000 1403 1041 ecce
1460 984 1841 1042 comminatio

293 1077 595 1147 terrifica,
643 1092 776 1150 quae
800 1075 1229 1149 formidabilis5
1266 1080 1485 1134 Inimici
1518 1080 1625 1134 mei
1652 1097 1664 1133 :
1708 1093 1841 1134 ecce

291 1186 399 1228 vec
410 1170 583 1229 ordia
607 1171 868 1243 inimica,
901 1188 1034 1245 quae
1062 1176 1148 1229 est
1176 1171 1555 1230 detestabilis,

828 1397 1155 1441 ”instemus
1190 1397 1293 1440 ¹11.

342 1555 465 1611 140.
487 1556 730 1624 Ignitum
742 1555 1036 1625 eloquium,
1050 1557 1157 1611 etc.
1180 1557 1314 1611 Post
1326 1554 1706 1612 acerbitatem
1714 1555 1734 1626 j
1744 1571 1811 1612 us
1821 1586 1840 1596 -

290 1647 425 1704 titiae
482 1646 951 1717 comminativae,
1005 1647 1311 1720 subjungit
1364 1648 1654 1722 Propheta
1700 1663 1837 1704 sua-

66 1767 261 1810 παίω,
288 1741 530 1799 vitatem
576 1740 961 1815 promissivae.
1017 1743 1146 1798 Haec
1203 1745 1289 1798 est
1318 1741 1539 1813 justitia
1579 1741 1840 1799 suaviter

38 1830 251 1935 ἱῗεζὲεξ
288 1835 618 1906 attractiva,
669 1851 802 1909 quae
850 1837 1043 1893 totum
1101 1834 1275 1892 trahit
1323 1835 1631 1893 hominem
1651 1878 1670 1906 ,
1719 1840 1839 1892 tam

38 1967 66 1995 v
254 1929 653 1998 interiorem,
690 1945 872 2002 quam
914 1929 1294 2001 exteriorem,
1337 1946 1443 2003 per
1476 1928 1840 1987 desiderium

288 2028 346 2080 et
398 2039 684 2081 amorem.
739 2022 830 2082 Sic
883 2023 1155 2081 trahebat
1205 2023 1407 2097 ipsum
1461 2023 1836 2094 psalmogra-

286 2119 511 2192 phum,
543 2118 647 2192 qui
688 2117 927 2176 dicebat
963 2136 978 2175 :
1018 2121 1290 2190 laninam,
1326 2122 1434 2175 etc.
1483 2117 1637 2187 Quid
1678 2118 1837 2175 enim

288 2211 451 2269 aliud
487 2215 659 2269 sonat
695 2211 821 2268 haec
855 2211 1082 2283 littera,
1113 2211 1226 2268 nisi
1267 2212 1434 2285 quod
1461 2212 1645 2268 homo
1688 2212 1836 2268 inte-

287 2303 411 2361 rior
427 2304 674 2362 trahitur
699 2321 807 2378 per
827 2305 1127 2374 ardorem,
1158 2309 1215 2363 et
1242 2305 1424 2362 homo
1456 2306 1710 2363 exterior
1731 2320 1837 2378 per

289 2400 602 2455 amorem?
629 2401 775 2455 Nam
800 2398 950 2456 nulli
980 2399 1266 2471 dubium,
1294 2399 1461 2473 quod
1488 2398 1835 2473 praedictum

288 2490 596 2565 eloquium
636 2507 758 2550 non
798 2495 1029 2550 tantum
1065 2492 1319 2565 ignitum
1355 2497 1471 2563 est,
1517 2492 1623 2551 sed
1667 2493 1833 2551 audi-

288 2589 412 2642 tum
428 2605 445 2656 3
472 2599 583 2643 nec
602 2585 795 2644 ullum
818 2585 1055 2658 igniret,
1085 2587 1133 2642 si
1161 2586 1358 2643 nullus
1386 2587 1636 2644 audiret.
1671 2587 1832 2645 Unde

288 2681 544 2751 quatuor
597 2682 762 2737 actus
817 2683 1098 2737 connotat
1151 2680 1258 2737 iste
1314 2696 1519 2737 versus
1536 2723 1553 2751 ,
1614 2680 1835 2738 scilicet

286 2776 486 2830 actum
532 2773 826 2846 igniendi,
867 2774 1183 2846 audiendi,
1232 2775 1564 2845 serviendi,
1598 2779 1656 2834 et
1694 2775 1830 2833 dili-

287 2865 469 2938 gendi
501 2884 515 2924 :
549 2882 807 2941 quorum
836 2867 1064 2940 primus
1091 2868 1172 2925 ad
1198 2867 1508 2939 ardorem,
1537 2869 1832 2927 secundus

288 2959 367 3017 ad
390 2960 700 3019 hominem
723 2960 1086 3032 interiorem,
1119 2962 1319 3019 tertius
1348 2962 1428 3019 ad
1455 2963 1830 3033 exteriorem,

287 3058 533 3127 quartus
568 3054 771 3113 attinet
809 3055 889 3112 ad
916 3071 1201 3113 amorem.
1234 3056 1374 3124 Quis
1411 3055 1571 3113 enim
1608 3055 1830 3130 eloquii

287 3147 536 3206 coelestis
570 3147 841 3220 auditor,
871 3149 982 3206 nisi
1011 3150 1190 3208 homo
1226 3150 1516 3208 interior?
1547 3152 1683 3224 quis
1710 3167 1829 3208 ser-

285 3243 439 3300 vitor
459 3286 478 3315 ,
528 3242 643 3300 nisi
673 3244 858 3302 homo
904 3243 1194 3301 exterior?
1239 3244 1388 3317 quid
1436 3244 1666 3315 ignitio,
1718 3245 1827 3301 nisi

286 3335 505 3394 ardor?
535 3336 682 3410 quid
710 3334 947 3395 ducello
950 3379 971 3408 ,
999 3336 1111 3392 nisi
1140 3338 1355 3394 amor?

785 3499 1072 3555 Articulus
1097 3500 1329 3569 primus.

352 3622 623 3695 lgniendi
668 3627 832 3681 actus
883 3621 1263 3696 proponitur,
1319 3639 1456 3680 cum
1509 3623 1822 3681 scribitur:

204 3738 209 3743 ·
282 3721 523 3789 anitum
551 3718 904 3789 vehementer,
932 3717 1165 3790 supple,
1188 3717 1398 3787 active,
1422 3733 1546 3777 non
1570 3718 1822 3792 passive.

281 3810 458 3868 Aliter
493 3810 654 3868 enim
692 3810 972 3884 competit
1021 3809 1272 3881 ignitum
1320 3810 1562 3885 eloquio
1583 3854 1604 3884 ,
1660 3812 1828 3869 aliter

283 3902 580 3961 desiderio
619 3923 634 3960 ε
681 3904 968 3977 quoniam
1008 3903 1249 3977 eloquio
1299 3905 1572 3977 congruit
1614 3905 1824 3976 active,

283 3996 391 4053 sed
429 3996 725 4054 desiderio
773 3996 1022 4069 passive.
1068 4001 1183 4055 Nec
1235 3996 1394 4055 enim
1433 3999 1686 4071 ignitum
1728 3999 1824 4057 hic

50 4122 259 4168 Dezide-
283 4095 528 4149 vocatur
569 4090 911 4164 eloquium,
939 4090 1050 4148 nisi
1089 4092 1376 4165 quoniam
1411 4092 1560 4165 ignit
1595 4093 1828 4150 deside·

64 4187 220 4258 rium,
244 4246 256 4253 ‚
283 4182 457 4241 rium.
498 4186 566 4240 Et
589 4189 759 4254 nota,
799 4184 968 4258 quod
1003 4185 1335 4243 invenimus
1373 4184 1624 4258 ignitum
1669 4187 1824 4245 desi-

226 4269 255 4302 “·
284 4276 517 4335 derium
544 4276 898 4352 tripartitum
907 4297 926 4350 ;
957 4277 1610 4339 videlicetdesiderium
1641 4284 1826 4339 tenta-

286 4369 458 4429 tionis
475 4413 495 4443 ,
528 4372 957 4444 reluctationiS,
1005 4374 1062 4429 et
1104 4373 1612 4432 remunerationis
1660 4375 1822 4432 Unde

283 4463 533 4537 legimus
575 4464 827 4538 ignitum
865 4469 1225 4540 serpentem,
1257 4466 1534 4541 clypeum
1549 4509 1573 4540 ,
1604 4484 1827 4526 sermo-

284 4573 441 4615 nem.
473 4561 551 4617 De
577 4558 773 4633 primo
805 4561 819 4595 ¹
850 4578 866 4616 z
903 4581 933 4614 ι
960 4560 1105 4617 Misit
1130 4559 1413 4617 Dominus
1441 4560 1504 4617 in
1530 4563 1824 4636 populum

285 4650 497 4725 ignitos
535 4656 851 4728 serpentes
901 4674 928 4708 n
975 4653 1139 4711 Tales
1174 4658 1472 4727 serpentes
1509 4657 1824 4714 tentatores

285 4752 439 4819 sunt,
489 4747 594 4823 qui
639 4747 1140 4827 concupiscentias
1194 4748 1511 4806 incendere
1559 4749 1823 4808 inardes-

285 4846 440 4899 cunt.
470 4841 701 4901 Talium
728 4858 871 4915 ergo
899 4841 1255 4899 desiderium
1281 4847 1367 4900 est
1390 4842 1644 4916 ignitum
1670 4844 1824 4904 circa

283 4934 509 4993 malum
537 4936 744 5011 culpae.
767 4939 844 4994 De
870 4935 1133 4995 secundo
1154 4940 1209 4993 ²:
1247 4957 1276 4991 α
1301 4936 1555 5011 clypeus
1579 4937 1821 4996 tortium

282 5028 520 5100 ignitus.
558 5051 587 5087 »
630 5030 923 5090 moraliter
967 5030 1113 5088 tales
1148 5030 1385 5104 clypei,
1424 5030 1604 5088 fortes
1648 5032 1825 5090 affec-

285 5120 470 5181 tiones
504 5128 674 5197 sunt,
710 5140 843 5199 quae
883 5123 998 5183 tela
1025 5124 1324 5183 diabolica
1360 5125 1700 5200 extinguere
1728 5127 1820 5184 in·

283 5217 658 5277 candescunt.
687 5219 916 5279 Talium
952 5237 1098 5294 ergo
1136 5220 1501 5279 desiderium
1538 5225 1625 5282 est
1666 5223 1821 5297 igni-

348 5422 359 5449 ¹
395 5419 565 5486 Num„
591 5434 700 5490 m,
734 5428 863 5475 6.-
890 5425 911 5459 ²
937 5424 1090 5489 Nala„
1117 5436 1174 5488 11,
1205 5428 1253 5475 3.
1285 5452 1337 5463 -·-
1365 5428 1384 5458 ³
1407 5428 1571 5490 Pron..
1609 5445 1736 5494 xxx,
1773 5435 1825 5482 5.

524 5528 675 5576 Tou.
720 5531 811 5576 lx.

3372 481 3489 542 ⁴97

1952 614 2075 668 tum
2120 611 2275 669 circa
2301 611 2532 668 bonum
2570 611 2790 683 gratiae.
2829 615 2906 669 De
2935 612 3103 670 tertio
3132 614 3153 647 ³
3193 630 3208 668 ε
3243 631 3273 666 α
3300 612 3500 669 Omnis

1950 721 2145 762 sermo
2177 706 2271 762 Dei
2301 705 2517 778 ignitus
2554 706 2799 779 clypeus
2827 711 2913 764 est
2939 706 3218 764 omnibus
3247 722 3494 780 speran-

1952 797 2108 854 tibus
2163 799 2224 854 in
2276 815 2357 855 se.
2404 819 2431 853 n
2477 798 2640 856 Tales
2687 800 2977 873 praecipue
3030 817 3330 859 sermones
3382 817 3498 858 coe-

1951 890 2187 947 lestium
2215 891 2640 964 promissiones
2669 898 2822 964 sunt,
2850 894 3069 967 quibus
3088 894 3256 967 igniti
3284 894 3499 952 milites

1952 984 2158 1040 Christi
2213 983 2378 1041 nulla
2438 985 2703 1058 pericula
2763 986 3202 1060 pertimescunt.
3268 986 3497 1045 Talium

1951 1093 2092 1149 ergo
2161 1077 2520 1135 desiderium
2589 1082 2675 1135 est
2728 1080 2980 1152 ignitum
3047 1082 3202 1140 circa
3265 1081 3498 1140 bonum

1951 1169 2175 1241 gloriae.

2412 1245 2698 1302 Articulus
2733 1246 3014 1304 secundus.

2019 1361 2310 1420 Audiendi
2357 1366 2520 1421 actus
2561 1364 2945 1437 supponitur,
2993 1379 3131 1420 cum
3174 1364 3446 1424 subditur
3478 1384 3491 1422 :

1946 1456 2235 1527 Eloquium
2260 1462 2443 1528 tuum,
2488 1457 2710 1514 scilicet
2755 1455 3026 1514 auditum
3059 1472 3167 1531 per
3192 1457 3496 1516 hominem

1948 1547 2321 1620 interiorem,
2364 1556 2419 1608 et
2456 1550 2595 1607 ideo
2623 1553 2862 1608 trahens
2886 1551 3085 1624 ipsum
3128 1566 3236 1624 per
3263 1551 3496 1609 deside-

1946 1641 2018 1698 rii
2054 1642 2370 1700 fervorem.
2419 1647 2486 1700 Et
2530 1650 2673 1702 nota
2719 1645 2874 1703 circa
2913 1644 3222 1718 eloquium
3250 1645 3497 1703 beatitu-

1949 1734 2103 1791 dinis
2134 1737 2584 1808 promissivum,
2614 1737 2780 1811 quod
2820 1742 2906 1795 est
2951 1737 3344 1796 desiderabile
3387 1739 3495 1796 110-

1946 1828 2090 1884 mini
2131 1829 2426 1900 interiori,
2474 1836 2763 1903 quantum
2808 1831 2888 1889 ad
2930 1848 3228 1904 gressum,
3275 1833 3492 1906 visum,

1945 1928 2212 1992 gustum,
2240 1928 2482 1997 propter
2526 1940 2829 1981 summum
2868 1924 3099 1983 bonum
3126 1941 3494 2001 consequen-

1947 2014 2126 2087 dum,
2184 2016 2546 2090 videndum,
2617 2017 2957 2076 fruendum.
3025 2022 3102 2076 De
3155 2020 3350 2093 primo
3398 2022 3420 2054 ¹·
3474 2038 3488 2077 ε

1951 2128 1978 2161 α
2028 2110 2266 2168 Gressus
2315 2127 2482 2168 meos
2538 2112 2730 2185 dirige
2785 2113 3114 2170 secundum
3179 2113 3490 2189 cloquium

1944 2204 2133 2259 tuum.
2165 2223 2192 2258 u
2224 2204 2324 2260 Hic
2353 2204 2721 2264 desideratur
2749 2206 3056 2280 eloquium
3075 2206 3302 2266 ratione
3321 2223 3490 2265 man-

1944 2294 2066 2354 dati
2095 2298 2460 2372 complendi,
2490 2302 2548 2357 et
2571 2300 2798 2372 proemii
2826 2300 3251 2374 consequendi.
3292 2305 3369 2358 De
3401 2318 3492 2358 se·

1943 2389 2141 2448 cundo
2176 2391 2195 2424 ¹⁵
2236 2409 2250 2446 :
2299 2413 2328 2446 α
2365 2392 2708 2450 Defecerunt
2745 2394 2904 2451 oculi
2934 2395 3051 2452 mei
3096 2395 3158 2451 in
3187 2395 3490 2470 eloquium

1943 2486 2111 2540 tuum
2156 2503 2169 2540 :
2221 2505 2247 2538 n
2296 2484 2395 2542 hic:
2441 2486 2809 2545 desideratur
2859 2487 3166 2563 eloquium
3220 2493 3489 2563 respectu

1941 2578 2159 2634 summi
2184 2577 2331 2636 boni
2359 2579 2620 2637 videndi.
2666 2584 2744 2638 De
2774 2582 2940 2639 tertio
2968 2583 2990 2616 ⁶
3015 2600 3029 2637 :
3063 2602 3091 2636 α
3118 2585 3309 2652 Quam
3349 2584 3487 2642 dul-

1942 2670 2033 2728 cia
2071 2670 2343 2729 saucibus
2389 2673 2537 2730 meis
2582 2673 2824 2748 eloquia
2863 2679 2966 2733 tua
2993 2679 3005 2730 l
3037 2696 3064 2731 n
3115 2676 3211 2734 hic
3255 2678 3487 2736 deside-

1941 2768 2145 2821 rantur
2184 2765 2426 2839 eloquia
2469 2767 2698 2826 ratione
2752 2769 2969 2826 summi
3020 2768 3166 2827 boni
3226 2769 3482 2830 fruendi.

2449 2924 2732 2981 Articulus
2771 2930 2982 2983 tertius.

2010 3047 2312 3105 Serviendi
2357 3052 2521 3106 actus
2546 3049 2966 3124 interponitur,
2998 3068 3136 3110 cum
3162 3053 3437 3113 inseritur
3465 3074 3481 3114 ε

1937 3143 2008 3197 Et
2030 3158 2210 3199 servus
2240 3149 2383 3199 tuus.
2412 3143 2622 3202 Servus
2659 3144 2799 3217 iste,
2829 3145 2892 3203 ni
2932 3145 3141 3219 fallor,
3175 3152 3263 3206 est
3295 3147 3480 3209 homo
3581 3191 3722 3233 nomo

1939 3236 2221 3308 exterior,
2252 3236 2356 3310 qui
2385 3253 2509 3295 non
2544 3241 2773 3295 tantum
2811 3241 3125 3314 CreatoriS,
3158 3243 3262 3300 sed
3304 3244 3486 3307 etiam
3518 3251 3724 3306 exterior.

1938 3329 2228 3387 interioris
2250 3330 2509 3389 hominis
2538 3337 2623 3391 est
2641 3333 2912 3394 servitor.
2936 3337 2991 3393 Si
3021 3338 3234 3411 quaeris
3256 3339 3321 3397 in
3350 3340 3482 3414 qui·
3525 3324 3707 3419 ίζζζζῗξ,

1935 3422 2081 3496 bus;
2113 3424 2442 3497 specialiter
2489 3426 2551 3483 in
2591 3427 2780 3485 tribus
2811 3447 2827 3483 :
2857 3430 2919 3486 in
2959 3446 3054 3503 eo,
3083 3434 3253 3507 quod
3280 3450 3481 3492 sensa—
3523 3437 3599 3479 ris.

1937 3522 2059 3587 ωε,
2108 3518 2544 3594 disciplinatuS,
2592 3523 2874 3595 operibus
2918 3524 3250 3586 inclinatus.
3282 3530 3479 3597 Quan-

1936 3616 2062 3670 tum
2087 3613 2167 3671 ad
2206 3615 2499 3687 primum,
2537 3618 2712 3675 servit
2751 3618 3146 3695 intellectivae3
3189 3628 3481 3697 quantum

1936 3706 2017 3763 ad
2064 3708 2428 3782 secundum,
2486 3710 2768 3770 affectivae
2778 3733 2796 3786 3
2861 3720 3150 3788 quantum
3210 3716 3291 3775 ad
3367 3722 3482 3775 ter-

1938 3799 2111 3866 tium.
2161 3802 2460 3861 effectivas.
2513 3808 2590 3862 De
2637 3806 2833 3880 primo
2879 3810 2900 3843 ⁷
2952 3827 2966 3863 :
3017 3827 3047 3863 α
3088 3812 3301 3868 Servus
3355 3828 3481 3870 sen-

1936 3899 2094 3952 satus
2148 3896 2222 3953 sit
2285 3897 2392 3955 tibi
2442 3898 2718 3971 dilectus,
2783 3903 2953 3976 quasi
3012 3904 3214 3963 anima
3267 3909 3397 3978 tua3
3446 3928 3473 3963 ι)
3535 3909 3542 3920 “

1936 3989 2225 4062 quoniam
2242 4006 2279 4049 a
2303 3993 2575 4051 sensibus
2592 3994 2798 4069 incipit
2815 3997 3072 4069 cognitio
3085 3998 3439 4059 intellectiva
3462 4018 3477 4060 ε

1938 4098 2073 4141 ecce
2096 4101 2302 4143 servus
2326 4093 2591 4145 sensatus
2615 4089 3006 4149 intellectivae.
3038 4095 3118 4150 De
3141 4094 3404 4153 secundo
3419 4095 3476 4154 ⁸:

1944 4196 1970 4229 α
1998 4178 2168 4236 Panis
2196 4183 2254 4237 et
2281 4180 2626 4255 disciplina,
2658 4187 2715 4240 et
2744 4200 2895 4258 opus
2931 4201 3103 4244 servo
3136 4204 3151 4245 ε
3180 4207 3207 4245 »
3242 4188 3358 4247 hoc
3396 4196 3482 4248 est

1936 4275 2249 4349 disciplina
2274 4278 2634 4336 exteriorum
2683 4295 2922 4338 sensum
2938 4323 2959 4352 ,
3007 4298 3116 4355 per
3160 4301 3343 4358 quam
3370 4288 3478 4344 ad-

1929 4368 2170 4440 juvatur
2214 4369 2529 4444 disciplina
2575 4372 2924 4431 interiorum
2958 4374 3277 4435 affectuum
3300 4396 3316 4435 ε
3343 4395 3477 4437 ecce

1935 4477 2140 4519 servus
2167 4462 2574 4537 disciplinatus
2614 4468 2874 4525 serviens
2910 4468 3219 4528 affectivae.
3259 4476 3337 4530 De
3361 4478 3481 4531 ter-

1934 4554 2017 4613 tio
2040 4556 2097 4612 ⁹:
2128 4557 2415 4615 «Servum
2433 4558 3105 4636 inclinantoperationes
3131 4564 3383 4624 assiduae
3406 4584 3422 4623 ε
3443 4588 3470 4622 ι)

1933 4653 2059 4710 haec
2113 4654 2416 4715 inclinatio
2482 4663 2567 4716 est
2619 4660 2699 4718 ad
2753 4661 3140 4721 ministerium
3201 4664 3475 4724 effectivae

1935 4748 2364 4823 praedispositio
2399 4769 2576 4811 :ecce
2615 4770 2815 4813 servus
2856 4755 3172 4817 inclinatus
3214 4759 3477 4818 serviens

1936 4842 2231 4903 effectivae.

2424 4921 2707 4978 Articulus
2744 4931 2987 4994 quartus.

2006 5034 2297 5107 Diligendi
2344 5040 2507 5094 actus
2560 5038 3035 5116 subterponitur,
3086 5062 3223 5104 cum
3269 5048 3475 5107 subse-

1937 5128 2135 5201 quitur
2172 5147 2189 5183 .-
2241 5132 2448 5188 Dileaeit
2479 5132 2640 5189 illud.
2671 5138 2816 5194 Ecce
2844 5153 3035 5211 amor,
3082 5157 3205 5214 quo
3234 5141 3479 5201 trahitur
3540 5170 3674 5208 Amor

1933 5223 2118 5282 homo
2162 5224 2436 5284 exterior.
2484 5228 2599 5286 Sed
2653 5234 2796 5290 nota
2839 5232 3129 5308 triplicem
3185 5252 3474 5313 amorem,
3505 5226 3717 5343 ‹13¹5ss-

1938 5380 1991 5389 —
2024 5353 2040 5381 ⁴
2062 5353 2201 5403 Psal.
2229 5353 2349 5421 hoc,
2386 5359 2493 5409 133.
2521 5385 2584 5396 -
2611 5360 2633 5394 ⁶
2666 5360 2814 5426 thid„
2851 5364 2930 5416 82.
2961 5389 3022 5401 —
3053 5365 3072 5395 ⁸
3104 5363 3249 5430 ibid„
3282 5367 3391 5418 103.
3418 5393 3473 5403 —-

1932 5430 1953 5463 '1
1988 5425 2170 5488 ἱεῖσαι,
2199 5438 2292 5491 vu,
2316 5430 2394 5479 23.
2424 5457 2485 5467 —-
2512 5426 2534 5465 ⁸
2563 5433 2740 5496 Ereti„
2773 5446 2963 5498 xxxin,
2995 5437 3074 5488 25.
3101 5462 3161 5475 -
3192 5440 3211 5469 ⁹
3236 5437 3365 5489 ibid.
3395 5440 3476 5490 27.

3164 5539 3242 5598 32
