4196 6294
1713 363 1973 431 CAPUT
2013 363 2147 431 vn.

420 500 602 580 Quod
645 504 947 588 objicitur
992 505 1069 569 de
1112 503 1267 583 Job;
1311 499 1662 585 respondeo
1693 521 1709 563 z
1750 518 1880 565 non

339 615 536 692 negat
560 629 628 675 se
655 629 785 676 non
823 630 1112 696 peccasse
1128 658 1150 691 ,
1184 614 1258 676 ut
1283 611 1374 674 sic
1399 608 1758 692 puniretur.
1791 606 1884 674 Si-

341 717 578 783 militer
623 738 732 785 cor
770 720 1214 803 reprehendit,
1259 717 1514 801 quando
1553 718 1883 798 peccatum

341 826 759 909 complacuit3
792 828 1044 910 quando
1089 844 1267 905 vero,
1301 824 1472 908 quod
1501 822 1730 900 noluit,
1759 822 1886 886 hoc

341 933 486 997 fecit
513 983 531 1014 ‚
578 935 698 999 etsi
741 936 1027 1018 peccavit
1049 984 1069 1015 ,
1119 952 1228 999 cor
1275 951 1403 997 non
1452 929 1881 1014 reprehendit.

344 1038 524 1117 Quod
566 1041 796 1106 dicitur
828 1042 907 1107 de
946 1041 1346 1125 impotestate
1374 1038 1651 1116 vitandi,
1681 1037 1887 1102 dicen-

344 1149 535 1226 dum,
569 1150 742 1232 quod
779 1170 860 1215 ex
902 1150 1058 1216 vitio
1088 1150 1389 1214 intrusus
1422 1150 1517 1211 est
1558 1146 1753 1211 homo
1774 1192 1794 1223 ,
1825 1149 1888 1209 et

344 1255 487 1319 ideo
520 1274 650 1321 non
676 1260 1015 1323 excusatur
1033 1306 1051 1337 ‚
1083 1257 1243 1340 quin
1272 1258 1487 1339 peccet
1513 1253 1728 1335 aliquo
1758 1270 1888 1317 mo·

347 1362 450 1428 do.
482 1362 797 1429 Praeterea
811 1412 828 1442 ,
859 1364 977 1430 etsi
1021 1382 1152 1429 non
1193 1367 1407 1447 posset
1442 1359 1890 1426 universaliter

348 1471 550 1536 vitare
568 1522 587 1553 ,
616 1476 822 1556 potest
862 1478 1080 1538 tamen
1129 1471 1455 1555 quodlibet
1495 1467 1890 1552 particulari-

349 1583 447 1643 ter
473 1580 715 1647 evitare
747 1602 761 1645 t
796 1580 973 1660 ideo,
1003 1583 1121 1644 etc.
1287 1652 1292 1657 .

431 1688 532 1753 21⁵.
587 1688 832 1757 Cuncta
875 1692 1118 1756 tentavi
1148 1689 1173 1768 “,
1221 1691 1343 1751 etc.
1392 1686 1602 1768 Supra
1642 1684 1777 1766 egit
1815 1684 1892 1749 de

353 1799 632 1866 vanitate
662 1797 1102 1863 mutabilitatis
1148 1800 1212 1860 et
1256 1794 1644 1879 iniquitatis;
1676 1794 1745 1856 in
1774 1792 1893 1857 hac

355 1910 534 1990 parte
562 1906 830 1971 intendit
854 1922 1048 1987 agere
1074 1904 1154 1969 de
1177 1904 1456 1968 vanitate
1483 1900 1891 1985 poenalitatis.

359 2013 435 2078 Et
460 2013 613 2096 quia
648 2012 887 2095 duplex
922 2016 1015 2076 est
1051 2029 1283 2094 poena,
1315 2009 1614 2094 quaedam
1640 2011 1736 2072 est
1760 2025 1899 2090 pec-

301 2138 307 2145 ·
358 2122 482 2187 cati
514 2121 757 2193 occasio
773 2168 790 2198 ,
823 2119 986 2185 sicut
1025 2116 1534 2200 concupiscentia
1548 2164 1569 2196 ,
1601 2115 1896 2198 quaedam

360 2235 456 2297 est
479 2249 668 2314 poena
688 2278 706 2310 ,
737 2229 991 2294 afflictio
1011 2275 1028 2305 ,
1059 2227 1224 2292 sicut
1254 2244 1429 2291 mors
1471 2229 1535 2289 et
1560 2224 1900 2288 infirmitas

361 2338 643 2421 corporis
674 2359 690 2402 ι
722 2337 863 2402 ideo
891 2336 1100 2420 primo
1134 2335 1273 2417 agit
1299 2335 1377 2398 de
1405 2333 1615 2417 prima
1641 2331 1899 2415 poenali-

358 2449 486 2510 tate
514 2464 660 2529 quae
688 2448 784 2511 est
812 2444 1050 2528 peccati
1073 2443 1351 2522 occasio;
1383 2442 1658 2507 secundo
1672 2488 1689 2520 ,
1720 2441 1798 2505 de
1825 2459 1901 2505 ea

359 2571 504 2635 quae
547 2556 641 2617 est
679 2570 844 2636 pura
888 2550 1180 2628 afflietio,
1226 2553 1300 2614 ut
1343 2549 1573 2612 dicitur
1611 2555 1629 2588 ¹
1664 2569 1679 2611 ε
1717 2571 1748 2608 (ι
1774 2544 1900 2611 Me-

365 2663 581 2724 mento
609 2658 922 2724 Creatoris
949 2657 1046 2722 tui
1073 2658 1142 2721 in
1170 2657 1271 2721 die
1294 2656 1649 2721 afflictionis
1676 2659 1829 2721 tuae.
1861 2676 1891 2715 ι

338 2766 438 2864 Et
463 2768 769 2849 quoniam
792 2784 987 2849 poena
1009 2812 1026 2842 ,
1057 2783 1207 2847 quae
1233 2768 1328 2829 est
1356 2764 1596 2847 peccati
1618 2763 1896 2842 eccesie,

360 2874 596 2956 duplex
633 2878 727 2938 est
755 2896 771 2938 ε
803 2892 935 2938 una
962 2872 1197 2937 scilicet
1234 2891 1316 2937 ex
1357 2871 1602 2936 defectu
1639 2870 1897 2952 amoris,

360 2984 424 3044 et
448 2980 589 3045 haec
612 2980 936 3064 pronitas;
970 2979 1094 3044 alia
1124 2998 1205 3044 ex
1243 2964 1489 3044 defectu
1531 2978 1812 3059 timoris,
1843 2984 1907 3044 et

358 3086 501 3153 haec
526 3092 623 3152 est
656 3087 962 3153 securitas
993 3110 1009 3152 :
1040 3087 1250 3171 prima
1277 3087 1484 3154 reddit
1519 3105 1797 3172 pronum
1825 3086 1907 3152 ad

360 3195 485 3260 mal
493 3213 628 3276 um,
652 3200 715 3260 et
733 3195 1008 3261 secunda
1032 3214 1353 3276 securum,
1376 3195 1531 3278 quia
1552 3212 1683 3259 non
1702 3197 1903 3275 timet,

360 3305 518 3369 dum
563 3322 695 3369 non
735 3303 931 3367 credit
976 3303 1197 3385 puniri
1230 3325 1245 3366 ε
1281 3303 1424 3368 ideo
1462 3303 1656 3368 habet
1697 3309 1909 3385 partes

361 3411 521 3475 duas
563 3429 581 3473 ε
629 3411 698 3474 in
740 3409 954 3493 prima
994 3411 1132 3492 agit
1170 3410 1250 3475 de
1291 3411 1572 3477 vanitate
1621 3409 1904 3494 promta-

362 3517 465 3596 tis,
486 3517 556 3580 in
582 3517 859 3581 secunda
884 3517 961 3581 de
998 3517 1279 3583 vanitate
1306 3517 1684 3582 securitatis,
1715 3516 1795 3581 Et
1820 3516 1912 3579 in-

368 3622 519 3704 cipit
540 3625 816 3689 secunda
833 3642 1003 3707 pam,
1030 3624 1143 3689 ubi
1161 3624 1393 3689 dicitur
1410 3625 1433 3658 ⁸
1474 3647 1488 3689 :
1522 3624 1754 3691 Omnia
1780 3623 1912 3690 hoec

369 3731 818 3809 consideravi,
868 3738 929 3801 et
971 3733 1128 3801 dedi
1168 3749 1277 3800 cor
1317 3749 1526 3799 meum
1558 3734 1633 3799 in
1667 3734 1913 3800 cunctis

372 3837 690 3921 operibus,
717 3856 859 3922 quoe
876 3842 1045 3922 fiunt
1072 3840 1188 3907 sub
1216 3841 1361 3908 sole.
1383 3839 1462 3905 Et
1487 3841 1643 3924 quia
1667 3841 1915 3905 vanitas

371 3947 707 4030 pronitatis
724 3949 1243 4032 concupiscentiae
1271 3953 1365 4013 est
1390 3948 1766 4032 periculosa,
1796 3967 1915 4014 nec

370 4055 682 4121 liberatur
729 4057 898 4140 quis,
931 4057 1053 4120 nisi
1106 4057 1347 4122 auxilio
1393 4056 1630 4121 divinae
1675 4055 1918 4139 sapien-

372 4163 479 4229 tiae
497 4211 516 4243 ,
541 4163 683 4232 ideo
715 4164 923 4249 primo
959 4168 1216 4231 notatur
1261 4165 1545 4230 inventio
1591 4165 1918 4248 concupis-

376 4271 624 4336 centiae.

455 4377 751 4444 Secundo
794 4379 1219 4461 subJungitur
1263 4380 1619 4446 remedium
1663 4380 1912 4464 sapien-

383 4489 513 4569 tiae,
532 4489 623 4553 ihi
644 4493 731 4569 (v.
754 4492 853 4570 30)
873 4511 890 4554 :
916 4489 1080 4571 Quis
1102 4490 1277 4570 talis,
1295 4495 1368 4558 ut
1384 4491 1642 4573 sapiens
1661 4497 1775 4569 est,
1795 4494 1915 4553 etc.

384 4597 463 4663 Et
492 4597 797 4681 quoniam
832 4598 946 4663 ubi
982 4602 1076 4663 est
1102 4599 1355 4663 latentis
1396 4598 1717 4677 inventio,
1748 4615 1915 4681 prae-

380 4707 546 4774 cedit
570 4706 844 4790 diligens
869 4707 1231 4789 inquisiti03
1263 4707 1404 4772 ideo
1435 4707 1645 4792 primo
1678 4706 1921 4772 descri-

377 4816 558 4882 bitur
613 4815 891 4897 diligens
940 4815 1141 4899 ipsius
1194 4814 1524 4897 inquisitio
1562 4838 1579 4895 ;
1643 4815 1922 4881 secundo

381 4923 907 5007 concupiscentiae
934 4922 1252 5002 inventio,
1285 4922 1374 4985 ibi
1405 4923 1489 5005 (v.
1513 4924 1612 5004 27)
1644 4945 1660 4987 :
1696 4923 1780 4989 Et
1808 4924 1921 4989 in·

380 5033 528 5100 veni
556 5034 940 5099 amariorem
966 5037 1194 5110 morte,
1231 5034 1350 5095 etc.
1403 5029 1683 5113 Diligens
1723 5030 1923 5115 ipsius

382 5140 750 5224 inquisitio,
797 5158 944 5224 quae
990 5138 1148 5202 adeo
1199 5136 1473 5220 diligens
1523 5138 1645 5202 fuit
1664 5184 1687 5217 ,
1732 5141 1811 5202 ut
1852 5138 1921 5201 in

448 5305 461 5334 ¹
486 5303 637 5368 Infra,
667 5315 762 5370 xit,
794 5308 916 5355 1.-
943 5303 967 5339 ¹
988 5301 1147 5365 Intra,
1175 5312 1293 5365 vm,
1319 5303 1449 5352 9.-
1473 5300 1492 5331 ³
1521 5298 1700 5364 Eccli„
1735 5311 1813 5362 111,
1841 5302 1920 5350 22.

384 5401 447 5414 -
472 5375 496 5410 δ
524 5376 645 5439 lea„
672 5389 721 5441 v,
749 5380 830 5428 2¹.
863 5402 918 5414 -
950 5376 972 5411 ⁸
1001 5376 1019 5425 1
1050 5375 1190 5436 Gor..
1229 5385 1311 5437 111,
1342 5375 1418 5425 18.
1450 5400 1504 5411 -
1542 5373 1561 5404 ⁸
1587 5373 1745 5435 Rom„
1775 5385 1812 5436 1,
1841 5375 1919 5424 22.

3409 373 3528 447 643

1990 499 2425 565 curiositatem
2467 500 2884 584 degeneraret
2900 552 2917 584 ,
2964 504 3091 569 hoc
3129 505 3351 572 ordine
3392 507 3528 581 des-

1990 607 2258 672 cribitur
2288 607 2538 691 :primo
2577 610 2784 692 quoad
2829 613 3349 696 praesumptionis
3391 634 3526 684 suae

1992 713 2419 778 curiositatem
2446 737 2464 792 ;
2514 717 2725 798 quoad
2768 718 3137 800 quaestionis
3171 721 3527 791 sublimita-

1991 825 2145 900 tem,
2168 822 2379 903 quoad
2405 822 2775 905 quaestionis
2809 826 3290 907 studiositatem.
3322 828 3529 907 Quan-

1992 931 2134 992 tum
2153 928 2355 1010 igitur
2381 929 2463 994 ad
2485 948 2622 995 sure
2650 933 3166 1017 praesumptionis
3193 938 3524 1003 curiosita-

1995 1037 2126 1099 tem
2161 1057 2178 1114 ;
2210 1036 2444 1102 dicitur
2478 1060 2492 1102 ε
2524 1038 2765 1107 Cuncta
2790 1045 3040 1110 tentavi
3066 1046 3142 1111 in
3170 1048 3524 1129 sapientia,

1994 1144 2060 1209 id
2118 1148 2248 1225 est,
2297 1147 2367 1210 in
2435 1148 2844 1232 inquisitione
2891 1173 2905 1214 :
2955 1170 3099 1218 ecce
3151 1154 3532 1225 curiositatis

1997 1251 2329 1335 inquisitio
2348 1302 2369 1333 ,
2400 1259 2476 1319 ut
2494 1255 2727 1322 dicitur
2753 1260 2775 1294 ⁸
2802 1280 2819 1324 :
2858 1282 2889 1321 α
2920 1262 2992 1324 Ιιι
3011 1260 3303 1344 pluribus
3329 1264 3536 1347 operi-

1994 1359 2119 1423 bus
2139 1362 2281 1442 ejus
2297 1379 2381 1426 ne
2398 1364 2594 1430 fueris
2629 1368 2941 1431 curiosus.
2970 1389 3003 1430 x·
3024 1369 3230 1435 Dixi:
3258 1370 3535 1453 Sapiens

1998 1463 2255 1543 efficiar
2282 1483 2304 1528 .·
2336 1482 2477 1530 ecce
2516 1470 3032 1552 praesumptionis
3071 1471 3259 1538 elatio
3269 1496 3286 1552 ;
3331 1478 3407 1539 ut
3448 1474 3538 1539 di-

2003 1570 2171 1636 citur
2216 1573 2238 1607 ⁸
2296 1595 2311 1638 ε
2351 1597 2383 1634 ιι
2408 1573 2519 1639 Vae
2567 1576 2679 1657 qui
2727 1577 3039 1660 sapientes
3082 1580 3230 1644 estis
3289 1581 3357 1645 in
3395 1599 3540 1647 ocu-

2000 1677 2082 1742 lis
2121 1680 2387 1764 vestris,
2435 1703 2465 1742 »
2508 1687 2627 1747 etc.
2671 1683 2751 1749 Et
2779 1686 2847 1749 ⁸:
2887 1709 2919 1747 α
2946 1685 3014 1750 Si
3059 1687 3205 1771 quis
3248 1693 3538 1757 vestrum

2001 1788 2258 1856 videtur
2284 1808 2423 1855 esse
2448 1790 2698 1874 sapiens
2740 1793 2810 1858 in
2847 1793 2970 1860 hoc
2997 1796 3232 1864 saeculo
3254 1846 3273 1878 ,
3310 1799 3541 1864 stultus

2003 1895 2137 1975 flat,
2173 1900 2244 1961 ut
2277 1896 2359 1961 sit
2401 1899 2672 1981 sapiens.
2711 1922 2743 1960 n
2779 1901 3104 1978 Quantum
3149 1904 3229 1969 ad
3273 1905 3539 1989 inquisi-

2004 2003 2195 2069 tionis
2232 2005 2687 2072 sublimitatem
2709 2055 2727 2090 ,
2758 2009 2916 2075 dicit
2946 2034 2962 2076 t
2990 2012 3078 2080 Et
3100 2015 3251 2096 ipsa
3290 2014 3543 2098 lonqius

2007 2114 2265 2180 recessit
2278 2128 2322 2178 a
2332 2130 2450 2193 me,
2458 2118 2544 2194 (v.
2561 2118 2661 2196 25)
2674 2132 2865 2198 quam
2875 2120 3221 2204 eratprius,
3238 2123 3394 2207 quia
3407 2124 3546 2190 visa

2007 2221 2102 2281 est
2131 2219 2191 2311 ei
2220 2220 2492 2303 quaestio
2519 2221 2835 2289 difficilior
2846 2272 2868 2305 ,
2898 2227 3056 2292 dum
3082 2230 3295 2312 magis
3323 2230 3545 2315 inqui-

2008 2329 2178 2389 reret
2228 2344 2246 2390 :
2292 2332 2357 2392 et
2397 2328 2515 2393 hoc
2560 2329 2760 2396 divini
2801 2333 3026 2415 judicii
3070 2337 3407 2403 severitate
3453 2338 3476 2373 ⁸
3525 2361 3541 2404 ε

2018 2455 2048 2493 ιι
2090 2431 2374 2500 Dicentes
2433 2455 2501 2501 se
2567 2457 2703 2504 esse
2762 2441 3076 2524 sapientes
3089 2492 3110 2523 ,
3165 2444 3344 2510 stulti
3401 2447 3546 2512 facti

2010 2545 2182 2605 sunt.
2218 2563 2250 2602 n
2284 2542 2361 2607 Et
2400 2546 2769 2627 quaestionis
2809 2547 3243 2633 altitudinem3
3273 2553 3415 2619 ideo
3443 2555 3547 2620 di-

2011 2648 2094 2711 cit
2138 2665 2155 2710 :
2211 2651 2302 2716 Et
2366 2652 2500 2719 alca
2546 2655 2965 2736 profunditas
2982 2707 3005 2739 ,
3059 2661 3210 2743 quis
3268 2663 3550 2731 inveniet

2012 2758 2197 2822 eam?
2231 2757 2376 2824 Alta
2415 2766 2510 2826 est
2544 2764 2938 2846 profunditas
2972 2768 3402 2852 inquisitionis
3442 2792 3544 2837 sa-

2011 2865 2296 2948 pientiae,
2337 2874 2410 2935 ut
2448 2871 2678 2938 dicitur
2717 2880 2741 2915 ⁷
2790 2897 2806 2939 ι
2847 2899 2879 2936 «ι
2912 2875 3055 2958 Ego
3110 2879 3179 2943 in
3224 2880 3548 2948 altissimis

2012 2972 2321 3058 habitavi,
2344 2983 2407 3044 et
2423 2980 2696 3048 thronus
2714 3001 2897 3049 meus
2918 2985 2988 3049 in
3005 2985 3302 3052 columna
3326 2989 3543 3071 nubis,

2015 3084 2077 3146 et
2105 3083 2246 3150 ideo
2275 3087 2421 3169 quis
2468 3092 2671 3172 potest
2711 3090 3046 3157 invenire?
3072 3116 3103 3156 n
3140 3094 3332 3161 Pauci
3371 3098 3551 3163 suffi-

2016 3191 2274 3272 cienter,
2304 3194 2414 3259 sed
2441 3195 2606 3261 nulli
2631 3198 2925 3281 perfecte.
2976 3206 2999 3241 ⁸
3036 3225 3066 3262 α
3090 3201 3185 3268 Ne
3212 3203 3550 3272 laboretis:

2019 3316 2152 3362 non
2180 3300 2352 3363 enim
2394 3304 2964 3386 comprehendetis
2996 3331 3027 3369 n
3058 3310 3138 3376 Et
3162 3313 3185 3348 ⁹
3216 3331 3233 3377 ε
3271 3337 3301 3374 α
3335 3312 3383 3378 Ο
3423 3314 3560 3381 alti·
3686 3293 3695 3309 ’

2019 3406 2176 3471 tudo
2199 3406 2571 3474 divitiarum
2598 3413 2926 3495 sapientiae
2947 3420 3011 3481 et
3033 3418 3316 3485 scientiae
3342 3418 3487 3486 Dei!
3518 3443 3551 3484 x·

2022 3513 2347 3589 Quantum
2390 3517 2472 3581 ad
2514 3519 3029 3587 considerationis
3073 3528 3514 3595 strenuitatem
3533 3579 3555 3612 ,

2023 3625 2086 3685 et
2113 3623 2452 3705 subjungit
2490 3624 2577 3708 (v.
2609 3628 2706 3711 26)
2746 3649 2763 3693 t
2804 3629 3114 3700 Lusci-avi
3155 3638 3460 3705 universa
3485 3640 3561 3706 in

2026 3729 2245 3797 animo
2290 3747 2422 3798 meo
2451 3781 2469 3813 ,
2514 3732 2581 3797 id
2626 3739 2720 3799 est
2767 3737 3070 3821 circuivi,
3116 3745 3181 3806 et
3221 3744 3565 3827 diligenter

2023 3838 2307 3921 undique
2346 3840 2762 3909 consideravi.
2805 3846 2848 3886 ¹⁰
2884 3868 2915 3907 α
2942 3845 3134 3924 Quasi
3172 3850 3227 3914 is
3267 3854 3382 3936 qui
3425 3861 3565 3922 arat

2025 3949 2088 4009 et
2124 3946 2235 4028 qui
2275 3947 2576 4029 seminat,
2611 3951 2836 4016 accede
2876 3954 2957 4019 ad
3000 3955 3199 4021 illam.
3227 3983 3259 4020 υ
3295 3960 3376 4027 Et
3401 3963 3565 4031 ratio

2026 4069 2295 4119 movens
2347 4056 2634 4137 tangitur
2678 4079 2693 4122 ε
2757 4059 2834 4128 Ut
2870 4064 3133 4144 scirem,
3184 4066 3252 4131 in
3295 4067 3559 4151 habitu3

2028 4165 2088 4226 et
2132 4163 2599 4231 considerarem
2617 4212 2639 4243 ‚
2683 4166 2752 4231 in
2794 4172 2941 4235 actu
2980 4193 2996 4235 ε
3032 4172 3461 4259 Sapientiam,
3498 4179 3568 4245 in

2028 4270 2409 4352 appetitibus
2442 4294 2460 4351 ;
2508 4273 2843 4342 Rationem
2873 4326 2891 4359 ,
2934 4278 3004 4343 in
3045 4283 3383 4366 operibus;
3428 4290 3493 4352 et
3531 4304 3569 4351 e

2029 4378 2378 4459 contrario,
2411 4379 2487 4446 Ut
2513 4397 2938 4465 coqnoscerem
2978 4389 3377 4473 impietatem
3404 4395 3565 4461 stul-

2031 4486 2086 4551 ti
2104 4533 2125 4564 ,
2163 4485 2230 4550 in
2261 4488 2599 4569 operandis
2615 4538 2637 4570 ,
2668 4493 2760 4558 Et
2782 4507 3052 4561 errorem
3074 4497 3472 4583 prudentae,
3499 4500 3568 4566 in

2031 4594 2380 4675 credendis,
2406 4599 2480 4660 ut
2503 4597 2819 4664 dicitur¹¹:
2850 4623 2881 4661 α
2905 4602 3059 4669 Dedi
3085 4625 3193 4672 cor
3219 4626 3467 4692 meum,
3497 4615 3572 4688 ut

2032 4691 2261 4767 scirem
2307 4703 2713 4787 prudentiam
2751 4711 2941 4793 atque
2976 4712 3328 4782 doctrinam
3342 4765 3362 4799 ,
3394 4737 3571 4786 erro·

2032 4828 2261 4893 resque
2290 4814 2353 4874 et
2379 4810 2736 4877 stultitiam.
2768 4838 2800 4876 n

2113 4920 2207 4986 Et
2235 4920 2496 5000 inveni,
2527 4923 2647 4986 etc.
2678 4921 2996 5010 Descripta
3030 4934 3125 4993 est
3165 4930 3441 5015 diligens
3467 4935 3575 5001 in·-

2033 5026 2292 5109 quisitio
2319 5050 2335 5105 ;
2359 5027 2728 5096 describitur
2754 5032 2860 5098 hic
2886 5039 3409 5123 concupiscentiae
3434 5063 3572 5112 car-

2033 5133 2198 5199 nalis
2252 5135 2537 5202 inventio
2560 5187 2579 5218 ,
2636 5142 2701 5203 et
2752 5146 3065 5224 quantum
3132 5149 3213 5213 ad
3267 5151 3576 5237 triplicem

2033 5320 2096 5333 -
2130 5296 2147 5325 ‘¹
2179 5295 2365 5362 Eccli.,
2392 5310 2537 5365 xX1V,
2566 5303 2615 5350 7.
2649 5327 2710 5340 —
2736 5303 2759 5338 ⁸
2787 5304 2965 5372 Eccli„
2989 5319 3152 5372 nm,
3180 5313 3256 5363 34.
3286 5339 3346 5351 —
3372 5316 3392 5345 ⁰
3418 5316 3577 5381 Rom„

2035 5378 2111 5432 xi,
2138 5370 2215 5420 33.
2247 5395 2309 5407 -
2335 5370 2378 5406 ¹⁰
2405 5371 2583 5437 Eccli„
2617 5385 2687 5438 vi,
2720 5378 2793 5427 19.
2817 5403 2881 5416 —-
2911 5380 2949 5415 ¹¹
2979 5382 3160 5448 Supra,
3186 5394 3221 5443 ι,
3254 5387 3329 5435 17.
