4196 6294
550 426 629 488 to
1500 419 1965 490 PRINCIPIUM
2001 419 2281 488 SAGRAE
2320 418 2806 488 SCRIPTURAE.

545 559 764 638 natur,
787 558 1086 642 quamvis
1109 558 1322 626 adhuc
1348 554 1565 643 aliqua
1585 558 1995 643 reperiantur
2022 558 2095 622 in

546 683 658 745 ee,
690 684 837 750 quae
864 686 905 731 a
931 669 1081 750 jure
1122 668 1342 733 divino
1377 667 1778 745 discordent,
1820 667 1987 731 sicut
2014 665 2093 730 de

545 774 763 840 usuris
781 824 806 855 ,
846 779 911 840 et
959 776 1331 842 concubinis
1352 825 1370 856 ,
1413 777 1477 841 et
1518 775 1907 859 quibusdam
1951 774 2094 838 aliis

544 882 794 965 pauciS‚
840 884 1193 949 secundum
1234 883 1407 967 quod
1454 886 1626 968 patet
1663 884 1734 948 in
1778 881 2034 948 Canone
2069 905 2087 948 z

545 1008 692 1073 quae
734 991 999 1056 omnino
1028 971 1134 1056 vel
1175 992 1481 1074 abrogata
1521 995 1671 1056 sunt
1688 1038 1710 1070 ,
1753 991 1859 1056 vel
1896 991 2095 1056 abro-

549 1097 795 1179 ganda3
828 1099 982 1182 quia
1018 1099 1124 1163 lex
1151 1099 1169 1135 ¹
1198 1116 1347 1181 quae
1383 1098 1601 1164 obviat
1639 1116 1835 1163 sacrae
1877 1096 2092 1181 Scrip-

545 1211 709 1271 turae
751 1209 816 1272 et
860 1206 1123 1271 decretis
1165 1206 1357 1290 Papae
1375 1255 1393 1285 ‚
1432 1211 1494 1272 et
1537 1208 1823 1273 moribus
1868 1206 2093 1287 bonis,

547 1313 793 1380 nullius
820 1314 1006 1381 debet
1031 1332 1168 1380 esse
1202 1316 1533 1381 momenti.

627 1421 753 1488 Alii
806 1427 997 1503 sunt,
1058 1424 1172 1506 qui
1219 1423 1653 1508 insipientiam
1713 1424 1786 1489 in
1848 1441 2096 1488 sacram

549 1529 943 1625 Scripturam
972 1531 1372 1614 impingunt,
1404 1532 1759 1596 secundum
1796 1532 1968 1615 quod
1994 1531 2100 1596 in·

547 1640 761 1704 sinuat
785 1639 1126 1721 Apostolus
1173 1647 1233 1703 ¹⁸:
1272 1661 1304 1701 α
1328 1639 1364 1705 J
1367 1639 1540 1704 udaei
1582 1640 1778 1722 signa
1825 1643 2085 1723 petunt,

547 1752 610 1812 et
639 1746 841 1812 Graeci
870 1747 1244 1832 sapientiam
1283 1752 1606 1832 quaerunt.
1638 1770 1670 1809 n
1709 1748 2093 1830 Impingunt

546 1858 766 1920 autem
793 1855 1222 1940 insipientiam
1249 1858 1367 1931 rei,
1390 1857 1589 1934 verbi,
1620 1860 1683 1921 et
1712 1855 1909 1922 modi.

629 1966 776 2045 Rei,
807 1966 1112 2049 quoniam
1136 1967 1216 2032 de
1241 1969 1434 2032 rebus
1459 1966 1813 2033 humilibus
1837 1966 2096 2031 videtur

549 2090 767 2155 agere,
813 2077 1034 2158 utpote
1058 2075 1081 2112 ⁸
1107 2074 1186 2140 de
1212 2074 1629 2159 'Jugulatione
1658 2092 1987 2158 pecorum,
2017 2073 2097 2137 de

548 2183 728 2266 lepra
752 2184 1096 2249 domorum
1120 2184 1227 2252 vel
1249 2185 1553 2265 vestium,
1586 2185 1664 2250 de
1691 2183 2096 2250 contextione

549 2291 1107 2375 genealogiarum,
1135 2297 1201 2358 et
1225 2293 1612 2377 quibusdam
1628 2293 1790 2373 aliiS,
1823 2309 1971 2375 quae
1991 2308 2101 2375 pa-

549 2417 699 2465 rum
725 2406 837 2466 aut
861 2401 1022 2466 nihil
1043 2401 1123 2467 ad
1147 2401 1521 2486 sapientiam
1546 2401 1751 2466 animi
1775 2401 1882 2466 vel
1908 2399 2092 2464 boni-

549 2510 745 2572 tatem
765 2509 1049 2574 conferre
1065 2509 1383 2590 videntur,
1408 2527 1559 2574 cum
1576 2513 1711 2574 tam
1734 2527 1862 2589 are,
1890 2525 2095 2592 quam

554 2615 781 2697 virtus,
812 2617 1159 2682 consistant
1196 2618 1364 2682 circa
1406 2619 1681 2683 arduum
1716 2620 1781 2681 et
1815 2616 2092 2681 difficile.

549 2725 768 2791 Talem
796 2744 866 2790 se
904 2726 1099 2791 fuisse
1130 2728 1473 2793 confltetur
1501 2726 1909 2808 Augustinus
1947 2730 2098 2790 ante

548 2852 735 2899 suam
778 2835 1035 2918 plenam
1085 2835 1572 2901 conversionem
1609 2836 1692 2899 ad
1738 2834 2055 2899 Cnmsrnu
2072 2883 2090 2915 ‚

549 2942 764 3008 dicens
791 2942 814 2977 ⁸
846 2962 862 3004 ε
894 2965 924 3004 α
944 2942 1164 3026 Itaque
1187 2942 1433 3007 institui
1450 2942 1742 3007 animum
1761 2942 2095 3008 intendere

547 3050 618 3113 in
669 3049 1030 3133 Scripturas
1079 3068 1331 3131 sacras,
1388 3054 1463 3115 ut
1522 3042 1807 3116 viderem
1874 3050 2094 3133 quales

549 3161 780 3224 essent.
824 3159 903 3225 Et
933 3177 1079 3224 ecce
1114 3159 1300 3225 video
1340 3177 1478 3224 rem
1525 3177 1656 3224 non
1703 3163 2095 3243 compertam

548 3267 862 3351 superbis,
882 3285 1091 3351 neque
1116 3266 1425 3332 nudatam
1450 3267 1689 3351 pueriS,
1711 3268 1822 3333 sed
1841 3269 2095 3333 incessu

547 3375 862 3441 humilem
884 3423 903 3454 ,
960 3394 1258 3441 successu
1310 3376 1654 3457 excelsam,
1705 3381 1769 3442 et
1819 3377 2095 3443 velatam

548 3485 889 3568 mysteriis,
921 3483 1001 3550 Et
1034 3504 1167 3551 non
1202 3504 1380 3552 eram
1408 3504 1536 3568 ego
1560 3486 1722 3567 talis,
1756 3489 1832 3551 ut
1855 3487 2097 3551 intrare

548 3610 800 3676 possem
845 3594 914 3658 in
941 3612 1084 3659 eam
1104 3642 1126 3674 ,
1156 3597 1269 3659 aut
1308 3595 1623 3660 cervicem
1667 3594 1975 3660 inclinare
2013 3596 2095 3661 ad

548 3703 691 3785 ejus
720 3719 1003 3784 gressus..
1036 3702 1178 3768 Non
1205 3703 1404 3783 enim,
1436 3703 1601 3768 sicut
1626 3704 1818 3768 modo
1840 3703 2091 3788 loquor,

547 3810 639 3874 ita
665 3810 859 3892 sensi,
890 3829 1039 3875 cum
1067 3810 1308 3876 attendi
1352 3810 1431 3875 ad
1472 3810 1650 3876 illam
1684 3813 2089 3897 scripturam.

547 3917 673 3983 Sed
717 3919 856 3984 visa
882 3924 978 3984 est
1015 3919 1181 3982 mihi
1220 3919 1524 4001 indigna,
1557 3938 1754 4003 quam
1796 3921 2095 4003 dignitati

546 4025 858 4092 Tullianae
901 4045 1339 4110 compararem
1373 4050 1389 4093 ι
1429 4031 1647 4093 tumor
1688 4029 1860 4093 enim
1909 4048 2096 4096 meus

548 4135 906 4217 refugiebat
943 4135 1209 4201 modum
1237 4136 1443 4218 illius,
1473 4140 1538 4202 et
1563 4138 1730 4202 acies
1772 4156 1918 4203 mea
1962 4158 2095 4204 non

547 4242 915 4326 penetrabat
956 4243 1262 4310 interiora
1305 4247 1464 4328 ejus,
1498 4243 1956 4310 Verumtamen
1982 4246 2094 4311 illa

548 4353 686 4415 erat
702 4397 724 4430 ,
754 4368 902 4435 quae
941 4357 1251 4418 cresceret
1276 4372 1426 4418 cum
1462 4353 1781 4437 parvulis3
1810 4354 1920 4420 sed
1963 4372 2091 4436 ego

548 4459 944 4542 dedignabar
966 4478 1105 4527 esse
1127 4462 1457 4545 parvuluS.
1491 4484 1523 4522 n

629 4568 1061 4655 Simplicitatis
1099 4574 1164 4635 et
1201 4570 1583 4654 insipientiae
1626 4569 1802 4637 verbi
1845 4569 1953 4636 lex
1994 4569 2092 4636 di-

549 4677 700 4744 vina
743 4679 1107 4762 frequenter
1132 4679 1456 4762 arguitur,
1502 4679 1613 4744 sed
1650 4679 1730 4743 ab
1776 4678 1903 4742 illis
1918 4725 1940 4759 ,
1984 4679 2098 4763 qui

549 4790 693 4871 post
709 4786 1139 4870 quarumdam
1156 4787 1510 4852 litterarum
1529 4786 1935 4852 saecularium
1956 4806 2100 4853 ver·

549 4895 773 4968 bosam
812 4896 1060 4979 potius,
1104 4914 1304 4978 quam
1346 4896 1741 4961 fructuosam
1785 4896 2098 4980 eloquen-

551 5003 711 5068 tiam
733 5051 751 5084 ,
781 5003 863 5067 ad
889 5021 1135 5069 sacram
1164 5001 1560 5089 Scripturam
1601 5010 1890 5071 recenter
1919 5024 2098 5071 acce-

552 5110 737 5189 dunt,
769 5111 1119 5178 secundum
1147 5111 1319 5198 quod
1346 5112 1425 5178 de
1452 5112 1658 5197 seipso
1689 5114 1916 5179 beatus
1950 5115 2103 5182 Hie-

619 5310 634 5343 ¹
672 5310 836 5373 Crat..
873 5308 989 5362 dist.
1028 5322 1093 5377 x,
1139 5326 1187 5363 c.
1230 5311 1355 5376 Leqe
1398 5311 1787 5377 imperatorum5
1832 5312 1950 5365 dist.
1992 5325 2105 5378 κη,

557 5396 603 5435 c.
637 5381 750 5434 Non
776 5382 912 5435 licet.
938 5409 1003 5422 —
1027 5383 1047 5415 ²
1076 5384 1092 5434 Ι
1126 5383 1264 5448 Cor„
1293 5395 1331 5446 1,
1361 5386 1439 5435 22.
1479 5409 1541 5422 -
1580 5383 1604 5419 ⁸
1627 5384 1743 5436 Vid.
1776 5385 1950 5448 Levit„
1984 5399 2032 5437 c.
2069 5397 2100 5434 v

557 5460 612 5512 et
635 5465 746 5508 nv.
773 5480 838 5496 -
872 5455 891 5488 ⁴
927 5456 1079 5524 Aug„
1108 5454 1277 5522 Confi,
1312 5454 1402 5513 lib.
1432 5455 1523 5521 ΙΙΙ,
1550 5470 1597 5507 c.
1636 5467 1688 5507 v.
1720 5481 1783 5498 ·-
1818 5458 1839 5490 ¹·
1870 5455 2102 5524 Hieron„

2205 540 2521 641 ronymus
2557 556 2775 622 scribit
2817 556 2910 623 ad
2945 556 3364 624 Eustochium
3407 557 3627 625 dicens
3660 567 3686 602 ⁸
3733 582 3782 633 :2

2215 689 2245 727 α
2258 664 2478 750 Itaque
2500 667 2696 731 miser
2708 684 2857 748 ego,
2876 667 3157 732 lecturus
3175 666 3485 745 Tullium,
3507 670 3594 752 jej
3603 688 3758 736 una-

2205 777 2392 856 bam;
2426 781 2488 842 et
2527 781 2670 860 post
2694 776 2980 841 noctium
3008 777 3264 841 crebras
3299 776 3584 858 vigilias,
3613 785 3757 862 post

2205 883 2545 968 lacrymas,
2575 902 2736 967 quas
2764 884 2926 948 mibi
2955 885 3434 966 praeteritorum
3464 887 3753 952 recorda-

2205 993 2296 1057 tio
2336 996 2740 1076 peccatorutn
2771 1010 2855 1057 ex
2883 992 3028 1055 imis
3067 992 3422 1058 visceribus
3466 994 3754 1075 eruebat,

2205 1099 2470 1166 Plautus
2497 1100 2875 1165 sumebatur
2899 1099 2969 1162 in
2995 1116 3252 1163 manus.
3284 1098 3353 1165 Si
3379 1101 3659 1182 quando,
3683 1102 3756 1166 in

2207 1211 2660 1293 memetipsum
2703 1225 3050 1274 conversus
3070 1255 3089 1287 ,
3140 1206 3489 1290 Prophetas
3534 1209 3756 1291 legere

2205 1319 2562 1402 coepissem,
2593 1334 2804 1381 sermo
2827 1316 3133 1381 horrebat
3159 1316 3481 1397 incultus;
3509 1322 3574 1382 et
3600 1318 3756 1401 quia

2205 1428 2431 1493 lumen
2461 1427 2646 1491 caecis
2671 1425 2875 1490 oculis
2902 1443 3032 1489 non
3065 1426 3387 1504 videbam,
3422 1443 3560 1491 non
3594 1444 3748 1493 ocu-

2205 1536 2421 1601 lorum
2451 1535 2757 1620 putabam
2784 1533 3038 1617 culpam
3065 1551 3223 1611 esse,
3253 1535 3365 1600 sed
3391 1534 3565 1600 solis.
3594 1558 3626 1596 n

2286 1642 2548 1710 Modum
2575 1644 2794 1707 autem
2822 1642 3153 1722 tractandi,
3182 1659 3313 1726 quo
3338 1660 3519 1708 sacra
3551 1642 3758 1727 Scrip-

2204 1757 2354 1819 tura
2395 1752 2778 1831 contexitur,
2819 1751 3298 1834 reprehendunt
3333 1752 3604 1833 indocti,
3651 1770 3756 1819 se-

2209 1863 2491 1928 cundum
2512 1861 2870 1927 Rabanum.
2901 1860 3193 1925 Procedit
3211 1860 3384 1924 enim
3406 1862 3753 1942 narrando,

2205 1969 2658 2054 praecipiendo,
2682 1966 3107 2051 prohibendo,
3129 1968 3600 2050 comminando,
3616 1988 3760 2054 pro-

2207 2077 2512 2141 mittendo
2543 2097 2559 2140 τ
2593 2076 2706 2159 qui
2734 2075 2968 2141 modus
2995 2075 3211 2157 potius
3236 2076 3319 2139 ad
3356 2076 3574 2158 legem
3603 2096 3757 2161 per-

2207 2186 2387 2264 tinet,
2415 2174 2612 2268 quam
2639 2186 2722 2249 ad
2748 2187 2975 2264 artem,
3002 2201 3152 2267 quae
3170 2184 3453 2267 procedit
3477 2203 3595 2267 per
3620 2204 3756 2252 mo-

2205 2293 2362 2359 dum
2389 2292 2781 2377 quaestionis,
2814 2291 3264 2375 responsioniS,
3306 2293 3748 2374 oppositionis,

2204 2400 2538 2465 solutionis
2554 2448 2577 2480 ,
2608 2417 2785 2464 nunc
2823 2398 3170 2477 diffinien8‚
3204 2416 3382 2463 nunc
3418 2399 3711 2467 dividens
3726 2448 3750 2482 ‚

2205 2526 2380 2573 nunc
2403 2526 2713 2591 arguens,
2742 2527 2916 2574 nunc
2944 2508 3352 2573 concludens.

2285 2616 2537 2683 Erroris
2563 2616 2758 2701 primi
2783 2620 2847 2682 et
2873 2616 3045 2681 tertii
3073 2616 3414 2682 destructio
3444 2621 3559 2700 est,
3593 2619 3755 2703 quia

2206 2724 2535 2808 Scriptura
2561 2743 2742 2789 sacra
2766 2727 2862 2790 est
2886 2725 2965 2789 de
2992 2724 3144 2806 Dm,
3169 2729 3480 2809 tanquam
3506 2727 3584 2793 de
3607 2728 3756 2793 sub-

2198 2836 2369 2918 jecto
2394 2834 2789 2899 nobilissimo
2815 2836 2879 2898 et
2904 2832 3304 2913 arduissimo,
3341 2835 3514 2900 unde
3560 2832 3774 2904 ΤΙιεο-’

2205 2943 2376 3026 loqia
2398 2943 2653 3009 dicitur.
2674 2941 3033 3007 Destruitur
3052 2942 3248 3006 etiam
3272 2959 3388 3026 per
3414 2941 3561 3024 boc,
3583 2944 3757 3026 quod

2204 3070 2396 3117 omne
2424 3070 2633 3134 genus
2659 3051 2948 3117 veritatis
2975 3055 3042 3114 et
3082 3050 3410 3133 sapientiae
3442 3052 3512 3115 in
3539 3050 3753 3136 Scrip-

2204 3163 2354 3225 tura
2383 3179 2565 3225 sacra
2588 3159 2869 3245 reperire
2888 3159 3225 3240 contingit,
3248 3161 3599 3225 secundum
3622 3162 3755 3227 Au-

2206 3270 2580 3352 gustinum3
2612 3268 2703 3332 ait
2731 3268 2903 3332 enim
2941 3267 3033 3331 sic
3055 3267 3078 3303 ⁸
3107 3285 3127 3331 ε
3165 3290 3197 3328 α
3217 3267 3539 3350 Quidquid
3558 3269 3759 3336 homo

2203 3382 2386 3443 extra
2417 3395 2664 3442 sacram
2679 3376 3072 3458 Scripturam
3091 3375 3399 3455 didicerit,
3419 3376 3472 3441 si
3485 3378 3757 3444 noxium

2202 3490 2321 3568 est,
2353 3486 2444 3550 ibi
2472 3486 2848 3563 damnatur3
2871 3483 2926 3547 si
2954 3483 3110 3548 utile
3137 3487 3256 3563 est,
3286 3484 3378 3547 ibi
3398 3486 3749 3552 invenitur.

2203 3595 2283 3661 Et
2312 3614 2459 3660 cum
2488 3595 2579 3658 ibi
2609 3594 2753 3676 quis
2780 3591 3101 3657 invenerit
3134 3592 3372 3673 omnia,
3404 3611 3551 3676 quae
3576 3596 3754 3660 utili-

2202 3706 2301 3767 ter
2328 3703 2481 3767 alibi
2508 3702 2815 3781 didicerit,
2842 3700 3048 3765 multa
3071 3701 3500 3766 abundantius
3527 3703 3616 3767 ibi
3647 3704 3748 3769 in-

2201 3811 2418 3876 veniet
2449 3829 2560 3891 ea,
2593 3827 2742 3894 quae
2769 3827 3093 3893 nusquam
3129 3809 3395 3874 omnino
3422 3811 3568 3876 alibi
3581 3860 3603 3893 ,
3637 3815 3753 3879 sed

2202 3919 2458 3984 illarum
2487 3918 2932 3983 tantummodo
2962 3917 3439 4001 Scripturarum
3469 3921 3751 3987 mirabili

2201 4027 2559 4107 altitudine,
2580 4030 2646 4091 et
2662 4026 2938 4091 mirabili
2959 4026 3321 4091 humilitate
3338 4027 3690 4094 discuntur.
3709 4051 3742 4090 n

2203 4134 2378 4200 Idem
2403 4135 2599 4200 etiam
2626 4135 2715 4198 ait
2741 4134 2788 4214 ⁷,
2819 4135 2997 4218 quod
3025 4135 3094 4197 in
3129 4134 3270 4217 ipsa
3297 4136 3508 4201 omnis
3533 4137 3752 4220 philo·-

2202 4245 2426 4328 sophia
2463 4243 2803 4327 reperitur,
2844 4242 3106 4326 Logica,
3156 4244 3450 4327 Physica,
3501 4244 3746 4312 Ethica.

2202 4351 2483 4418 Isidorus
2508 4351 2698 4416 etiam
2721 4349 2798 4414 de
2818 4349 3000 4414 libris
3026 4351 3473 4434 exemplificat,
3502 4353 3572 4417 in
3597 4355 3746 4437 qui-

2200 4460 2324 4525 bus
2342 4459 2700 4544 specialiter
2728 4458 3031 4541 praedicta
3049 4461 3424 4540 tractantur,
3446 4460 3661 4526 dicens
3679 4469 3703 4504 ⁸
3728 4486 3744 4529 ε

2211 4593 2242 4632 α
2272 4572 2342 4634 In
2380 4569 2481 4634 his
2521 4569 2726 4633 tribus
2770 4566 3116 4649 generibus
3150 4566 3581 4652 Philosophia}
3625 4569 3750 4636 Lo-

2205 4679 2403 4761 gicae,
2436 4677 2763 4763 Physicae,
2793 4675 3069 4756 Ethicae,
3119 4676 3313 4741 etiam
3355 4675 3609 4760 eloquia
3650 4678 3753 4743 di-

2205 4787 2358 4852 vina
2384 4787 2757 4852 consistunt.
2801 4784 2960 4850 Nam
2994 4786 3106 4848 aut
3148 4785 3227 4849 de
3257 4787 3488 4849 natura
3526 4786 3752 4871 dispu-

2204 4895 2328 4958 tari
2374 4894 2552 4977 solet,
2581 4898 2659 4958 ut
2696 4894 2764 4958 in
2814 4893 3039 4959 Genesi
3080 4895 3145 4956 et
3184 4893 3598 4978 Ecclesiasle;
3636 4899 3751 4961 aut

2206 5008 2523 5086 quantum
2563 5002 2646 5067 ad
2691 5018 2911 5066 rerum
2948 5000 3344 5066 naturalium
3385 5003 3749 5082 generatio-

2206 5127 2357 5174 nem
2398 5114 2463 5176 et
2493 5110 3002 5193 corruptionem,
3033 5114 3097 5174 et
3132 5109 3608 5190 alterationem;
3639 5115 3755 5176 aut

2208 5311 2277 5363 ad
2303 5307 2533 5362 Eustoch.
2573 5307 2635 5359 de
2666 5308 2793 5358 cust.
2830 5307 2981 5374 vir-9„
3025 5307 3170 5373 epist.
3200 5317 3333 5358 1¹11.
3363 5334 3421 5347 —
3454 5309 3474 5341 ⁸
3503 5309 3657 5376 Aug„
3691 5309 3755 5361 de

2214 5385 2355 5435 Doce.
2401 5378 2618 5443 Christ„
2654 5379 2744 5432 lib.
2786 5379 2860 5444 ΙΙ,
2903 5394 2953 5430 c.
2994 5390 3126 5431 xm.
3159 5404 3221 5417 —
3266 5378 3290 5414 Ἰ
3333 5378 3429 5444 td„
3475 5380 3625 5446 epist.
3666 5393 3753 5445 111,

2211 5454 2279 5510 al.
2301 5464 2539 5519 cxxxvu,
2556 5465 2613 5504 n.
2641 5453 2723 5505 ΙἸ.
2740 5477 2802 5491 -
2827 5450 2850 5489 ⁸
2876 5450 3019 5516 leid„
3046 5449 3291 5517 Etymot,
3315 5449 3406 5505 lib.
3437 5453 3502 5519 u,
3529 5466 3577 5506 c.
3605 5463 3753 5506 xxiv.
