4196 6294
1266 576 1272 585 ,
1362 498 1444 567 IN
1484 500 2051 570 nExAEMERoN.
2095 502 2327 574 SERM.
2375 510 2423 574 1.
3400 513 3481 575 23

288 637 490 703 multis
514 639 975 719 argumentis.
1006 640 1112 706 Est
1138 642 1352 706 autem
1376 638 1699 724 quoddam
1720 656 1832 703 ar-

293 750 670 829 gumentum
706 745 993 827 Christi;
1031 747 1346 832 quoddam
1373 750 1838 830 argumentum

112 874 269 919 onnon
298 855 533 921 diaboli.
563 858 1060 938 Argumentum
1085 856 1318 921 diaboli
1358 859 1455 920 est
1481 855 1839 938 paralogis-

91 949 273 1045 ζξζ,
304 985 434 1031 mus
466 967 905 1033 destructivus
927 1018 945 1048 ,
975 968 1209 1033 ducens
1234 968 1315 1033 ad
1346 967 1695 1032 infernum.
1724 960 1841 1029 Ar-

306 1080 688 1156 gumentum
743 1075 1009 1155 Christi,
1058 1080 1156 1141 est
1221 1075 1638 1159 syllogismus
1684 1091 1837 1137 con-

304 1185 645 1249 structivus
706 1189 775 1250 et
812 1186 1231 1268 reparativus.
1283 1184 1494 1249 Hostis
1535 1185 1842 1267 antiquus

304 1293 743 1377 paralogizans
768 1294 1055 1375 primum
1080 1292 1413 1357 hominem
1431 1340 1453 1373 ,
1508 1290 1843 1375 supposuit

305 1402 651 1485 quamdam
705 1403 1206 1487 propositionem
1267 1403 1340 1468 in
1394 1401 1584 1466 corde
1652 1402 1794 1482 ejus
1822 1444 1840 1477 ,

306 1511 479 1595 quasi
529 1529 650 1593 per
707 1529 779 1576 se
820 1514 1039 1575 notam
1062 1559 1081 1591 ,
1135 1528 1284 1593 quae
1329 1513 1424 1575 est
1469 1532 1485 1573 :
1546 1510 1847 1574 Creatura

306 1618 629 1683 rationalis
647 1619 835 1684 debet
853 1622 1149 1703 appetere
1168 1618 1647 1683 similitudinem
1672 1616 1848 1681 Crea-

306 1726 489 1805 toris,
521 1726 683 1809 quia
721 1730 818 1791 est
873 1726 1184 1791 Creatoris
1234 1725 1453 1807 imago
1515 1724 1723 1807 (unde
1776 1724 1848 1787 in

306 1834 622 1900 damnatis
640 1836 763 1900 erit
777 1837 1277 1918 maximapoena,
1293 1834 1444 1918 quia
1459 1852 1606 1898 cum
1626 1833 1849 1913 imago

306 1942 389 2009 sit
411 1944 649 2009 animae
675 1942 1026 2008 essentialis
1042 1992 1060 2022 ‚
1089 1943 1235 2007 talis
1265 1941 1580 2024 appetitus
1607 1940 1727 2005 erit
1755 1955 1850 2004 es-

306 2050 585 2115 sentialis
626 2052 698 2115 in
732 2050 1051 2115 damnatis
1082 2070 1100 2112 τ
1133 2049 1446 2133 appetitus
1466 2096 1487 2128 ‚
1537 2049 1801 2130 iuquam
1824 2095 1845 2126 ,

306 2159 642 2243 explebilis
663 2159 926 2239 habitu,
950 2160 1351 2242 inexplebilis
1375 2158 1696 2242 potentia).
1728 2157 1851 2222 Mi-

305 2285 427 2333 nor
471 2268 821 2353 propositio
865 2273 997 2333 erat
1025 2269 1149 2333 ista
1198 2287 1216 2333 ε
1252 2268 1321 2333 Si
1348 2267 1729 2346 comederis„
1758 2282 1855 2330 as·

306 2376 710 2441 similaberis.
760 2377 936 2458 Ergo
981 2377 1226 2442 bonum
1267 2380 1362 2441 est
1404 2375 1731 2440 comedere
1775 2374 1854 2439 de

305 2484 537 2565 vetito,
579 2488 657 2548 ut
719 2483 1111 2549 assimileris,
1166 2483 1285 2549 Per
1350 2482 1545 2548 istum
1594 2480 1852 2566 paralo-

310 2591 597 2673 gismum
623 2598 887 2675 peccant
931 2610 1153 2657 omnes
1170 2639 1191 2671 ‚
1237 2591 1390 2674 quia
1423 2591 1575 2655 dicit
1620 2590 1856 2674 Diony·

310 2700 444 2763 sius
465 2702 481 2737 ¹
504 2721 523 2764 ε
566 2700 842 2765 «Nullus
867 2701 1115 2765 malum
1141 2701 1289 2765 facit
1314 2700 1396 2766 ad
1421 2700 1665 2764 malum
1696 2699 1857 2782 aspi-

315 2807 522 2885 ciens;
554 2808 795 2872 fallitur
820 2812 1038 2873 autem
1063 2808 1261 2872 homo
1286 2855 1304 2887 ,
1334 2808 1486 2890 quia
1510 2806 1734 2871 falsam
1764 2806 1853 2870 si·

316 2913 742 2980 militudinem
751 2916 905 2980 boni
924 2916 1148 2999 accipit
1165 2933 1280 2998 pro
1290 2932 1464 2979 vera.
1479 2938 1508 2974 x>
1529 2913 1857 2979 Peristum

319 3022 814 3105 paralogismum
835 3071 857 3103 ,
908 3024 1111 3087 hostis
1156 3023 1461 3105 antiquus
1498 3022 1858 3087 introduxit

324 3128 642 3194 hominem
663 3130 732 3195 in
748 3129 1225 3214 passibilitatem
1246 3134 1519 3211 naturae,
1550 3130 1621 3194 in
1647 3146 1879 3210 neces-¹

332 3239 568 3302 sitatem
603 3240 1026 3322 impotentiae‚
1071 3240 1141 3303 in
1177 3239 1629 3303 mortalitatem
1678 3238 1852 3304 vitae.

142 3365 289 3408 cnam
343 3344 391 3408 E
415 3351 621 3411 eontra
650 3352 1112 3428 argumentum
1154 3345 1383 3412 Christi
1426 3345 1551 3411 fuit
1595 3344 1853 3411 salvati·

134 3440 326 3534 „2⁸⁹ss
350 3471 491 3519 vum
514 3461 570 3520 et
595 3457 1093 3521 constructivum
1123 3456 1347 3520 salutis
1364 3506 1383 3535 ,
1428 3459 1492 3520 et
1519 3456 1855 3521 destructi-

352 3579 489 3625 vum
510 3563 943 3627 damnationis,
967 3562 1175 3626 Hostis
1196 3565 1497 3645 antiquus
1521 3564 1848 3627 hominem

355 3670 856 3750 dissimulaverat,
902 3689 1096 3754 quem
1134 3672 1489 3736 assimilare
1540 3671 1853 3755 promise·

355 3783 476 3842 rat:
506 3798 747 3844 necesse
775 3780 980 3860 igitur
1013 3773 1133 3842 fuit
1179 3779 1461 3845 Verbum
1502 3779 1614 3843 Dei
1648 3778 1855 3844 simile
1905 3826 1908 3830 .

356 3901 468 3950 esse
485 3936 500 3966 ‚
527 3892 596 3952 ut
616 3887 945 3953 hominem
973 3885 1100 3951 Deo
1120 3888 1524 3976 assimilaret.
1569 3889 1856 3954 Christus

1947 641 2420 723 impassibilitas
2459 665 2499 710 a
2534 646 2986 729 passibilitate:
3020 664 3275 712 necesse
3317 664 3484 730 ergo

1946 747 2069 810 fuit
2086 797 2106 828 ,
2137 751 2428 817 ut'homo
2453 754 2748 817 transiret
2769 772 2809 818 a
2834 753 3214 817 mortalitate
3246 755 3318 819 in
3353 755 3480 820 im-

1951 859 2433 943 mortalitatem,
2467 881 2507 925 a
2534 863 2778 927 defectu
2820 864 2889 927 in
2934 863 3359 945 opulentiam,
3406 865 3485 931 de

1949 968 2356 1048 passibilitate
2408 972 2487 1033 ad
2524 990 2844 1035 coronam.
2892 971 3094 1054 Major
3138 973 3483 1055 propositio

1951 1072 2019 1136 in
2062 1083 2447 1156 argumento
2490 1078 2715 1143 Christi
2754 1079 2876 1143 fuit
2911 1080 2992 1143 ab
3020 1084 3259 1146 aeterno
3290 1100 3308 1145 t
3335 1100 3488 1147 nam

1952 1182 2033 1245 ab
2061 1189 2302 1250 aeterno
2340 1187 2460 1251 fuit
2497 1188 2777 1253 Verbum
2818 1188 2927 1253 Dei
2956 1171 3275 1254 conforme
3320 1190 3490 1256 Patri
3593 1216 3598 1221 -

1952 1289 2023 1352 in
2060 1294 2342 1373 potentia
2387 1298 2449 1358 et
2490 1300 2742 1360 natura.
2788 1296 3132 1381 Assumpta
3172 1317 3326 1362 vero
3373 1299 3493 1364 fuit

1956 1399 2166 1464 minor
2197 1401 2269 1485 (b)
2303 1403 2372 1466 in
2396 1422 2582 1467 cruce
2600 1452 2618 1482 ,
2648 1404 2941 1469 videlicet
2967 1407 3269 1489 penuria,
3299 1408 3493 1490 passi·

1955 1505 2166 1571 bilitas
2187 1556 2204 1585 ‚
2236 1510 2300 1572 et
2327 1528 2522 1574 mors.
2556 1512 2884 1577 Conclusio
2912 1513 3030 1577 ruit
3058 1513 3130 1577 in
3171 1532 3493 1580 resurrec-

1957 1613 2147 1678 tione.
2178 1616 2213 1681 J
2218 1618 2386 1683 udaei
2404 1619 2742 1684 credebant
2762 1620 3084 1685 Christum
3114 1622 3491 1701 confudisse,

1958 1726 2021 1785 et
2043 1723 2163 1786 sibi
2188 1724 2703 1807 improperabant
2721 1734 2780 1791 ἐ
2811 1751 2843 1789 α
2864 1728 2929 1793 Si
2947 1729 3054 1792 Dei
3073 1730 3248 1794 filius
3271 1748 3339 1793 es
3357 1779 3374 1809 ,
3397 1730 3500 1795 de-

1959 1831 2185 1896 scende
2200 1832 2278 1895 de
2292 1851 2499 1898 cruce.
2512 1857 2543 1893 n
2571 1833 2856 1899 Christus
2873 1854 3029 1902 vero
3048 1838 3325 1901 dicebat:
3355 1861 3386 1898 a
3407 1838 3502 1903 Si·

1958 1936 2092 2000 nite
2120 1956 2225 2002 me
2252 1958 2508 2021 poeuam
2545 1960 2868 2007 assumere
2888 1991 2909 2023 ,
2959 1948 3024 2007 et
3063 1944 3241 2008 alteri
3286 1948 3496 2010 extre·-

1961 2044 2169 2109 mitati
2223 2048 2533 2112 veraciter
2581 2049 2864 2131 copulari
2893 2097 2914 2142 ,
2973 2050 3208 2115 scilicet
3261 2052 3389 2131 pati
3439 2056 3504 2116 et

1963 2154 2150 2216 mori.
2179 2176 2211 2212 ι»
2257 2153 2336 2218 Et
2373 2160 2528 2219 tunc
2565 2157 2856 2238 sequitur
2881 2157 3225 2237 conclusio,
3268 2159 3504 2224 scilicet

1964 2260 2434 2343 impassibilitas
2463 2263 2817 2346 passibilis3
2858 2264 3301 2331 immortalitas
3328 2286 3500 2332 mor-

1962 2370 2133 2449 talis3
2158 2371 2479 2454 opulentia
2509 2371 2714 2452 inops,
2749 2370 2872 2434 lsta
2909 2375 3060 2435 sunt
3104 2384 3502 2456 argumenta,

1963 2479 2201 2560 quibus
2213 2479 2504 2544 Christus
2523 2477 2822 2542 utebatur
2838 2480 2883 2559 ⁸,
2920 2496 3036 2561 per
3064 2481 3505 2565 quadraqinta

1963 2587 2105 2653 dies
2119 2604 2438 2670 appa-rens
2450 2589 2564 2665 eis,
2582 2586 2795 2651 dicens
2805 2592 2828 2628 ⁸
2848 2609 2863 2652 :
2885 2611 2916 2648 α
2932 2586 3156 2651 Nonne
3170 2588 3310 2653 haec
3326 2609 3505 2673 opor-

1965 2699 2087 2762 tuit
2114 2698 2434 2767 Christum
2460 2700 2615 2782 pati‚
2649 2703 2712 2762 et
2742 2699 2832 2761 ita
2862 2698 3100 2762 intrare
3127 2698 3196 2762 in
3225 2700 3504 2780 gloriam

1964 2808 2233 2871 suam‘h
2258 2807 2343 2871 De
2357 2808 2479 2871 hoc
2497 2807 2705 2870 medio
2731 2806 2880 2870 dicit
2897 2806 3173 2871 ‚Ioannes
3189 2808 3211 2843 ⁸
3243 2831 3258 2870 ε
3292 2807 3494 2873 «Cum

1965 2919 2128 2978 esset
2154 2914 2491 2978 sabbatum
2515 2913 2770 2991 diemo,
2799 2914 2969 2977 stetit
2984 2913 3169 2977 Jesus
3196 2914 3264 2977 in
3292 2916 3502 2981 medio

1965 3022 2442 3104 discipulorum,
2488 3025 2552 3084 et
2593 3021 2682 3084 ait
2708 3021 2873 3084 illis:
2919 3019 3052 3085 Pax
3078 3023 3282 3086 vobiS.
3308 3045 3339 3083 υ
3371 3024 3505 3097 Duo

1966 3132 2239 3197 ostendit
2265 3130 2676 3212 Evangelista
2692 3179 2714 3210 ,
2769 3130 3001 3196 scilicet
3037 3131 3264 3214 gloriae
3302 3134 3501 3198 subli-

1966 3241 2276 3319 mitatem,
2303 3258 2378 3303 eo
2407 3239 2575 3321 quod
2592 3239 2999 3321 impassibilis
3017 3243 3080 3303 et
3103 3239 3500 3322 immortaliS,

1966 3347 2195 3412 clausis
2215 3343 2435 3430 januis
2455 3394 2474 3424 ,
2505 3346 2768 3411 intravit
2793 3350 3099 3429 tanquam
3129 3347 3316 3412 DeuS.
3360 3348 3509 3414 Post

1964 3455 2237 3519 ostendit
2266 3454 2358 3517 eis
2386 3471 2617 3517 manus
2644 3459 2706 3517 et
2733 3454 2897 3518 latus
2915 3503 2931 3533 ,
2963 3457 3026 3516 et
3054 3455 3525 3520 confessionem·

1964 3563 2227 3627 extorsit
2247 3581 2285 3625 a
2311 3562 2555 3649 Thomna
2581 3561 2823 3625 dicente
2856 3583 2871 3625 :
2910 3584 2941 3621 <z
2966 3561 3271 3626 Dominus
3300 3580 3505 3642 meuS,

1965 3675 2028 3736 et
2053 3672 2222 3736 Deus
2249 3689 2451 3734 meus,
2477 3693 2509 3730 ι)
2536 3669 2691 3734 Vide
2714 3687 3080 3751 processum
3102 3670 3504 3734 mirabilem:

1963 3783 2173 3865 primo
2202 3783 2396 3846 intrat
2421 3783 2495 3843 ut
2522 3779 2686 3843 Deus
2703 3826 2721 3858 ,
2755 3783 2818 3843 et
2844 3778 2985 3842 haec
3012 3778 3129 3842 fuit
3158 3780 3505 3861 propositio

1963 3894 2202 3974 major3
2235 3890 2459 3954 deinde
2488 3889 2761 3952 ostendit
2787 3888 2882 3950 eis
2917 3906 3149 3951 manus
3199 3891 3261 3953 et
3290 3888 3460 3952 latus
3481 3940 3499 3969 ,

357 4010 486 4073 crgo
508 3996 721 4059 habuit
739 4042 756 4071 ‚
785 3996 855 4058 in
882 4000 1198 4077 quantum
1226 3994 1392 4061 Deus
1415 4045 1433 4076 ,
1476 4015 1624 4061 cum
1667 3995 1854 4062 Patre

354 4102 816 4166 conformitatem
843 4107 1093 4167 naturae
1106 4150 1125 4182 ,
1164 4103 1589 4185 :equalitatem
1617 4108 1853 4187 poten-

358 4206 464 4283 tiae,
489 4208 1011 4275 immortalitatem
1029 4210 1183 4274 vitae
1210 4230 1224 4275 :
1253 4212 1323 4274 in
1340 4211 1442 4274 his
1465 4229 1623 4294 ergo
1641 4213 1852 4277 tribus

358 4319 687 4399 conjunctus
716 4318 837 4383 fuit
865 4317 1063 4382 Patri.
1107 4315 1373 4382 Necesse
1417 4324 1511 4382 est
1538 4338 1701 4401 ergo
1750 4320 1853 4385 his

360 4422 529 4487 trihus
544 4425 842 4508 oppositis
862 4426 1175 4508 conjungi
1196 4426 1468 4489 homiui.
1491 4426 1852 4509 Assumpsit

358 4544 481 4611 ergo
502 4529 770 4597 Verbum
800 4533 908 4597 Dei
935 4532 1412 4615 passibilitatem
1445 4539 1714 4614 naturae,
1746 4552 1851 4598 ne·

362 4640 648 4705 mitatem
674 4642 999 4724 penuriae,
1024 4641 1475 4706 mortalitatem
1501 4642 1677 4706 vitae.
1710 4640 1853 4705 Pri-

362 4760 443 4806 ma
464 4748 571 4810 tria
593 4748 819 4812 habuit
848 4747 1127 4812 Verbum
1154 4746 1269 4812 Dei
1307 4765 1424 4830 per
1467 4749 1805 4812 essentiam
1827 4771 1844 4827 ;

360 4858 627 4931 postoema
656 4859 740 4938 (a)
770 4857 895 4920 tria
944 4856 1308 4938 assumpsit.
1355 4853 1649 4937 Oportuit·
1690 4875 1849 4940 ergo

360 4965 415 5022 ut
440 4964 544 5027 tria
565 4966 978 5031 vincerentur
1018 4984 1057 5029 a
1103 4965 1330 5050 tribus.
1388 4965 1512 5029 Sed
1561 4970 1693 5033 vita
1736 4987 1851 5052 per

355 5071 644 5136 essentiam
673 5071 967 5156 superari
991 5090 1122 5137 non
1149 5072 1356 5155 potuit
1383 5091 1421 5135 a
1447 5077 1652 5136 morte
1674 5122 1693 5154 ,
1733 5093 1851 5140 nec

348 5174 559 5245 infinita
579 5183 861 5265 potentia
887 5203 926 5247 a
954 5183 1241 5265 penuria,
1271 5201 1389 5247 nec
1411 5183 1851 5252 immaterialis

1962 4006 2025 4064 et
2050 4000 2190 4063 haec
2216 3998 2337 4061 fuit
2378 3999 2706 4077 assumpta
2730 3996 2944 4059 minor
2974 4014 2991 4073 ;
3022 3995 3211 4059 tertio
3241 3996 3498 4063 conclu-

1962 4108 2204 4171 sionem
2242 4104 2506 4170 extorsit
2536 4126 2553 4167 :
2612 4125 2642 4163 α
2672 4103 2975 4166 Dominus
3013 4120 3195 4167 meus
3234 4108 3297 4167 et
3337 4105 3501 4169 Deus

1960 4235 2166 4288 meus.
2188 4235 2218 4273 n
2255 4212 2396 4277 Non
2437 4211 2572 4274 siue
2603 4228 2792 4273 causa
2814 4209 3108 4290 signatur
3128 4211 3150 4245 ⁶
3170 4211 3331 4274 liber
3353 4229 3499 4293 sep-

1958 4331 2088 4390 tem
2126 4325 2393 4406 sigillis:
2425 4346 2455 4382 «
2483 4321 2640 4386 Ecce
2671 4319 2824 4384 vicit
2847 4321 2947 4384 leo
2973 4321 3051 4384 de
3079 4321 3254 4385 tribu
3290 4319 3454 4386 luda
3470 4371 3492 4403 ,
3542 4344 3720 4413 septem

1959 4434 2142 4496 radix
2152 4431 2368 4510 David,
2387 4428 2634 4512 aperire
2644 4426 3233 4505 librum‚etsolvere
3254 4431 3494 4509 septem
3525 4415 3737 4512 '¹³³⁸‘32'

3551 4466 3596 4507 la

1959 4541 2282 4620 sigaacula
2312 4542 2469 4621 ejus.
2496 4559 2527 4595 υ
2570 4536 2695 4598 Ista
2717 4541 2867 4598 sunt
2912 4540 3151 4617 septem
3194 4535 3400 4599 media
3428 4536 3495 4599 in
3548 4480 3722 4583 ⁸583·

1959 4644 2187 4710 Christi
2215 4640 2674 4707 resurrectione
2704 4661 2719 4701 :
2762 4639 3042 4719 primum
3072 4639 3354 4703 medium
3400 4644 3499 4705 est
3524 4595 3641 4636 Ἧι

1957 4753 2257 4817 reseratio
2289 4748 2593 4832 sepulcri,
2621 4751 2683 4811 et
2715 4746 2856 4811 haec
2883 4748 2931 4810 si
2941 4748 3204 4828 gnificat
3231 4748 3498 4830 apertio·

1958 4879 2106 4925 nem
2135 4860 2319 4936 libri3
2353 4856 2707 4920 secundum
2751 4859 2845 4918 est
2885 4856 3153 4919 remotio
3184 4855 3496 4921 linteami-
3550 4852 3557 4860 ’

1958 4988 2118 5033 num
2143 5017 2161 5047 ,
2195 4971 2259 5031 et
2284 4967 2500 5047 signat
2528 4963 2978 5028 revelationem
3005 4963 3491 5045 mysteriorum;

1958 5078 2218 5144 tertium
2246 5081 2340 5140 est
2376 5072 2813 5138 testimonium
2854 5071 3236 5153 angelorum
3269 5074 3498 5139 seden-

1959 5187 2123 5259 tium
2168 5186 2238 5249 in
2281 5184 2579 5259 dextera;
2626 5183 2933 5263 quartum
2979 5182 3076 5243 est
3119 5180 3497 5247 resurrectio

1962 5386 2016 5397 -
2062 5360 2083 5395 δ
2121 5359 2257 5420 Luc„
2299 5366 2441 5418 ΠΝ,
2483 5357 2561 5404 26.
2601 5379 2664 5391 -
2699 5354 2717 5384 ⁵
2752 5353 2919 5414 Joan„
2957 5363 3057 5416 xx,
3098 5355 3158 5402 26
3191 5356 3243 5402 et
3284 5367 3395 5418 seq.
3438 5377 3496 5392 -

1963 5434 1982 5464 ⁸
2004 5433 2177 5497 Apoc.,
2207 5441 2257 5493 V,
2285 5433 2342 5479 1..

2028 5530 2091 5595 (α)
2125 5530 2249 5581 coet.
2275 5527 2397 5577 edit.
2425 5525 2560 5576 deest
2585 5528 2864 5588 postrema.
2895 5547 2958 5564 —
2978 5521 3051 5587 (b)
3081 5525 3205 5575 Item
3231 5523 3418 5574 minor.

391 5381 409 5417 ¹
434 5383 591 5449 Dion„
614 5384 677 5436 de
705 5386 826 5436 Div.
856 5383 1029 5446 Nom„
1058 5395 1104 5434 c.
1129 5395 1199 5448 ιν,
1224 5382 1374 5449 paulo
1400 5387 1515 5449 post
1542 5386 1681 5438 med.
1714 5388 1853 5440 idem

328 5449 437 5504 dicit
460 5457 623 5522 Arist„
673 5456 769 5509 lib.
799 5456 866 5520 ΙΙ,
896 5456 1191 5519 Maqnorum
1218 5455 1422 5521 Mon-al„
1454 5470 1500 5506 e.
1528 5468 1627 5520 vn,
1659 5471 1721 5509 ex
1749 5461 1853 5524 opi-

320 5525 465 5580 nione
489 5529 730 5582 Soa-atis.
762 5553 827 5568 —
869 5527 889 5559 ²
908 5527 1114 5592 Manli„
1139 5538 1307 5592 nvn,
1333 5529 1411 5579 40.
1439 5552 1501 5568 -
1525 5528 1546 5560 ⁸
1571 5529 1705 5592 Act„
1734 5541 1773 5593 1,
1802 5533 1848 5582 3.
