4196 6294
1322 416 1405 481 ΙΝ
1447 414 2014 486 HEXAEMERON.
2053 419 2319 488 SERMO
2361 422 2469 488 ΙΙΙ.
3407 420 3489 482 43

351 552 613 635 Oportet
640 567 815 634 ergo
841 551 1170 618 hominem
1198 570 1314 635 per
1358 550 1642 617 studium
1669 553 1839 617 veri-

288 659 413 723 tatis
462 657 691 723 fodere
723 707 745 736 ‚
803 663 884 724 ut
942 659 1022 724 ad
1075 660 1451 724 thesaurum
1506 659 1834 742 sapientiae

290 765 624 849 perveniat.
688 764 819 830 Iste
874 767 1229 831 intellectus
1251 817 1276 847 ,
1325 768 1435 851 qui
1484 772 1578 832 est
1628 770 1835 850 janua

291 873 863 938 considerationum
900 874 1364 953 scientialium,
1395 876 1631 958 partlm
1674 878 1768 938 est
1795 893 1835 938 a

290 979 617 1046 dictamine
660 987 948 1060 naturae,
980 983 1116 1047 sive
1144 1002 1183 1046 a
1217 983 1462 1048 lumine
1501 983 1828 1065 interiori,

288 1090 509 1173 partim
555 1108 644 1154 ex
692 1089 1070 1154 certitudine
1119 1089 1561 1172 experientiae,
1614 1089 1750 1154 sive
1796 1109 1836 1155 a

290 1197 522 1263 lumine
578 1196 886 1261 exteriori
913 1246 934 1274 ,
989 1197 1225 1279 partim
1283 1215 1366 1260 ex
1420 1197 1834 1261 illustratione

289 1302 437 1369 lucis
459 1310 731 1370 aeternae
746 1354 763 1384 ,
795 1305 932 1368 sive
954 1323 992 1367 a
1017 1303 1262 1369 lumine
1286 1303 1621 1386 superiori.
1652 1303 1835 1380 Quod

289 1414 363 1476 sit
396 1413 639 1495 partim
685 1429 771 1475 ex
816 1412 1155 1476 dictamine
1200 1416 1451 1476 naturae
1482 1461 1501 1492 ,
1551 1415 1722 1494 patet
1766 1412 1836 1476 in

292 1522 779 1597 Ecclesiastico,
804 1519 918 1583 ubi
943 1520 1176 1585 dicitur
1209 1520 1224 1555 ¹
1258 1542 1273 1583 ι
1310 1542 1341 1579 α
1366 1521 1537 1585 Deus
1562 1520 1640 1584 de
1661 1523 1835 1583 terra

290 1630 524 1695 creavit
549 1629 918 1708 hominem,
948 1632 1012 1692 et
1040 1629 1120 1692 ad
1149 1628 1502 1709 imaginem
1530 1647 1715 1692 suam
1746 1629 1837 1692 fe-

299 1739 379 1801 cit
407 1737 635 1802 illum:
667 1737 907 1801 creavit
934 1753 1015 1801 ex
1043 1737 1181 1818 ipso
1211 1736 1601 1818 adjutorium
1628 1735 1835 1799 simile

298 1846 445 1926 sibi,
471 1850 532 1910 et
561 1864 673 1911 cor
698 1846 777 1910 ad
818 1845 1237 1927 cogitandum
1284 1843 1452 1908 dedit
1493 1843 1617 1906 illis
1647 1863 1663 1907 ε
1699 1843 1829 1907 dis-

298 1951 526 2036 ciplina
553 1958 616 2017 et
642 1952 1065 2035 intelligentia
1092 1951 1379 2036 implevit
1405 1950 1568 2015 illos,
1605 1973 1636 2011 υ
1671 1950 1834 2014 Hinc

302 2062 486 2125 etiam
527 2060 764 2124 dicitur
790 2108 812 2139 ,
860 2060 1033 2143 quod
1076 2060 1293 2123 anima
1337 2058 1663 2123 rationalis
1707 2063 1834 2123 tres

305 2168 486 2232 habet
510 2167 910 2251 operationes
942 2188 958 2231 :
994 2186 1192 2232 unam
1233 2186 1394 2251 qua,
1423 2171 1681 2251 propter
1708 2167 1834 2231 im-

310 2276 666 2339 munitatem
689 2293 731 2339 a
767 2275 1069 2353 materia,
1101 2277 1194 2339 est
1229 2275 1535 2341 reflexiva
1574 2275 1678 2340 sui
1717 2294 1829 2340 su-

314 2400 413 2465 per
448 2400 511 2445 se
529 2404 546 2460 ;
590 2382 938 2446 secundam
992 2401 1119 2465 qua
1149 2431 1168 2460 ,
1218 2387 1478 2466 propter
1529 2386 1831 2448 naturam

320 2490 691 2572 perfectionis
740 2494 803 2553 et
856 2490 1080 2554 formae
1099 2538 1117 2569 ,
1162 2495 1256 2554 est
1309 2492 1681 2556 conversiva
1731 2492 1832 2555 sui

321 2613 491 2677 supra
514 2615 739 2678 corpus
758 2596 1337 2660 administrandum
1357 2619 1374 2675 ;
1394 2598 1648 2661 tertiam
1675 2617 1828 2682 qua,

323 2703 738 2767 transcendens
768 2722 1002 2786 corpus
1030 2707 1092 2768 et
1121 2723 1187 2768 se
1207 2752 1223 2780 ,
1256 2708 1350 2768 est
1376 2703 1691 2769 elevativa
1727 2705 1832 2770 sui

322 2810 388 2873 ad
413 2810 597 2875 Deum
625 2811 1208 2893 contemplandum.
1233 2810 1346 2875 Est
1371 2815 1588 2876 autem
1615 2813 1720 2877 hic
1739 2814 1832 2878 in-

322 2918 571 2984 tellectus
594 2920 945 2985 secundum
972 2920 1288 2985 dictamen
1317 2926 1569 2988 naturae
1602 2945 1616 2987 :
1660 2923 1830 3008 quod

324 3030 469 3109 patet
493 3028 557 3090 in
592 3028 796 3092 Adam
815 3078 830 3107 ,
862 3028 976 3110 qui
1001 3032 1025 3065 ²
1052 3028 1353 3092 omnibus
1378 3030 1572 3093 rebus
1601 3049 1830 3095 secun-

322 3134 454 3199 dum
471 3137 777 3219 specificas
796 3136 856 3201 di
864 3136 1188 3200 fierentias
1206 3137 1469 3203 nomina
1500 3137 1825 3224 imposuit.

322 3242 524 3306 Anima
550 3248 765 3308 autem
795 3249 1015 3308 nostra
1048 3244 1240 3308 habet
1285 3263 1482 3328 supra
1523 3266 1591 3311 se
1633 3250 1832 3331 quod-

325 3347 448 3413 dam
472 3349 682 3417 lumen
707 3355 957 3416 naturae
985 3351 1315 3432 signatum
1333 3400 1351 3430 ,
1381 3372 1496 3436 per
1525 3356 1696 3438 quod
1723 3356 1834 3420 ha-

327 3457 446 3521 bilis
484 3463 576 3523 est
609 3460 689 3522 ad
718 3463 1238 3540 cognoscendum
1277 3462 1586 3544 principia
1628 3464 1735 3546 (a),
1768 3466 1833 3529 et

328 3564 416 3628 illa
438 3566 798 3649 semiplene,
830 3567 984 3649 quia
1010 3568 1322 3651 principia
1355 3572 1828 3652 cognoscimus,

328 3672 383 3738 in
403 3680 693 3758 quantum
721 3675 1030 3739 terminos
1052 3676 1500 3757 cognoscimus
1524 3683 1569 3740 ⁸.
1600 3677 1832 3742 Secun-

332 3782 428 3861 de,
470 3784 813 3849 intellectus
856 3783 972 3846 iste
1020 3787 1113 3847 est
1157 3802 1196 3847 a
1234 3785 1590 3867 frequentia
1637 3805 1833 3870 expe-

336 3888 564 3955 rientiae.
621 3892 691 3955 In
738 3891 1098 3957 Proverbiis
1147 3891 1388 3972 legitur
1429 3891 1496 3957 ⁸:
1538 3915 1570 3953 α
1608 3891 1722 3957 Vir
1760 3893 1831 3959 in

334 3997 518 4060 multis
566 4003 867 4081 expertus
896 4045 918 4076 ,
964 3997 1166 4061 multa
1220 4000 1638 4080 recognoscit.
1677 4022 1709 4060 n
1756 4002 1835 4066 Et

334 4098 715 4188 Philosophus
738 4111 762 4146 ⁸
797 4105 1009 4184 docet,
1042 4106 1214 4187 quod
1250 4125 1334 4169 ex
1368 4107 1587 4172 multis
1623 4110 1831 4173 sensi-

330 4208 429 4274 bus
453 4214 518 4276 fit
538 4232 669 4278 una
694 4213 1038 4292 memoria,
1067 4218 1131 4278 et
1151 4232 1230 4278 ex
1260 4215 1479 4279 multis
1508 4218 1835 4282 memoriis

331 4335 504 4385 unum
540 4321 1047 4406 experimentum
1068 4369 1089 4401 ,
1118 4326 1286 4388 etex
1321 4323 1539 4388 multis
1580 4328 1830 4408 experi-

330 4429 531 4493 mentis
571 4449 777 4495 unum
817 4430 1213 4508 universale,
1258 4432 1427 4514 quod
1469 4437 1564 4498 est
1608 4434 1835 4517 princi-

327 4534 482 4615 pium
506 4538 658 4601 artis
687 4540 752 4601 et
793 4538 1092 4603 scientiae.
1122 4537 1368 4617 Tertio,
1397 4540 1514 4604 iste
1547 4541 1834 4606 intellec-

326 4648 416 4706 tus
438 4650 520 4709 cst
546 4647 627 4709 ab
656 4645 1075 4710 illustratione
1109 4646 1269 4710 lucis
1296 4651 1577 4712 aeternae.
1610 4648 1683 4712 ln
1711 4651 1838 4715 Da-

324 4751 469 4818 niele
484 4752 721 4834 legitur
738 4753 760 4788 ⁸
785 4775 802 4816 :
833 4778 864 4814 α
888 4752 1003 4816 Dat
1023 4754 1398 4834 sapientiam
1420 4749 1859 4838 sapientibuS,'

322 4864 377 4920 et
400 4860 714 4925 scientiam
760 4861 1269 4943 intelligentibus
1297 4862 1715 4945 disciplinam.
1747 4888 1777 4925 ι)
1813 4865 1835 4902 ⁷

332 4965 515 5032 «Erat
561 4968 677 5033 lux
729 4987 889 5032 vera
909 5017 929 5047 ,
991 4987 1138 5051 quae
1189 4969 1513 5034 illuminat
1578 4989 1837 5038 omnem

322 5070 650 5141 hominem.
671 5098 702 5137 ι
729 5076 976 5154 Quaerit
996 5077 1423 5158 Augustinus,
1444 5078 1559 5142 ubi
1586 5080 1837 5163 scriptae

380 5202 391 5227 ¹
421 5199 583 5254 Becli..
617 5213 761 5265 xvn,
796 5206 846 5266 1,
886 5205 933 5253 5.
970 5227 1032 5240 —
1070 5203 1088 5231 ²
1122 5201 1262 5263 Gen„
1292 5215 1357 5266 11,
1392 5206 1468 5254 ¹9.
1511 5228 1567 5240 -—
1603 5205 1626 5240 ³
1668 5205 1839 5271 Arist„

323 5269 512 5337 Postea,
532 5274 617 5323 lib.
647 5276 685 5337 Ι,
712 5279 841 5325 text.
875 5275 925 5324 6.
946 5297 1007 5310 --
1029 5274 1046 5303 ⁴
1070 5274 1250 5335 Βαὰλ,
1276 5287 1456 5338 xxxxv,
1480 5279 1525 5326 9.
1544 5301 1604 5313 —
1627 5276 1645 5306 ⁵
1668 5276 1838 5346 Arist„

323 5340 513 5406 Postea,
533 5344 622 5397 lib.
642 5346 707 5411 lt,
738 5348 866 5397 text.
892 5347 976 5407 27,
998 5343 1120 5395 circ.
1147 5347 1304 5409 mcd.;
1323 5345 1568 5411 metaph„
1599 5347 1838 5415 Prolem„

326 5422 419 5463 ¹³⁰⁰
442 5417 601 5480 procul
628 5432 662 5470 a
687 5417 861 5484 princ.
899 5442 963 5456 —
989 5416 1010 5447 ⁸
1035 5416 1185 5481 Dan„
1210 5428 1270 5482 11,
1295 5421 1375 5471 21.
1400 5445 1461 5457 —-
1490 5420 1507 5449 ⁷
1527 5419 1692 5482 Joan„
1721 5430 1757 5484 1,
1788 5424 1835 5473 8.

1945 559 2095 621 sunt
2135 557 2314 640 leges
2346 557 2646 640 justitiae,
2674 555 3025 622 secundum
3058 570 3219 637 quas
3247 552 3492 635 judicat

1946 665 2222 749 impius;
2255 669 2317 730 et
2345 664 2712 749 respondet,
2748 662 2919 746 quod
2959 661 3212 743 scriptae
3238 663 3387 724 sunt
3417 659 3488 724 in

1941 771 2107 837 libro
2133 773 2295 837 lucis
2329 776 2618 851 aeternae,
2650 788 2797 855 quae
2842 768 3234 834 descendunt
3259 767 3330 831 in
3356 766 3490 831 ani-

1944 900 2120 946 mam
2156 898 2287 945 non
2335 860 2708 962 migrandO,
2748 877 2859 941 sed
2892 875 3316 959 imprimendo
3341 923 3357 952 ‚
3396 874 3488 937 si-

1944 993 2052 1054 cut
2075 990 2295 1070 imago
2322 987 2544 1052 annuli
2571 1005 2735 1051 cerae
2760 984 3176 1069 imprimitur,
3199 987 3264 1047 et
3288 1001 3491 1047 annu-

1941 1096 2080 1161 lum
2109 1115 2240 1160 non
2270 1095 2596 1178 relinquit.
2634 1093 2839 1158 Homo
2866 1096 2928 1157 et
2961 1091 3238 1175 angelus
3264 1090 3491 1155 docent

1942 1205 2441 1269 ministerialiter
2473 1207 2535 1267 et
2574 1199 3090 1265 adminiculative
3114 1247 3132 1278 ,
3176 1198 3340 1262 sicut
3378 1198 3491 1281 qui

1947 1314 2297 1377 fenestram
2316 1311 2541 1392 aperit,
2566 1308 2799 1373 dicitur
2819 1307 3083 1371 domum
3102 1304 3392 1370 illumina
3401 1323 3489 1369 re.

1942 1420 2126 1485 Solus
2145 1420 2310 1484 Deus
2326 1419 2506 1483 docet
2521 1415 2725 1481 effecti
2732 1434 2806 1480 ve
2823 1413 2925 1496 <b);
2944 1413 3116 1477 solus
3129 1412 3493 1476 cathedram

1940 1528 2134 1591 habet
2162 1530 2228 1590 in
2255 1525 2452 1606 coeliS,
2484 1525 2594 1609 qui
2623 1524 2803 1588 docet
2831 1524 3162 1587 hominem
3190 1520 3488 1584 interris.

1951 1659 1982 1697 α
2005 1642 2028 1677 ⁸
2055 1635 2128 1699 In
2156 1635 2280 1698 Deo
2310 1635 2592 1698 vivimus
2613 1681 2633 1711 ,
2674 1647 3013 1696 movemur
3035 1678 3051 1709 ,
3081 1632 3143 1692 et
3168 1645 3414 1691 sumus.
3450 1650 3481 1687 x>

1941 1743 2101 1809 Dicit
2143 1742 2579 1823 AugustinnS,
2615 1740 2786 1822 quod
2822 1736 3162 1821 Apostolus
3206 1734 3492 1818 loquitur

1940 1871 2073 1918 non
2119 1856 2369 1915 tantum
2430 1850 2508 1914 de
2557 1849 2691 1912 vita
2737 1845 3106 1930 temporali,
3157 1845 3267 1909 sed
3310 1843 3494 1909 intel-

1941 1959 2197 2026 lectuali
2227 2007 2247 2037 ,
2286 1957 2639 2022 secundum
2667 1955 2839 2036 quod
2867 1952 3031 2017 Deus
3065 1957 3161 2018 est
3191 1951 3493 2016 omnibus

1941 2087 2131 2134 causa
2157 2065 2443 2146 essendi,
2473 2064 2636 2129 ratio
2661 2062 3094 2144 intelligendi,
3124 2064 3187 2125 et
3208 2061 3364 2126 ordo
3393 2060 3493 2126 vi-

1941 2177 2162 2243 vendi

2022 2284 2199 2349 Circa
2222 2282 2365 2348 haec
2390 2281 2549 2359 tria,
2581 2283 2707 2343 tres
2745 2276 3011 2342 cavendi
3052 2279 3203 2341 sunt
3237 2294 3487 2342 errores

1940 2393 2009 2458 in
2033 2390 2334 2456 scientiis,
2357 2388 2535 2453 Unus
2554 2390 2647 2451 est
2670 2390 2892 2450 contra
2914 2403 3168 2449 causam
3193 2384 3449 2449 creandi
3472 2406 3488 2463 ;

1941 2498 2258 2566 sccundus
2290 2501 2387 2561 est
2429 2499 2651 2561 contra
2693 2494 3008 2558 rationem
3052 2491 3486 2571 intelligendi3

1940 2606 2168 2671 tertius
2193 2607 2415 2669 contra
2447 2602 2733 2668 ordinem
2786 2598 3068 2663 vivendi.
3114 2598 3366 2662 Primus
3392 2601 3488 2662 est
3565 2646 3574 2649 -

1939 2715 2019 2778 de
2051 2712 2401 2777 aeternitate
2443 2708 2669 2773 mundi
2693 2727 2714 2789 3
2754 2706 3071 2772 secundus
3106 2705 3183 2769 de
3212 2705 3492 2768 necessi-

1940 2824 2070 2885 tate
2125 2820 2337 2897 fatali;
2396 2818 2626 2882 tertius
2679 2816 2757 2879 de
2821 2814 3063 2879 unitate
3138 2812 3493 2877 intellectus

1940 2927 2239 2992 humani.
2271 2926 2373 2991 Isti
2404 2943 2654 2989 errores
2675 2923 3128 3006 significantur
3156 2922 3225 2984 in
3251 2922 3494 3003 Apoca-

1940 3035 2118 3119 lypsi
2144 3035 2166 3069 ⁹
2192 3083 2209 3113 ,
2254 3033 2321 3096 in
2357 3049 2633 3096 numero
2670 3030 3008 3096 nominum
3053 3028 3272 3093 bestiae
3294 3076 3313 3108 ‚
3344 3047 3493 3110 quae

1940 3146 2092 3207 sunt
2123 3144 2265 3206 666.
2301 3138 2498 3204 Primi
2537 3138 2803 3204 fundant
2845 3137 2915 3221 (c)
2961 3155 3029 3200 se
3069 3155 3260 3220 super
3287 3137 3495 3201 circua

1941 3252 2080 3316 lum
2121 3254 2335 3314 motus
2376 3252 2441 3312 et
2481 3246 2824 3330 temporis;
2858 3244 3149 3322 secundi,
3185 3262 3376 3326 super
3409 3245 3491 3326 (d)

1942 3360 2192 3421 motum
2231 3353 2544 3429 siderum;
2585 3350 2754 3415 tertii
2783 3368 2978 3432 super
3009 3349 3093 3431 (d)
3127 3348 3493 3430 intelligen-

1945 3465 2098 3528 tiam
2146 3480 2343 3526 unam
2390 3478 2622 3542 corpus
2672 3458 3139 3540 ingredientem
3191 3462 3254 3520 et
3306 3475 3490 3538 egre-

1943 3574 2245 3637 dientem.
2308 3566 2564 3632 Primus
2617 3584 2798 3630 error
2849 3564 3156 3629 refellitur
3211 3583 3325 3646 per
3378 3566 3443 3631 id
3471 3614 3488 3644 ,

1943 3679 2113 3764 quod
2143 3677 2451 3759 scriptum
2488 3679 2581 3738 est
2615 3674 2660 3714 ¹⁰
2698 3695 2713 3737 ε
2753 3695 2783 3733 α
2810 3672 2884 3736 In
2911 3671 3223 3754 principio
3255 3674 3494 3737 creavit

1944 3790 2110 3854 Deus
2161 3785 2392 3851 coelum
2449 3788 2511 3847 et
2566 3787 2874 3858 terram,»
2932 3785 3093 3845 etc.:
3153 3785 3268 3844 aut
3321 3782 3494 3844 enim

1944 3898 2141 3963 sentis
2161 3895 2358 3958 Deum
2383 3909 2521 3956 esse
2550 3908 2806 3954 causam
2827 3888 3119 3953 omnium
3138 3889 3493 3953 secundum

1942 4009 2175 4082 totum,
2208 4004 2321 4066 aut
2346 3997 2703 4064 secundum
2729 4000 3017 4079 partem:
3052 3995 3106 4059 si
3138 3997 3492 4061 secundum

1943 4116 2228 4196 partem,
2266 4125 2426 4191 ergo
2461 4106 2672 4170 aufers
2707 4123 2746 4167 a
2789 4103 2916 4168 Deo
2962 4103 3492 4186 priucipalitatem

1944 4217 2241 4284 causandi
2261 4239 2278 4295 ;
2327 4214 2382 4279 si
2428 4210 2778 4276 secundum
2821 4213 3067 4288 totum,
3122 4227 3282 4291 ergo
3325 4214 3494 4274 creat

1944 4330 2023 4394 de
2057 4326 2283 4391 nihilo.
2316 4322 2489 4387 Dixit
2515 4323 2736 4384 sancta
2762 4318 2994 4383 mulier
3031 4321 3075 4361 ¹¹
3109 4340 3126 4383 ε
3179 4341 3209 4378 α
3236 4318 3494 4402 Respice

1945 4435 2199 4514 omnia,
2235 4432 2388 4515 quia
2422 4431 2499 4494 de
2541 4426 2743 4491 nihilo
2786 4425 3023 4490 creavit
3071 4426 3180 4489 illa
3232 4424 3421 4490 Deus,
3452 4447 3484 4484 »

1947 4540 2277 4611 Secundus
2304 4555 2482 4603 error
2508 4533 2847 4613 refellitur,
2881 4532 3034 4615 quia
3061 4533 3115 4596 si
3154 4533 3491 4597 necessitas

1946 4652 2151 4720 fatalis
2191 4652 2324 4728 est,
2356 4647 2630 4712 liberum
2666 4641 3003 4705 arbitrium
3027 4658 3159 4705 non
3187 4647 3303 4704 est.
3335 4638 3488 4704 Ter-

1946 4762 2074 4827 tius
2117 4774 2295 4823 error
2332 4752 2639 4819 refellitur
2663 4797 2680 4827 ,
2727 4748 2878 4831 quia
2919 4747 2974 4810 si
3020 4746 3213 4810 homo
3252 4745 3491 4828 aliquid

1948 4867 2313 4934 distinctum
2339 4864 2457 4939 est,
2488 4857 2679 4921 habet
2708 4850 3017 4938 principia
3042 4853 3332 4919 essentiae
3353 4871 3489 4918 suae

1947 4973 2207 5061 propria
2259 4975 2321 5035 et
2379 4966 2699 5033 distincta.
2745 4962 2957 5027 Tertio
3003 4960 3354 5026 intellectus
3396 4964 3492 5027 est

1949 5082 2150 5150 clavis
2176 5063 2788 5158 contemplationum
2830 5068 3201 5134 coelestium.
3233 5068 3344 5133 Est
3368 5087 3486 5134 au-

1949 5229 2011 5242 —
2030 5202 2199 5262 ‘Act.‚
2228 5208 2358 5254 xvn.
2386 5197 2464 5246 28.
2485 5193 2584 5230 -’
2605 5190 2777 5255 Αροο.,
2803 5198 2925 5249 xm,
2950 5188 3024 5239 18.
3049 5211 3104 5223 -
3138 5187 3176 5222 ¹·
3197 5186 3340 5251 Gen„
3371 5198 3408 5250 1,
3440 5190 3486 5238 ¹.

1949 5300 2012 5312 —
2037 5276 2073 5308 ¹¹
2102 5274 2142 5323 lt
2173 5267 2421 5330 machab„
2454 5276 2546 5328 vn,
2576 5264 2655 5314 28.

2018 5351 2085 5416 (α)
2111 5352 2235 5403 Coet.
2275 5348 2399 5400 edit.
2428 5343 2754 5411 principium.
2772 5366 2834 5378 —
2877 5337 2945 5402 (ὁ)
2990 5341 3114 5392 Item
3156 5338 3407 5393 affective.
3427 5365 3491 5379 —

1955 5425 2017 5489 (c)
2055 5425 2199 5477 Item.
2221 5419 2458 5474 tundunt..
2478 5443 2543 5457 -
2562 5414 2632 5481 (d)
2657 5413 2781 5466 Item
2800 5422 2974 5494 supra.
