4196 6294
1612 451 1974 522 PSALMUS
2016 445 2278 522 cxvm.

814 665 1098 721 Articulus
1124 660 1416 720 secundus.

414 787 753 849 Secundum
812 788 1170 858 subnotanS,
1216 783 1420 844 subdit
1477 802 1492 841 :
1566 785 1886 840 Posuerunt.

346 882 405 943 Si
429 884 680 957 laqueos
717 882 1063 957 posuerunt,
1099 877 1328 954 aliquid
1364 878 1891 952 superposuerunt,

344 975 440 1035 cui
488 977 741 1051 laqueos
792 974 1351 1048 subterposuerunt,
1407 972 1557 1028 sicut
1607 969 1891 1042 scriptum

344 1073 431 1128 est
460 1078 472 1106 ¹
507 1087 522 1127 ε
560 1091 588 1122 «
615 1072 1027 1140 Narraverunt‚
1057 1072 1123 1126 ut
1139 1064 1574 1125 absconderent
1599 1064 1852 1138 laqueos
1869 1082 1886 1133 ;

342 1163 644 1221 dixerunt:
667 1161 807 1232 Quis
830 1160 1059 1220 videbit
1077 1177 1180 1219 eos
1196 1163 1265 1218 Y»
1301 1157 1456 1229 Quid
1481 1161 1677 1216 autem
1692 1172 1892 1231 super-

342 1259 688 1331 posuerunt,
743 1254 857 1313 nisi
906 1254 1164 1313 veritatis
1219 1251 1661 1328 apparentiam,
1705 1265 1890 1325 quam

341 1349 527 1408 oculis
553 1349 766 1408 nostris
791 1351 1217 1424 opposuerunt,
1245 1363 1356 1421 per
1374 1362 1524 1421 quas
1551 1361 1660 1403 nos
1684 1344 1888 1401 fallere

342 1446 797 1520 disposuerunt?
845 1447 913 1502 Et
964 1446 1130 1515 nota,
1167 1443 1324 1501 circa
1373 1443 1754 1517 peccatorum
1784 1455 1890 1513 po-

340 1539 634 1607 sitionem,
681 1537 976 1613 triplicem
1017 1536 1560 1606 inordinationem3
1590 1536 1736 1609 puta
1772 1549 1890 1590 res-

338 1636 513 1707 pectu
556 1630 844 1707 proximi,
891 1634 1162 1704 respectu
1226 1630 1348 1701 Dei,
1409 1631 1681 1701 respectu
1734 1627 1825 1683 sui
1868 1645 1883 1684 :

340 1726 627 1800 quoniam
652 1726 1007 1801 impugnant
1029 1722 1351 1782 fraternam
1374 1721 1652 1795 gratiam,
1688 1734 1888 1795 super-

338 1834 481 1877 nam
523 1819 936 1890 reverentiam,
991 1818 1285 1891 internam
1332 1816 1774 1874 conscientiam.
1804 1816 1885 1872 De

339 1912 538 1987 primo
590 1927 698 1985 per
741 1910 1107 1970 psalmistam
1159 1903 1372 1968 dicitur
1397 1908 1455 1967 ²:
1488 1930 1516 1963 n
1550 1912 1891 1968 Posuerunt

342 2005 488 2063 mibi
514 2005 677 2063 mala
720 2020 831 2079 pro
848 2004 1059 2074 bonis3
1088 2003 1250 2061 mala
1275 2003 1494 2061 scilicet
1518 2003 1887 2060 circumven-

343 2099 540 2170 tionis,
566 2114 676 2172 pro
705 2098 882 2156 bonis
908 2098 1383 2168 interventionis3
1427 2097 1691 2172 loquitur
1719 2097 1879 2154 enim

341 2196 519 2267 caput
540 2208 654 2266 pro
681 2191 986 2263 membriS,
1042 2191 1297 2248 Christus
1345 2207 1457 2265 pro
1492 2190 1832 2249 Christianis
1868 2206 1884 2247 :

342 2301 476 2344 ecce
523 2285 859 2344 inordinata
909 2284 1126 2359 positio
1181 2289 1450 2358 respectu
1497 2284 1777 2358 proximi.
1808 2286 1888 2343 De

341 2379 604 2437 secundo
626 2394 734 2453 per
752 2377 1105 2453 Prophetam
1124 2377 1397 2452 psallitur
1425 2380 1475 2434 ³:
1511 2399 1541 2431 ιι
1562 2381 1889 2436 Posuerunt

269 2530 278 2540 ,
341 2472 403 2531 in
431 2473 643 2531 coelum
674 2488 743 2531 os
770 2488 949 2530 suum
978 2491 992 2529 :
1030 2472 1094 2530 in
1122 2471 1339 2530 coelum
1387 2488 1455 2529 os
1490 2474 1741 2546 ponunt,
1782 2469 1885 2545 qui

342 2566 487 2625 dum
512 2565 719 2624 fideles
736 2564 981 2641 perfidis
1007 2565 1375 2639 argumentis
1405 2565 1715 2624 obcoecare
1748 2581 1886 2639 pro·

339 2663 591 2734 ponunt,
628 2659 742 2734 ipsi
793 2659 1019 2717 auctori
1048 2664 1105 2718 et
1131 2660 1591 2718 consummatori
1633 2659 1775 2718 fidei
1825 2676 1887 2718 se

340 2758 689 2828 opponunt:
750 2768 884 2811 ecce
945 2753 1284 2812 inordinata
1345 2754 1561 2828 positio
1618 2758 1889 2828 respectu

343 2847 462 2905 Dei.
502 2848 580 2904 De
606 2845 775 2904 tertio
817 2846 1091 2904 scribitur
1118 2848 1185 2903 ⁸:
1222 2847 1390 2905 «Viri
1443 2847 1536 2906 isti
1561 2851 1890 2922 posuerunt

341 2939 748 2998 immunditias
772 2956 910 2998 suas
936 2941 999 2998 in
1028 2940 1309 2999 cordibus
1348 2941 1489 3012 suis,
1536 2945 1595 2999 et
1638 2942 1888 3000 scanda—

340 3031 469 3091 lum
493 3034 817 3108 iniquitatis
861 3052 982 3093 suae
1035 3039 1361 3094 statuerunt
1412 3041 1619 3095 contra
1673 3035 1888 3095 faciem

340 3143 530 3186 suam.
561 3146 589 3183 n
618 3128 711 3187 Sic
750 3129 993 3201 faciunt,
1039 3130 1143 3206 qui
1181 3130 1454 3206 proprias
1495 3131 1887 3206 coinquinant

339 3221 747 3294 conscientiae,
771 3224 1233 3282 scandalizantes
1272 3224 1582 3298 proximos
1637 3240 1748 3299 per
1797 3242 1888 3283 ar-

339 3323 508 3390 gutas
533 3319 794 3390 astutias,
822 3324 880 3379 et
926 3323 1144 3378 astutas
1166 3322 1477 3393 versutias,
1525 3325 1582 3379 et
1621 3325 1887 3380 versutas

340 3413 635 3487 argutias:
667 3430 802 3472 ecce
827 3413 1167 3474 inordinata
1204 3415 1421 3491 positio
1465 3421 1735 3491 respectu
1770 3416 1884 3475 sui.

844 3574 1128 3631 Articulus
1168 3576 1378 3631 tertius.

411 3695 665 3753 Tertium
708 3696 997 3755 denotans
1014 3739 1032 3767 ,
1075 3697 1218 3755 dicit
1258 3716 1272 3754 ε
1311 3700 1603 3771 Laqueum.
1651 3703 1756 3757 Iste
1797 3700 1886 3758 la-

341 3805 533 3863 queus
566 3789 813 3849 latenter
846 3792 1101 3865 positus,
1134 3795 1220 3848 est
1247 3790 1467 3850 falsitas
1504 3792 1724 3862 latenS,
1754 3810 1887 3868 quae

342 3886 428 3941 est
454 3899 633 3942 causa
655 3900 844 3957 casus,
873 3884 1022 3944 sicut
1041 3884 1257 3943 veritas
1276 3901 1572 3960 apparens
1597 3890 1683 3943 est
1708 3903 1888 3945 causa

339 3980 556 4035 motus.
588 3980 694 4035 Per
721 3976 986 4036 falsitatis
1019 3980 1241 4054 quippe
1267 3979 1605 4052 latentiam,
1633 3980 1697 4037 in
1718 3994 1886 4039 ‘erro-

282 4090 287 4095 ·
338 4075 419 4132 ris
443 4069 678 4133 foveam
705 4075 995 4149 cadimus,
1018 4077 1161 4152 quia
1180 4093 1288 4151 per
1312 4077 1600 4136 larvalem
1626 4078 1887 4137 veritatis

340 4170 746 4243 apparentiam
785 4170 931 4228 moti
973 4187 1223 4229 sumus:
1262 4187 1396 4229 ecce
1436 4172 1688 4247 laqueus
1729 4173 1886 4246 peri-

338 4262 598 4321 eulosus.
641 4262 806 4321 Scitis
845 4264 1112 4337 quibus?
1163 4266 1401 4323 curiose
1445 4265 1845 4339 spectantibus
1863 4310 1884 4338 ,

338 4356 633 4415 incuriose
661 4360 1124 4432 expectantibuS,
1158 4359 1438 4433 injuriose
1466 4360 1881 4419 tractantibus:

336 4450 629 4524 quoniam
650 4450 763 4510 hos
797 4451 1084 4524 involvit,
1112 4453 1223 4512 hos
1264 4454 1744 4528 comprehendit,
1775 4454 1885 4512 hos

336 4543 550 4617 perdit.
580 4547 658 4602 De
678 4545 875 4619 primo
893 4546 914 4582 ⁸
938 4564 953 4603 :
982 4564 1012 4600 α
1033 4550 1374 4605 Peccantem
1395 4547 1590 4606 virum
1609 4541 1885 4623 iniquum

336 4637 601 4696 involvet
638 4637 889 4712 laqueus
930 4657 945 4695 :
1003 4661 1031 4692 ι»
1074 4655 1210 4698 ecce
1253 4640 1504 4716 laqueus
1548 4642 1877 4700 involvens.

336 4733 414 4788 De
437 4729 703 4788 secundo
732 4732 755 4766 ⁸
786 4748 801 4787 :
847 4752 876 4786 α
902 4732 1059 4791 Sicut
1091 4733 1282 4806 pisces
1319 4734 1634 4809 capiuntur
1667 4734 1880 4807 hamo,

336 4826 394 4880 et
443 4823 594 4882 sicut
655 4840 795 4882 aves
847 4826 1431 4900 comprehenduntur
1482 4828 1699 4903 laqueo
1723 4873 1743 4902 ,
1798 4828 1883 4887 sic

335 4916 647 4991 capiuntur
690 4917 963 4976 homines
996 4920 1060 4976 in
1096 4923 1361 4995 tempore
1405 4922 1567 4980 malo
1607 4940 1622 4979 :
1665 4940 1696 4975 n
1745 4939 1880 4982 ecce

333 5010 585 5085 laqueus
628 5012 1157 5088 comprehendens,
1206 5017 1285 5073 De
1331 5015 1500 5079 tertio
1543 5014 1566 5049 ‘¹
1615 5036 1629 5074 :
1687 5034 1717 5070 α
1769 5018 1881 5087 Qui

335 5103 618 5178 laqueum
644 5104 745 5164 alii
773 5107 979 5180 ponit,
1006 5107 1226 5181 peribit
1258 5106 1322 5165 in
1361 5108 1467 5166 illo
1500 5127 1516 5167 :
1547 5130 1576 5165 n
1624 5125 1760 5169 ecce
1785 5110 1878 5168 la-

336 5213 526 5272 queus
553 5199 831 5275 perdens.

362 5374 369 5381 ,
402 5324 750 5390 ¹Psal.1.xm,
781 5329 827 5377 6.
857 5353 910 5363 —
941 5328 961 5357 ¹
983 5325 1122 5376 Psal.
1150 5337 1295 5393 cvm,
1326 5331 1374 5379 5.
1402 5355 1455 5363 —
1491 5329 1510 5360 ⁸
1541 5328 1677 5379 Psal.
1709 5341 1875 5392 nxxn,

338 5398 385 5445 9.
413 5419 465 5435 —-
486 5398 503 5428 ⁴
532 5399 734 5461 Eneca,
763 5411 869 5461 xiv,
905 5404 951 5451 3.
976 5425 1037 5436 -
1065 5400 1087 5434 ⁸
1111 5400 1277 5464 Pron„
1308 5413 1453 5464 ¹¹1¹,
1481 5404 1528 5452 6.
1553 5426 1615 5438 -
1643 5402 1664 5433 ⁸
1686 5401 1877 5458 Recte..

3426 458 3547 524 459

2487 654 2775 712 Articulus
2814 660 3061 740 quartus.

2074 782 2359 850 Quartum
2397 783 2724 838 connotans
2738 823 2757 852 ,
2786 783 3214 855 consequenter
3251 783 3542 843 annectit:

2001 874 2075 929 Et
2102 873 2169 929 de
2193 872 2468 930 mandatis
2498 877 2608 930 tuis
2630 889 2736 930 non
2763 876 2962 931 erravi.
2993 873 3094 931 Hic
3122 880 3368 949 apparet
3390 877 3548 952 peri·

2002 965 2083 1023 tia
2125 966 2443 1038 judicantis
2460 1010 2478 1038 ,
2517 967 2823 1026 veritatem
2865 971 3250 1042 apparentem
3279 986 3544 1045 cernens,

2000 1058 2315 1118 falsitatem
2382 1060 2662 1118 latentem
2734 1077 3098 1119 concernens
3116 1105 3137 1135 ,
3205 1064 3547 1124 varietatem

2002 1152 2362 1226 discernenS,
2394 1158 2451 1212 et
2475 1155 2785 1213 veritatem
2825 1155 3149 1214 decernens
3179 1177 3194 1215 :
3243 1157 3380 1216 ideo
3423 1175 3547 1218 non

2002 1246 2216 1304 erravit
2287 1262 2322 1304 a
2392 1247 2688 1307 mandatis
2758 1248 3073 1324 sophistice
3144 1251 3507 1326 impugnatis
3523 1295 3544 1324 ‚

2000 1340 2144 1414 quia
2187 1356 2311 1398 non
2356 1341 2573 1399 erravit
2611 1343 2672 1400 in
2709 1342 2938 1414 judicio
2975 1344 3252 1402 veritatis.
3294 1348 3361 1404 Et
3406 1349 3547 1405 nota

1997 1438 2114 1493 tres
2152 1450 2380 1494 errores
2411 1436 2783 1511 perfidorum
2827 1438 2984 1496 circa
3024 1438 3310 1498 mandata
3357 1459 3373 1498 :
3419 1439 3544 1515 pri·
3599 1471 3783 1514 Em

1998 1543 2166 1587 mum
2217 1529 2370 1588 circa
2428 1530 2851 1590 mandatorum
2910 1532 3398 1608 impositionem3
3456 1551 3546 1593 se·
3587 1532 3779 1586 &⁸⁶⁶⁰-

1998 1623 2265 1681 cundum
2329 1624 2486 1683 circa
2547 1624 2790 1683 illorum
2860 1627 3370 1702 observationem3
3431 1632 3544 1687 ter·
3570 1594 3790 1700 amm&

1997 1715 2146 1773 tium
2206 1717 2362 1776 circa
2424 1720 2692 1793 ipsorum
2746 1720 3309 1795 praevaricationem.
3368 1722 3543 1779 Primi
3570 1718 3689 1765 ‘¹⁸¹⁸-

1998 1811 2277 1870 dicebant
2340 1813 2781 1888 impositionem
2856 1813 3280 1873 mandatorum
3349 1832 3545 1876 mora-

1996 1903 2146 1963 lium
2197 1911 2408 1980 proeter
2467 1907 2836 1966 additionem
2883 1909 3369 1967 ceremonialium
3422 1926 3544 1970 non

1998 2015 2126 2057 esse
2168 2000 2538 2074 plenariam3
2590 2000 2837 2058 secundi
2882 2002 3190 2075 ponebant
3231 2004 3542 2063 mandato-

1996 2108 2133 2150 rum
2177 2093 2657 2152 observationem
2705 2110 2830 2152 non
2873 2111 3000 2153 esse
3052 2096 3259 2154 salutis
3302 2099 3544 2157 merito-

1997 2186 2186 2258 riam3
2232 2187 2385 2245 tertii
2426 2188 2771 2246 asserebant
2810 2188 3232 2248 mandatorum
3266 2192 3545 2265 proevari-

1998 2279 2295 2337 cationem
2320 2296 2444 2338 non
2476 2296 2603 2338 esse
2631 2282 2810 2339 morti
2846 2282 3286 2355 obligatoriam.
3319 2285 3545 2342 Primus

1998 2388 2164 2430 error
2189 2373 2494 2447 repellitur
2520 2375 2597 2433 ab
2626 2376 2910 2448 Apostolo
2935 2375 2957 2411 ⁸
2987 2393 3002 2433 :
3034 2395 3062 2431 α
3091 2378 3329 2435 Gressus
3354 2381 3545 2436 rectos

1996 2466 2169 2524 facite
2206 2467 2464 2542 pedibus
2503 2470 2745 2540 vestris,
2777 2473 2843 2526 ut
2880 2485 3005 2527 non
3042 2471 3176 2545 quis
3203 2471 3545 2531 claudicans

1999 2564 2188 2633 erret;
2234 2562 2426 2635 magis
2471 2565 2670 2622 autem
2716 2567 2954 2622 sanetur
2990 2583 3006 2622 :
3065 2585 3094 2618 n
3142 2564 3239 2623 bic
3278 2567 3544 2641 arguitur

1997 2655 2241 2714 illorum
2271 2656 2625 2715 claudicatio
2647 2701 2666 2729 ,
2699 2657 2803 2733 qui
2843 2673 3076 2716 servare
3120 2658 3418 2719 docebant
3457 2660 3543 2719 le-

1998 2764 2136 2822 gem
2165 2766 2303 2809 cum
2341 2751 2683 2824 Evangelio.
2730 2745 3035 2810 Secundus
3061 2768 3228 2811 error
3259 2753 3545 2813 refellitur

1998 2843 2076 2902 ab
2118 2859 2191 2903 eo
2222 2847 2244 2882 ⁹
2277 2863 2292 2902 ε
2326 2868 2356 2898 «
2400 2845 2587 2904 Nolite
2628 2861 2824 2903 errare
2855 2863 2871 2902 :
2901 2848 3052 2904 Deus
3079 2861 3203 2904 non
3229 2847 3504 2907 irridetur
3521 2870 3540 2922 ;

1997 2954 2132 3012 quae
2158 2939 2319 2997 enim
2346 2939 2726 2999 seminaverit
2756 2939 2972 3011 homo,
3008 2939 3133 2998 haec
3160 2945 3216 2999 et
3253 2944 3433 3000 metet
3461 2962 3476 2999 :
3508 2963 3537 2996 n

1998 3048 2071 3089 ex
2101 3032 2193 3089 bis
2219 3033 2417 3090 verbis
2439 3032 2630 3091 refelli
2655 3036 2849 3106 potest
2884 3033 3125 3091 illorum
3151 3034 3368 3109 positio
3385 3078 3404 3107 ,
3437 3037 3541 3111 qui

1996 3126 2251 3184 salutem
2277 3141 2402 3185 non
2428 3126 2827 3185 attribuebant
2856 3127 3079 3186 meritis
3105 3128 3412 3200 humanis,
3434 3130 3542 3188 sed

1995 3219 2139 3279 fato.
2163 3220 2385 3279 Tertius
2409 3237 2575 3279 error
2599 3221 2933 3280 retunditur
2951 3221 3177 3297 abipso
3195 3222 3239 3259 ¹⁰
3266 3242 3281 3281 :
3307 3241 3336 3276 α
3357 3224 3540 3283 Nolite

1995 3328 2193 3372 errare
2227 3332 2242 3372 :
2274 3329 2467 3390 neque
2494 3315 2827 3388 fornicarii,
2856 3332 3054 3391 neque
3088 3315 3268 3375 idolis
3284 3316 3542 3376 servien-

1994 3411 2103 3480 teS,
2132 3426 2324 3484 neque
2355 3409 2640 3483 adulteri,
2666 3427 2862 3486 neque
2890 3411 3104 3472 molles
3117 3455 3137 3485 ,
3162 3429 3356 3488 neque
3382 3428 3541 3472 mas-

1996 3502 2269 3561 culorum
2324 3505 2737 3563 concubitores
2756 3549 2776 3577 ,
2831 3521 3027 3581 neque
3090 3506 3250 3564 fures
3270 3550 3289 3579 ,
3342 3522 3540 3582 neque

1995 3596 2193 3668 avari,
2236 3613 2431 3672 neque
2472 3599 2727 3670 ebriosi,
2770 3615 2965 3674 neque
2999 3599 3317 3671 maledici,
3343 3616 3540 3675 neque

1993 3706 2238 3765 rapaces
2262 3707 2516 3765 regnum
2547 3694 2645 3750 Dei
2671 3692 3065 3767 possidebunt
3088 3712 3103 3752 :
3125 3715 3155 3750 ιο
3176 3693 3274 3752 hic
3296 3693 3540 3752 illorum
3566 3720 3777 3777 origeni.

1994 3799 2160 3863 error
2187 3785 2568 3858 extinguitur,
2599 3787 2702 3862 qui
2732 3787 2936 3845 dicunt
2962 3786 3130 3862 quod
3165 3786 3365 3846 nullus
3398 3802 3537 3861 pec·
3566 3795 3705 3827 ”²⁰³-

1995 3881 2159 3937 cator
2212 3880 2561 3939 aeternaliter
2618 3882 2896 3955 punietur
2916 3925 2937 3953 ‚
2992 3882 3099 3940 sed
3156 3882 3333 3940 etiam
3393 3880 3539 3939 mali

1993 3973 2269 4032 homines
2294 3978 2470 4049 atque
2500 3974 2807 4033 daemones
2830 3979 2966 4049 post
2991 3975 3175 4049 longa
3199 3979 3536 4051 temporum

1991 4067 2183 4141 spatia
2208 4067 2639 4125 beatitudinem
2661 4072 3116 4143 consequentur.

2637 4229 2896 4296 Epilogus.

2063 4354 2154 4412 Ait
2172 4368 2316 4426 ergo
2344 4352 2652 4426 Propheta,
2683 4340 2968 4441 tanquam
2981 4351 3135 4413 ,fidei
3160 4351 3326 4411 fortis
3350 4352 3534 4412 athle-

1991 4452 2052 4506 ta
2081 4466 2096 4505 :
2138 4450 2477 4517 Peccatores,
2504 4450 2795 4521 quantum
2836 4434 2916 4504 ad
2950 4445 3196 4505 fallacia:
3237 4438 3534 4522 compos'i-

1988 4543 2240 4614 tionem3
2273 4543 2571 4599 Posuerune
2589 4541 2748 4608 mihi,
2774 4543 3063 4615 quantum
3095 4541 3176 4599 ad
3194 4541 3532 4616 apparentis

1986 4634 2246 4694 veritatis
2282 4633 2817 4709 superpositionem
2833 4652 2849 4706 3
2888 4635 3162 4707 Laqueum
3180 4675 3200 4706 ,
3241 4637 3532 4710 quantum

1988 4729 2069 4788 ad
2120 4729 2353 4788 latentis
2402 4725 2667 4786 falsitatis
2708 4727 3264 4802 subterpositionem
3275 4747 3294 4801 3
3345 4730 3416 4787 Bt
3466 4730 3532 4787 de

1984 4824 2261 4882 mandatis
2298 4826 2412 4880 tuis
2452 4838 2560 4880 non
2596 4826 2804 4895 erravi,
2853 4827 3140 4898 quantum
3187 4823 3264 4882 ad
3307 4824 3529 4898 peritioe

1981 4917 2310 4992 judiciarias
2338 4916 2868 4991 interpositionem.

2528 5088 2856 5133 vuastcuzus
2903 5088 2998 5131 xv.

2064 5205 2181 5257 111.
2211 5198 2528 5257 Hereditate
2552 5201 2820 5272 acquisivi
2849 5203 3154 5259 testimonia
3177 5208 3293 5276 tua,
3312 5175 3429 5262 etc.
3453 5209 3530 5264 De

1985 5339 2065 5388 rx,
2104 5328 2159 5376 17
2185 5349 2249 5363 —
2284 5326 2302 5355 ‘²
2334 5322 2509 5385 EecIi„
2543 5335 2722 5388 xxvn,
2751 5327 2833 5375 29.
2863 5352 2922 5363 —
2955 5323 2979 5360 ⁸
3009 5325 3180 5387 Hebr„
3220 5338 3324 5393 ιιι,
3363 5332 3438 5380 ta.
3471 5357 3530 5367 —

1984 5399 2003 5429 ·
2032 5396 2228 5460 Galat„
2256 5407 2335 5460 vi,
2362 5399 2409 5446 ⁴1.
2451 5421 2514 5433 —
2547 5397 2582 5427 ¹·
2613 5398 2628 5446 1
2664 5396 2800 5457 Cor„
2831 5408 2916 5461 vt,
2942 5400 2994 5448 9.
