4196 6294
1728 394 1985 463 CAPUT
2022 398 2128 465 vl.

336 539 402 604 et
434 537 722 621 sequitur
762 537 886 602 alia
924 535 1303 621 prosperitas
1344 533 1711 618 temporalis
1741 554 1757 597 ε
1789 533 1873 599 Et

336 647 585 713 vixerit
607 644 837 712 multos
859 660 1084 723 annos,
1113 644 1178 708 id
1205 646 1322 721 est,
1351 660 1467 725 per
1494 641 1728 706 multos
1761 659 1874 704 an-

337 771 484 831 nos;
516 754 599 819 Et
613 753 830 835 plures
860 751 998 819 dies
1019 752 1234 819 oetatt's
1262 750 1594 829 habuerit,
1634 747 1870 812 scilicet

336 860 706 924 hominibus
730 860 868 925 aliis
886 908 904 937 ‚
940 864 1003 924 et
1027 860 1168 924 haec
1199 858 1460 941 quidem
1482 855 1868 940 prosperitas

336 971 400 1033 et
426 968 811 1051 temporalis.
840 967 1015 1032 Hanc
1051 966 1531 1051 prosperitatem
1573 965 1871 1045 frequen-

334 1078 434 1139 ter
476 1075 716 1139 habent
758 1075 976 1158 impii3
1016 1075 1188 1140 unde
1220 1074 1450 1138 dicitur
1476 1079 1496 1114 ¹
1530 1095 1546 1136 ι
1583 1094 1614 1133 α
1646 1070 1870 1151 Longo

336 1185 619 1265 tempore
644 1182 881 1265 impius
908 1182 1070 1248 vivit
1096 1182 1167 1254 in
1195 1181 1513 1264 impietate
1546 1180 1625 1262 (a)
1654 1197 1800 1258 sua,
1831 1199 1861 1238 υ

336 1289 391 1353 si
411 1290 489 1353 iis
513 1291 1030 1373 prosperitatibus
1054 1289 1501 1354 abundaverit.
1532 1290 1617 1355 Et
1643 1288 1869 1353 anima

337 1396 518 1463 illius
537 1413 666 1464 non
688 1403 914 1465 utatur
933 1398 1114 1464 bonis
1141 1396 1516 1463 substantia?
1534 1411 1689 1475 suoe,
1721 1398 1865 1472 etc„

335 1506 402 1570 id
427 1509 523 1570 est
540 1552 557 1582 ‚
586 1511 778 1570 tenax
809 1506 999 1570 fuerit
1024 1509 1086 1569 et
1112 1522 1345 1569 avarus
1370 1505 1439 1568 in
1465 1504 1599 1568 vita
1622 1524 1638 1582 ;
1671 1503 1873 1585 sepul-

338 1620 607 1697 turaque
647 1620 860 1681 careat
881 1661 898 1691 ‚
935 1614 1005 1677 in
1032 1616 1236 1677 morte
1256 1661 1273 1692 ‚
1305 1611 1655 1676 secundum
1700 1608 1870 1691 quod

335 1723 415 1788 de
439 1721 724 1787 Joachim
763 1721 992 1785 dicitur
1015 1726 1080 1783 ¹:
1119 1741 1150 1780 α
1179 1718 1520 1802 Sepultura
1567 1716 1728 1782 asini
1770 1733 1869 1780 se-

333 1830 603 1914 pelietur
627 1829 912 1893 Joachim
950 1832 1021 1893 ut
1065 1826 1449 1910 putrefactus
1467 1873 1487 1904 ,
1517 1829 1580 1889 et
1619 1826 1755 1907 proj
1764 1843 1871 1888 ec-

335 1943 444 2004 tus
467 1942 649 2002 extra
668 1941 920 2021 portam
949 1936 1322 2025 Jerusalem.
1350 1956 1381 1993 n
1421 1933 1534 1997 His
1561 1932 1868 2025 conditio-

333 2045 526 2108 nibus
562 2043 993 2128 prosperitatis
1019 2048 1082 2108 et
1108 2041 1457 2106 tenacitatis
1484 2039 1834 2123 praemissis
1851 2088 1869 2118 ‚

334 2155 677 2237 subjungit
719 2154 1196 2219 detestationem
1228 2174 1243 2215 ε
1287 2155 1373 2217 De
1416 2151 1526 2216 hoc
1567 2164 1673 2231 eqo
1715 2163 1873 2230 pro-

335 2265 585 2340 nuntia,
611 2261 782 2345 quod
798 2262 1015 2328 melior
1035 2260 1144 2327 illo
1170 2260 1291 2340 fiat
1307 2259 1635 2325 abortivus
1649 2304 1666 2333 ‚
1688 2273 1876 2337 prop-

335 2372 432 2434 ter
459 2370 781 2433 miseriam
823 2372 885 2433 et
914 2369 1256 2433 vanitatem
1301 2364 1610 2442 multam,
1641 2361 1874 2445 quibus

334 2476 663 2540 abortivus
687 2479 858 2540 caret
875 2523 896 2553 ,
921 2475 1093 2538 unde
1111 2473 1341 2537 dicitur
1361 2473 1383 2507 ⁸
1408 2492 1423 2534 ε
1457 2493 1488 2531 c(
1511 2470 1716 2547 Quare
1743 2485 1872 2532 non

336 2582 404 2647 in
431 2584 630 2648 vulva
664 2587 960 2647 mortuus
994 2600 1139 2644 sum
1159 2581 1190 2642 ’ἲ
1220 2578 1426 2657 Quare
1461 2593 1756 2659 egressus
1797 2575 1875 2638 de

332 2695 515 2755 utero
545 2708 678 2754 non
714 2688 929 2753 statim
957 2687 1117 2772 perii
1133 2688 1165 2749 Ἰ
1194 2687 1398 2764 Quare
1427 2687 1728 2766 exceptus
1755 2701 1874 2765 ge-

333 2797 568 2862 nibus?
589 2796 714 2861 Cur
736 2796 1006 2859 lactatus
1030 2794 1378 2859 uberibus?
1405 2814 1435 2853 n
1464 2791 1541 2857 Et
1559 2792 1791 2856 iterum
1812 2791 1870 2852 ⁶:

343 2928 374 2967 α
393 2904 600 2983 Quare
618 2904 696 2968 de
714 2902 915 2967 vulva
939 2902 1213 2968 eduxisti
1247 2920 1349 2965 me
1366 2907 1393 2964 ⁴?
1423 2922 1453 2961 ι)

413 3015 473 3074 4.
492 3011 762 3075 Frustra
782 3010 953 3075 enim
963 3010 1160 3087 venit,
1182 3012 1301 3072 etc.
1321 3006 1436 3072 Hic
1453 3005 1874 3089 subjungitur

333 3121 520 3186 tertio
531 3118 959 3186 detestationis
975 3117 1159 3197 rati0,
1180 3117 1412 3182 scilicet
1429 3116 1551 3181 isto
1571 3116 1759 3181 modo
1777 3120 1870 3180 te-

332 3230 473 3294 naci
488 3229 712 3294 melior
725 3229 798 3291 fit
813 3226 887 3309 (b)
902 3226 1231 3291 abortivus
1245 3225 1340 3308 (c),
1359 3224 1510 3308 quia
1520 3222 1686 3289 sicut
1695 3223 1874 3286 abor-

332 3337 503 3402 tivus
537 3336 609 3419 (c)
640 3336 873 3400 frustra
898 3333 1094 3413 venit,
1121 3336 1185 3396 et
1204 3334 1416 3415 pergit
1449 3331 1530 3395 ad
1556 3331 1869 3410 tenebraS‚

331 3444 484 3528 quia
502 3444 716 3508 statim
738 3442 1034 3521 moritur,
1052 3441 1143 3505 sic
1170 3445 1233 3504 et
1249 3440 1394 3519 iste3
1425 3439 1566 3502 ideo
1586 3438 1821 3503 dicitur
1854 3462 1869 3504 ε

332 3546 1875 3632 metramimvenit,etperqitaatenebras,seili-

335 3663 432 3723 cet
444 3659 577 3742 ipse
594 3664 837 3723 tenax.⁸
857 3657 1062 3738 «Vim,
1076 3659 1176 3739 cuj
1188 3676 1261 3721 us
1270 3655 1633 3721 abscondita
1643 3655 1870 3734 estvia,

334 3770 397 3831 et
415 3766 829 3831 circumdedit
845 3785 996 3831 eum
1020 3766 1190 3832 Deus
1217 3764 1518 3829 tenebris.
1547 3786 1577 3824 ι)
1603 3762 1684 3828 Et
1702 3763 1873 3846 quod

334 3872 569 3951 frustra
591 3872 807 3937 veniat
830 3873 899 3936 in
924 3873 1100 3938 hunc
1125 3873 1445 3938 mundum
1469 3872 1615 3936 talis
1640 3889 1875 3936 avarus

334 3983 399 4045 et
423 3983 645 4058 tenu,
676 3979 981 4059 ostendit,
1010 3984 1071 4044 et
1096 3985 1352 4064 propter
1378 3979 1757 4045 deletionem
1780 3978 1868 4061 (d)

333 4087 616 4152 nominis
650 4087 719 4150 in
760 4091 1006 4167 morte,
1051 4093 1116 4153 et
1161 4092 1422 4171 propter
1465 4089 1874 4173 inexperien-

335 4193 492 4258 tiam
519 4193 673 4258 boni
700 4193 773 4256 in
796 4193 967 4273 vita,
999 4198 1064 4258 et
1090 4199 1347 4277 propter
1374 4195 1870 4279 inexpletionem

335 4299 630 4365 desiderii
654 4300 721 4363 in
754 4305 1049 4382 utroque.
1080 4299 1345 4383 Propter
1372 4300 1747 4366 deletionem
1783 4303 1869 4387 (d)

334 4408 652 4486 nominis»,
692 4408 887 4472 dicit:
920 4410 1014 4475 Et
1047 4407 1358 4475 oblivione
1398 4408 1709 4477 delebitur
1753 4427 1873 4480 no·-

335 4531 481 4581 men
511 4514 682 4595 eius,
711 4515 778 4579 id
804 4519 929 4594 est,
974 4532 1104 4580 non
1140 4509 1571 4598 permanebit,
1618 4535 1733 4582 nec
1769 4537 1870 4583 re-

335 4622 617 4686 manebit
639 4669 658 4701 ,
701 4639 818 4686 nec
862 4640 933 4686 re
959 4668 976 4698 ,
1025 4639 1143 4686 nec
1197 4623 1489 4701 nomine,
1524 4623 1873 4690 secundum

334 4728 509 4815 quod
569 4728 999 4794 comminatur
1051 4728 1370 4794 Dominus
1412 4729 1722 4813 Babyloni
1774 4737 1797 4772 ⁸
1854 4754 1870 4796 ι

344 4860 375 4899 α
399 4835 668 4901 Perdam
705 4834 1047 4920 Babylonis
1075 4855 1311 4900 nomen
1349 4841 1415 4901 et
1447 4838 1782 4920 reliquias,
1813 4845 1877 4905 et

335 4961 643 5027 germen,
684 4948 749 5008 et
787 4944 1161 5027 progeniem
1184 4990 1201 5020 ,
1244 4945 1333 5008 ait
1371 4944 1697 5010 Dominus.
1730 4970 1761 5007 ι»
1798 4946 1876 5012 Et

336 5051 567 5116 dicitur
611 5051 682 5114 in
735 5067 1006 5133 persona
1056 5049 1374 5114 malorum
1417 5050 1440 5085 '¹
1492 5073 1508 5116 ε
1559 5074 1590 5113 α
1632 5051 1875 5118 Nomen

399 5177 419 5213 ¹
454 5176 606 5241 Infra,
634 5188 730 5242 vn,
760 5178 836 5228 ¹6.
860 5202 923 5215 —-
947 5177 970 5212 ⁸
994 5176 1202 5231 Jerem..
1227 5187 1371 5243 1111,
1403 5180 1481 5229 ¹9.
1509 5205 1574 5219 —
1609 5179 1628 5211 ⁸
1654 5179 1763 5244 Job,
1791 5191 1875 5247 ιιι,

341 5250 419 5300 ss.
447 5273 510 5286 —
554 5248 575 5284 δ
608 5246 719 5310 Job,
756 5259 810 5308 x,
852 5250 928 5299 18.
959 5271 1022 5287 —
1045 5247 1068 5283 ⁸
1091 5247 1212 5310 Job,
1240 5259 1328 5313 111,
1359 5251 1440 5300 23.
1475 5275 1537 5289 —
1567 5250 1588 5286 ⁸
1613 5254 1736 5316 Ira„
1764 5264 1873 5317 xxv,

340 5319 881 5385 22.-’Sap.,n,4.
913 5319 1378 5386 —⁸1ntre‚xr‚7.
1409 5348 1465 5359 -
1505 5322 1706 5384 ’lntra,
1745 5336 1796 5388 v,
1824 5325 1872 5375 6.

342 5414 404 5432 -
430 5390 472 5426 ¹·
499 5390 679 5457 Recta,
706 5402 886 5454 xxxrv,
921 5395 995 5443 1⁰.
1021 5418 1084 5440 —.-
1115 5393 1151 5430 ¹¹
1183 5392 1352 5454 Arist„
1383 5394 1602 5460 uetapk.
1637 5394 1727 5447 lib.
1759 5396 1872 5459 vll,

3397 410 3507 473 631

1982 539 2274 598 nostrum
2298 533 2685 600 oblivionem
2712 534 2973 618 accipiet
2994 556 3111 619 per
3137 541 3392 623 tempus
3407 588 3426 620 ‚
3457 545 3521 606 et

1981 658 2173 704 nemo
2218 641 2477 705 habebit
2526 642 2902 707 memoriam
2947 662 3216 727 operum
3268 650 3517 712 nostro-

1983 767 2155 814 rum.
2202 770 2234 809 ι)
2289 749 2553 832 Propter
2597 749 3125 833 inexperientiam
3171 755 3367 835 boni,
3420 773 3517 821 se-

1983 857 2268 922 cundum
2297 857 2468 940 quod
2512 857 2740 921 dicitur
2770 862 2830 923 ⁸:
2873 883 2904 921 α
2947 860 3138 928 Dulce
3173 862 3430 940 lumen,
3461 867 3523 928 et

1982 965 2350 1030 delectabile
2377 970 2473 1029 est
2517 967 2718 1031 oculis
2757 969 2973 1034 videre
3018 972 3238 1036 solem.
3270 994 3300 1030 ι)
3339 970 3522 1035 Hunc

1981 1092 2114 1137 non
2142 1073 2302 1139 vidit
2344 1073 2445 1139 vir
2487 1093 2721 1139 avarus
2740 1125 2758 1156 ‚
2790 1082 2868 1141 ut
2900 1079 3132 1144 dicitur
3159 1084 3181 1120 ⁹
3216 1102 3230 1142 ε
3271 1101 3302 1139 α
3333 1078 3520 1144 Erra-

1982 1180 2199 1245 vimus
2240 1200 2279 1244 a
2325 1181 2433 1246 via
2476 1182 2763 1247 veritatis
2783 1232 2801 1262 ‚
2833 1188 2898 1248 et
2941 1186 3034 1248 sol
3081 1185 3521 1268 intelligentiae

1982 1306 2113 1352 non
2142 1292 2236 1351 est
2259 1292 2438 1353 ortus
2464 1289 2679 1368 nobie,
2711 1312 2742 1349 ι)
2778 1293 2896 1354 etc.
2927 1289 3005 1355 Et
3046 1292 3133 1355 ita
3174 1308 3304 1377 non
3343 1293 3520 1362 vidit

1983 1395 2208 1473 solem,
2238 1396 2360 1460 hoc
2402 1399 2530 1475 est,
2572 1414 2701 1460 non
2744 1397 2969 1461 habuit
3009 1398 3389 1478 cognitionis
3414 1399 3518 1464 lu-

1984 1520 2156 1567 men.
2189 1504 2410 1585 Neque
2441 1505 2738 1585 coqnovit
2776 1504 3161 1570 distantiam
3207 1505 3389 1585 boni,
3426 1508 3523 1574 vel

1982 1610 2173 1690 mali,
2214 1611 2367 1693 quia
2410 1610 2647 1675 scilicet
2683 1630 2817 1676 non
2860 1616 2956 1676 est
2999 1615 3301 1694 expertus
3334 1635 3349 1677 t
3381 1614 3523 1678 ideo

1984 1719 2169 1784 dicit:
2203 1721 2487 1786 Etiamsi
2513 1719 2757 1786 duobus
2793 1720 3078 1786 millibus
3108 1721 3303 1786 annis
3329 1721 3519 1788 vixe-

1983 1828 2103 1907 rit,
2120 1828 2270 1908 quia
2292 1845 2422 1890 non
2439 1827 2682 1891 habens
2704 1829 2772 1908 (e)
2797 1828 3232 1908 cognitionem
3250 1846 3362 1911 per
3382 1828 3522 1893 diu-

1983 1935 2360 1998 turnitatem
2381 1980 2398 2010 ‚
2429 1934 2535 1997 sed
2563 1951 2679 2016 per
2719 1935 3174 2016 experientiam
3198 1984 3216 2014 ‚
3258 1939 3331 1999 ut
3368 1935 3519 2000 dici-

1983 2044 2092 2104 tur
2119 2042 2162 2078 ¹·
2202 2063 2216 2105 ε
2250 2064 2280 2101 (ι
2308 2041 2429 2117 Qui
2453 2059 2583 2105 non
2612 2045 2707 2105 est
2741 2046 3043 2124 expertus
3062 2090 3083 2121 ,
3118 2061 3318 2125 pauca
3345 2060 3525 2107 reco-

1983 2149 2275 2230 gnoscit;
2325 2171 2367 2238 n*
2406 2148 2756 2213 secundum
2808 2149 2978 2231 quod
3033 2150 3183 2214 dicit
3235 2149 3519 2214 Philoso-

1983 2257 2152 2338 phus
2180 2258 2219 2291 ¹¹
2250 2278 2264 2319 ε
2310 2279 2339 2315 <1
2369 2254 2777 2338 Experientia
2812 2257 2958 2320 fecit
3001 2259 3226 2336 artem,
3257 2257 3519 2339 inexpe-

1983 2363 2212 2428 rientia
2275 2382 2513 2427 casum.
2563 2383 2593 2421 n
2650 2361 2915 2445 Propter
2970 2363 3522 2447 incompletionem

1984 2470 2278 2535 desiderii
2299 2494 2315 2549 ;
2348 2470 2561 2534 subdit
2592 2469 2676 2547 (v.
2708 2472 2767 2552 6)
2792 2488 2809 2535 ι
2840 2471 3062 2538 Nonne
3090 2471 3181 2539 ad
3203 2489 3405 2538 unum
3429 2471 3520 2539 lo·

1984 2594 2129 2644 cum
2145 2582 2491 2661 properant
2509 2579 2728 2644 omnia
2746 2578 2781 2642 9
2799 2578 2979 2661 quasi
3007 2578 3174 2643 dicat
3196 2600 3211 2643 ε
3240 2597 3323 2644 ex
3345 2583 3524 2662 parte

1984 2688 2265 2770 corporis
2289 2686 2508 2751 cedent
2538 2686 2607 2750 in
2632 2690 2832 2767 terra,
2861 2693 2935 2752 ut
2961 2688 3194 2754 dicitur
3212 2690 3259 2731 ¹¹
3289 2712 3352 2754 :a
3371 2689 3523 2754 Om-

1984 2795 2123 2874 nia,
2153 2813 2298 2877 quae
2326 2794 2403 2858 de
2429 2797 2600 2858 terra
2637 2798 2817 2872 sunt,
2860 2795 2927 2859 in
2973 2800 3211 2861 terram
3254 2815 3520 2864 conver-

1983 2886 2231 2969 tuntur.
2272 2926 2302 2963 n
2343 2904 2387 2943 ¹²
2423 2926 2454 2964 α
2480 2903 2718 2968 Cuncta
2761 2904 3088 2985 SubJacent
3115 2904 3412 2986 vanitati,
3463 2910 3524 2971 et

1983 3012 2203 3077 omnia
2230 3015 2512 3094 pergunt
2539 3009 2621 3075 ad
2648 3011 2860 3075 locum
2887 3030 3117 3077 unum.
3148 3034 3180 3073 n
3220 3011 3320 3077 Ex
3344 3016 3524 3095 parte

1983 3101 2186 3202 igitur
2232 3120 2514 3204 corporis
2546 3169 2566 3200 ,
2612 3124 2708 3184 est
2749 3120 3119 3186 incineratio
3153 3142 3170 3200 ;
3220 3138 3305 3187 ex
3346 3122 3524 3204 parte

1983 3232 2200 3293 autem
2224 3230 2461 3293 animae
2479 3278 2495 3308 ,
2527 3228 2815 3294 desiderii
2844 3227 3248 3311 incompletio
3288 3248 3303 3291 ε
3336 3244 3524 3310 prop-

1982 3340 2157 3400 terea
2181 3336 2344 3401 dicit
2386 3341 2470 3418 (v.
2522 3337 2576 3416 7)
2614 3357 2628 3400 :
2681 3335 2901 3402 Omnis
2930 3335 3105 3402 labor
3137 3335 3418 3402 hominis
3455 3335 3530 3400 in

1985 3460 2090 3511 ore
2124 3444 2331 3511 illius.
2364 3445 2445 3510 Os
2482 3444 2712 3510 dicitur
2752 3443 3018 3508 inhiatio
3056 3441 3382 3521 desiderii;
3412 3442 3526 3524 qui

1983 3551 2157 3616 enim
2212 3552 2572 3630 desiderat,
2616 3551 2798 3634 quasi
2837 3569 2910 3616 os
2946 3549 3149 3633 aperit
3179 3568 3198 3614 :
3238 3549 3521 3613 laborem

1983 3660 2188 3742 igitur
2215 3678 2351 3724 esse
2380 3660 2446 3724 in
2473 3677 2615 3740 ore,
2648 3659 2769 3723 hoc
2809 3664 2903 3723 est
2928 3658 3217 3722 laborare
3244 3657 3322 3720 ad
3353 3656 3517 3719 desi-

1983 3766 2142 3830 derii
2186 3765 2702 3849 completionem,
2735 3768 2809 3829 ut
2834 3765 3062 3829 dicitur
3089 3763 3135 3800 ¹⁸
3165 3786 3180 3829 t
3232 3785 3263 3824 <1
3292 3761 3524 3828 Anima

1982 3871 2330 3936 laborantis
2356 3871 2599 3936 laborat
2637 3870 2756 3934 sibi
2777 3918 2795 3948 ‚
2837 3870 2990 3953 quia
3028 3868 3337 3952 compulit
3373 3885 3522 3932 eum

1983 3996 2055 4043 os
2082 3997 2274 4043 suum
2298 4000 2313 4043 ι
2335 4002 2365 4039 ι)
2390 3984 2449 4043 et
2459 3978 2603 4043 licet
2617 3977 2696 4043 ad
2716 3978 2841 4041 hoc
2863 3978 2935 4060 (ff)
2953 3976 3337 4041 desiderium
3356 3992 3523 4039 com-

1982 4086 2288 4171 plendum
2317 4086 2530 4165 faciat,
2558 4103 2689 4150 non
2718 4088 2932 4148 tamen
2961 4084 3313 4166 completur
3342 4081 3520 4147 :ideo

1982 4195 2135 4259 dicit
2164 4217 2182 4273 ;
2218 4192 2344 4259 sed
2389 4195 2611 4260 anima
2645 4191 2861 4272 illia-3,
2905 4191 3140 4256 scilicet
3176 4189 3386 4257 divitis
3423 4193 3518 4255 te-

1983 4301 2191 4380 nacis,
2222 4316 2353 4367 non
2398 4299 2763 4383 implebitur
2810 4301 2991 4368 bonis
3012 4346 3034 4377 ‚
3072 4299 3238 4364 sicut
3278 4298 3520 4362 dictum

1984 4413 2081 4473 est
2109 4410 2153 4444 ¹⁸
2188 4430 2204 4473 z
2240 4431 2270 4469 α
2297 4414 2541 4472 Avarus
2577 4425 2707 4472 non
2745 4408 3113 4493 implebitur
3135 4406 3404 4492 pecunia
3431 4428 3447 4484 ;
3479 4427 3511 4466 n

1983 4516 2153 4581 unde
2198 4516 2427 4580 dicitur
2467 4515 2513 4555 ¹⁸
2557 4537 2570 4579 :
2625 4539 2657 4576 a
2682 4513 2973 4582 Dilatavit
3011 4515 3194 4599 quasi
3236 4514 3524 4579 infernus

1985 4626 2267 4690 animam
2289 4642 2495 4706 suam,
2520 4625 2740 4707 etipse
2766 4626 2947 4709 quasi
2973 4643 3145 4690 mors
3172 4642 3303 4688 non
3326 4622 3521 4688 adim-

1984 4732 2263 4816 plebitur
2294 4749 2312 4795 :
2342 4754 2372 4791 n
2409 4733 2498 4795 ita
2527 4749 2755 4797 verum
2782 4736 2879 4796 est
2910 4732 2988 4796 de
3020 4731 3266 4811 avaris,
3297 4729 3376 4795 de
3405 4746 3521 4812 pe-

1983 4840 2178 4905 cunia
2193 4886 2210 4917 ‚
2239 4840 2328 4904 ita
2366 4839 2560 4904 etiam
2595 4840 2673 4904 de
2718 4840 2978 4905 scientia
2997 4888 3016 4920 ‚
3047 4843 3123 4903 ut
3162 4835 3392 4904 dicitur
3423 4834 3471 4876 Π
3505 4855 3524 4900 :

1984 5024 2032 5062 c.
2066 5023 2105 5073 1,
2136 5023 2244 5061 non
2271 5011 2452 5075 procul
2481 5024 2513 5061 a
2541 5009 2811 5076 principio.
2844 5037 2908 5051 —
2940 5009 2977 5043 ¹²
3003 5009 3185 5074 Eccli„
3216 5019 3317 5068 ιι..
3351 5010 3428 5059 ss.
3460 5029 3523 5046 —

1984 5082 2024 5118 ¹⁸
2053 5084 2237 5147 Supra,
2265 5094 2355 5145 111,
2386 5085 2462 5133 19.
2491 5108 2554 5121 —-
2580 5082 2620 5118 *δ
2644 5084 2811 5147 Pron„
2835 5095 2951 5144 xv1‚
2980 5085 3152 5133 26.-—
3180 5082 3221 5117 ¹⁸
3253 5081 3435 5144 Supra,
3466 5090 3520 5142 v,

1986 5157 2035 5206 9.
2057 5181 2122 5192 -
2153 5154 2190 5185 ¹⁸
2216 5152 2420 5218 Hebae„
2451 5165 2512 5218 ιι,
2544 5155 2591 5204 5.
2620 5179 2682 5193 -
2713 5152 2755 5189 ¹⁷
2787 5154 2829 5204 ιι
2862 5154 3010 5216 Tim„
3039 5164 3121 5217 111,
3150 5154 3197 5202 7.

2049 5252 2118 5318 (α)
2157 5252 2297 5317 Vulq.
2320 5252 2528 5303 malitia.
2547 5277 2610 5290 —
2638 5250 2707 5316 (b)
2731 5251 2812 5304 ΔΙ.
2841 5251 2997 5304 sit.—
3026 5253 3092 5318 (c)
3112 5251 3198 5304 ΔΙ.
3221 5250 3449 5302 abortus.
3468 5272 3532 5287 —

1986 5324 2057 5388 (d)
2076 5323 2199 5374 Coet.
2222 5324 2342 5374 edit.
2373 5323 2779 5375 delectationem.
2799 5351 2863 5363 —
2884 5324 2949 5389 (e)
2978 5324 3095 5389 laq.
3123 5336 3231 5375 non
3251 5321 3410 5374 hebet
3431 5317 3526 5371 ho·

1983 5409 2155 5448 mo.—
2177 5395 2249 5460 (f)
2281 5395 2393 5461 Leq.
2415 5394 2516 5446 hoc
2544 5395 2627 5452 ad.
