4196 6294
3471 550 3568 598 vn

354 658 859 738 Sententiarum,
894 661 964 722 et
989 655 1177 736 alibi3
1206 673 1357 720 cum
1378 655 1458 721 de
1483 641 1752 720 ascensu
1777 653 2009 719 mentis
2037 655 2108 719 in
2134 655 2362 737 Deum,
2392 657 2471 722 de
2502 659 2774 742 vestigio
2801 664 2865 727 et
2891 661 3180 745 imagine
3209 663 3561 749 Trinitatis,

362 777 442 843 de
479 779 780 842 creatura
812 775 1132 841 clamante
1171 773 1373 839 Deum
1398 790 1568 850 esse,
1602 775 1756 855 agat
1788 760 2052 856 perinde
2092 792 2166 838 ac
2189 773 2569 859 seraphicus
2596 775 2823 844 Doctor
2850 779 2920 844 in
2949 780 3297 846 Itinerario
3336 786 3568 851 mentis

366 894 435 956 in
460 896 669 961 Deum
684 917 712 968 ;
738 912 894 959 cum
917 893 996 957 de
1041 890 1232 957 medo
1264 888 1689 972 cognoscendi
1715 888 1916 955 Deum
1938 907 2060 973 per
2088 887 2540 957 destructivam
2585 894 2973 961 ablationem
2999 897 3081 962 ab
3110 899 3335 979 infimo
3365 921 3566 987 usque

373 1011 464 1076 ad
480 1031 814 1078 stonmum
840 1012 1169 1095 loquatur,
1198 1009 1361 1074 sicut
1384 1007 1836 1074 Bonaventura
1862 1007 1930 1070 in
1964 1008 2271 1073 lucendio
2302 1011 2544 1075 amoris
2571 1011 2649 1076 de
2676 1013 2897 1078 eodem
2925 1014 3115 1080 modo
3143 1020 3567 1096 cognoscendi

364 1130 566 1197 Deum
585 1149 710 1217 per
730 1132 909 1196 viam
925 1128 1283 1213 neqationis
1306 1126 1387 1191 ab
1421 1123 1832 1208 inferioribus
1858 1142 2059 1207 usque
2088 1124 2182 1187 ad
2199 1127 2556 1208 superiora,
2590 1127 2780 1212 idque
2811 1130 3168 1195 secundum
3187 1131 3565 1217 Dionysium

365 1248 710 1332 utrobique
750 1247 1133 1328 allegatum3
1161 1262 1309 1313 cum
1336 1242 1414 1307 de
1444 1241 1868 1322 intelligentia
1900 1240 2138 1305 divinae
2163 1240 2511 1324 Scripturae
2539 1243 2830 1325 litterali,
2863 1249 2927 1310 et
2961 1246 3301 1329 spirituali,
3330 1249 3567 1315 scilicet

366 1365 736 1448 allegorica,
765 1362 1120 1445 anagogica
1147 1364 1211 1425 et
1227 1358 1644 1442 tropologica,
1668 1357 2018 1422 secundum
2047 1356 2414 1440 Hugonem,
2446 1364 2673 1426 tractet
2708 1364 2970 1446 perinde
2997 1383 3072 1429 ac
3111 1364 3566 1433 Bonaventura

368 1481 438 1545 in
463 1481 773 1564 opusculo
796 1483 891 1548 De
914 1478 1300 1546 Reductione
1334 1476 1590 1541 Artium
1621 1473 1716 1538 ad
1741 1474 2170 1557 Theoloqiam,
2209 1474 2471 1558 perinde
2499 1496 2758 1562 quoque
2798 1497 2873 1544 ac
2913 1480 2982 1543 in
3012 1479 3154 1545 aliis
3195 1482 3563 1549 certissimis

366 1597 837 1664 Bonaventurae
861 1595 1108 1679 scriptis
1125 1594 1392 1659 disserat
1414 1593 1492 1657 de
1533 1590 1731 1658 Verbo
1750 1592 2056 1670 increato,
2078 1592 2438 1671 incarnato,
2469 1594 2805 1678 inspirato,
2830 1593 3034 1678 deque
3062 1616 3284 1662 amore
3303 1617 3565 1665 sursum

364 1717 612 1798 activo,
650 1733 800 1781 cum
836 1714 935 1794 id,
978 1712 1149 1796 quod
1183 1729 1375 1776 serm.
1416 1727 1623 1775 xxvm
1657 1708 1849 1772 habet
1870 1756 1887 1784 ‚
1932 1707 2011 1772 de
2055 1708 2286 1773 vetuloe
2310 1711 2611 1789 caritate,
2660 1730 2789 1793 qua
2827 1715 2999 1777 caret
3048 1731 3222 1777 unus
3275 1732 3565 1796 magnus

364 1834 709 1915 magister,
746 1831 904 1896 illud
935 1831 1147 1914 ipsum
1186 1830 1268 1893 sit
1308 1827 1480 1910 quod
1521 1848 1563 1893 a
1597 1832 1812 1894 sancto
1859 1825 2308 1892 Bonaventura
2347 1828 2526 1893 fratri
2567 1829 2820 1911 AEgidio
2861 1832 3141 1914 quadam
3181 1832 3284 1897 die
3321 1834 3563 1900 dictum

360 1953 644 2017 refertur
677 1948 735 2030 ’ς
790 1969 940 2015 cum
986 1949 1258 2031 denique
1304 1947 1368 2011 id
1412 1945 1587 2029 quod
1641 1946 1718 2009 de
1768 1945 2038 2011 Oratore
2091 1943 2374 2008 insinuat
2418 1946 2500 2010 ad
2546 1945 2669 2010 hoc
2710 1951 2784 2011 ut
2833 1947 2916 2011 sit
2957 1956 3183 2032 potens
3219 1956 3279 2029 ¹,
3326 1951 3563 2034 optime

361 2067 704 2132 conveniat
748 2067 1003 2132 ineditae
1040 2065 1188 2132 Arte·
1220 2063 1639 2147 praedicandi,
1688 2081 1885 2147 quam
1920 2066 2138 2126 noster
2166 2060 2547 2146 Seraphicus
2592 2063 2896 2145 Magister
2921 2065 3181 2150 reliquit
3216 2089 3232 2132 ε
3283 2071 3347 2133 et
3389 2070 3564 2152 quod

362 2187 583 2268 majus
615 2189 743 2265 est,
774 2184 1070 2266 allegatio
1113 2177 1529 2248 collationum
1556 2181 1876 2246 donorum
1905 2181 2064 2245 facta
2108 2198 2299 2245 serm.
2333 2183 2466 2243 1131:
2503 2198 2614 2260 ιιι,
2645 2176 3024 2264 respondeat
3048 2181 3287 2247 inedito
3325 2185 3563 2267 pariter

360 2307 667 2385 certoque
717 2301 1179 2368 Bonaventurae
1237 2298 1545 2384 opusculo
1593 2300 1688 2365 De
1742 2305 1981 2381 septem
2036 2295 2220 2361 donis
2275 2296 2551 2381 Spiritus
2602 2298 2846 2377 sancti,
2899 2297 3004 2361 cui
3052 2298 3293 2363 nedum
3347 2303 3559 2384 quoad

358 2419 750 2497 doctrinam,
797 2419 905 2484 sed
945 2422 1011 2483 et
1049 2417 1259 2501 quoad
1302 2417 1440 2499 ipsa
1478 2415 1679 2480 verba
1713 2414 1783 2477 in
1823 2413 2142 2497 plerisque
2182 2414 2584 2478 simillimum
2624 2416 2720 2478 est
2754 2414 2928 2478 istud
2967 2414 3555 2501 Illuminationum,

356 2540 590 2618 prout,
640 2535 829 2600 modo
872 2535 1160 2600 conterre
1195 2533 1379 2597 liceat
1416 2550 1628 2597 unum
1675 2549 1826 2597 cum
1877 2530 2077 2596 altero
2094 2578 2112 2608 ,
2155 2531 2306 2595 satis
2349 2531 2683 2597 manifeste
2727 2531 3002 2614 quisque
3045 2530 3474 2615 deprehendet
3510 2538 3554 2601 ⁸.

357 2651 616 2718 Etenim
643 2670 813 2716 serm
841 2670 910 2716 ιι.
940 2651 1283 2717 Luminar.
1312 2618 1565 2733 partitio
1592 2651 1667 2714 fit
1689 2649 1767 2714 de
1792 2647 2121 2732 sapientiae
2157 2648 2293 2714 sive
2330 2651 2557 2731 gratiae
2584 2657 2765 2729 ortu,
2799 2656 2862 2714 et
2874 2656 3103 2733 porta,
3133 2667 3250 2715 seu
3274 2649 3416 2731 via,
3445 2671 3559 2734 per

357 2788 565 2854 quam
599 2768 986 2854 ingreditur,
1014 2769 1428 2852 ejusdemque
1465 2768 1604 2833 luce
1640 2768 1936 2833 radiante
1964 2769 2032 2832 in
2059 2768 2352 2832 animam
2384 2790 2399 2832 z
2447 2786 2520 2832 ac
2544 2767 2634 2831 ita
2659 2768 2847 2851 plane
2869 2767 2938 2831 in
2962 2767 3065 2832 his
3097 2767 3557 2836 collationibus

354 2889 701 2954 Donorum
723 2888 830 2954 vel
858 2887 941 2952 ab
967 2887 1105 2971 ipso
1135 2887 1395 2951 exordio
1422 2886 1638 2969 agitur
1664 2885 1741 2950 de
1758 2894 1903 2950 ortu
1928 2886 2170 2969 qratia,
2201 2893 2263 2951 et
2289 2888 2419 2965 via,
2445 2903 2571 2969 per
2601 2904 2804 2969 quam
2824 2887 3154 2970 sparqitur
3190 2886 3308 2951 lutc
3327 2891 3559 2971 qratioe

351 3022 557 3088 super
574 3010 813 3068 mentes
829 3003 1170 3068 humanas.
1201 3003 1294 3068 Ibi
1308 3005 1506 3068 verba
1522 3003 1825 3088 Apostoli,
1852 3002 1907 3067 11
1931 3003 2108 3083 Gor„
2134 3021 2226 3083 vx,
2255 3008 2315 3082 1,
2336 3002 2742 3082 adhibentur,
2764 3002 2874 3068 illa
2891 3022 3126 3087 nempe
3154 3024 3171 3068 ε
3194 3005 3554 3071 Hortamur

350 3138 435 3188 ne
451 3122 523 3186 in
546 3140 823 3186 vacuum
840 3122 1124 3205 qratiam
1158 3123 1282 3189 Dei
1314 3121 1636 3205 recipiatis
1657 3138 1683 3202 ,·
1717 3120 1823 3186 hic
1847 3137 2002 3186 vero
2028 3118 2109 3184 ab
2130 3117 2460 3202 ipsissimis
2479 3118 2814 3185 exordium
2828 3119 3103 3200 ducitur,
3124 3139 3199 3186 ac
3213 3122 3555 3207 utrobique

350 3239 578 3304 itidem
620 3243 969 3322 usurpatur
1005 3238 1164 3304 illud
1193 3238 1430 3319 Jacobi,
1469 3258 1514 3317 1,
1560 3241 1635 3300 17
1655 3258 1670 3301 t
1693 3237 1917 3304 -Omne
1949 3235 2179 3300 datum
2209 3237 2524 3320 optimum
2542 3283 2563 3314 ,
2608 3238 2726 3301 etc.
2761 3234 3110 3321 Utrobique
3145 3239 3383 3322 pariter
3407 3240 3556 3307 inde

352 3356 641 3420 refertur
668 3363 884 3420 ortum
914 3355 1146 3438 qratioe
1170 3354 1507 3420 desursum
1535 3373 1578 3417 a
1603 3356 1800 3422 Patre
1827 3355 2173 3419 luminum.
2201 3352 2547 3437 Utrobique
2576 3355 2706 3419 fere
2730 3355 2811 3419 ad
2837 3356 3108 3420 verbum
3135 3360 3556 3438 pertractatur

349 3472 433 3539 dc
463 3474 760 3558 potentia
806 3472 1192 3538 intellectiva
1207 3521 1231 3552 ,
1254 3477 1380 3537 'seu
1424 3471 1745 3556 coqnitiva
1794 3470 2218 3551 illustranda,
2258 3470 2337 3535 de
2371 3471 2658 3556 potentia
2701 3471 2990 3555 effectiva
3024 3472 3435 3555 laetificanda,
3476 3475 3556 3542 de

338 3590 644 3678 potentia
677 3591 1006 3674 operativa
1055 3589 1553 3656 corroboranda.
1597 3589 1946 3673 Utrobique
1991 3590 2323 3673 ipsissimis
2363 3589 2576 3655 verbis
2622 3597 2798 3655 ortus
2833 3608 2910 3654 ac
2951 3589 3282 3655 descensus
3321 3592 3555 3674 qratioe

344 3704 824 3790 deduciturper
873 3706 1146 3773 Verbum
1184 3705 1629 3784 incarnatum,
1655 3725 1773 3791 per
1815 3706 2088 3774 Verbum
2129 3707 2549 3791 inspiratum,
2566 3724 2693 3791 per
2730 3706 3004 3774 Verbum
3031 3707 3445 3788 crucifixum;
3480 3726 3554 3773 ac

345 3821 691 3907 ipsissimis
730 3821 945 3888 verbis
989 3822 1208 3904 agitur
1244 3822 1489 3888 nedum
1549 3823 1629 3888 de
1673 3824 1905 3907 qratioe
1963 3832 2139 3903 ortu3
2185 3825 2295 3890 sed
2335 3825 2527 3889 etiam
2562 3826 2641 3890 de
2681 3825 2966 3909 ejusdem
3005 3842 3163 3902 usu,
3194 3827 3259 3888 et
3300 3826 3548 3906 fructu.

346 3939 708 4024 Utrobique
728 3940 803 4004 fit
823 3940 1143 4024 ipsissima
1169 3941 1421 4025 partitio
1452 3942 1681 4026 qratiae
1708 3960 1861 4006 usus
1881 3941 2089 4021 fidelis
2117 3950 2405 4027 respectu
2431 3945 2718 4023 Domini,
2748 3943 2952 4007 virilis
2979 3945 3049 4006 in
3076 3960 3163 4019 se,
3194 3948 3255 4006 et
3272 3940 3552 4007 liberalis

350 4059 427 4122 in
442 4060 852 4142 proximum.
880 4058 1225 4143 Utrobique
1251 4059 1608 4144 ipsissimus
1632 4076 1843 4124 sermo
1876 4059 2152 4124 habetur
2189 4060 2267 4125 de
2290 4059 2520 4144 triplici
2549 4061 2761 4125 fructu
2789 4060 3040 4143 gratiae,
3068 4075 3301 4141 nempe
3324 4058 3549 4123 remis·

348 4177 536 4241 sione
588 4175 831 4260 culpoe,
881 4176 1280 4260 plenitudine
1314 4176 1622 4260 Justitioe,
1648 4187 1653 4192 ’
1666 4178 2151 4263 perpetuatione
2194 4179 2342 4243 vitoe
2379 4176 2577 4245 beatoe
2592 4226 2611 4258 ,
2652 4177 2806 4242 item
2855 4177 2933 4242 de
2983 4176 3201 4261 qratia
3246 4182 3510 4241 curante
3529 4225 3546 4255 ,

353 4290 811 4356 corroborante
830 4340 847 4370 ‚
878 4300 1379 4360 consummante.
1432 4292 1780 4378 Utrobique
1806 4295 2128 4361 simillime
2173 4314 2247 4360 ac
2289 4297 2418 4363 fere
2451 4295 2785 4379 ipsissimis
2830 4295 3043 4362 verbis
3089 4293 3418 4359 disseritur
3472 4294 3551 4360 de

365 4433 399 4470 ι
454 4407 671 4490 gratia
714 4412 1194 4475 consummante
1238 4411 1785 4477 consummatione
1824 4412 1951 4477 viae
2012 4412 2081 4476 in
2134 4414 2377 4496 septem
2430 4413 2949 4494 beatitudinibus,
3001 4411 3549 4478 consummatione

357 4525 591 4610 patriae
615 4527 688 4591 in
717 4532 956 4610 septem
983 4526 1262 4606 dotibuS‚
1301 4547 1581 4613 quarum
1602 4534 1732 4595 tres
1752 4532 1995 4597 suntin
2021 4529 2259 4623 anima,
2289 4532 2450 4597 visio
2468 4530 2713 4612 ,tentio
2740 4534 2805 4596 et
2832 4529 3075 4610 fruiti0,
3102 4547 3250 4613 quae
3277 4547 3550 4613 respon-

357 4642 511 4708 dent
539 4642 751 4707 tribus
776 4643 1116 4710 virtutibus
1142 4644 1546 4727 theologiciS,
1576 4651 1854 4731 quatuor
1886 4648 1956 4712 in
1982 4665 2267 4731 corpore,
2303 4666 2452 4732 quae
2483 4647 2867 4731 respondent
2890 4650 3171 4731 quatuor
3202 4646 3548 4713 virtutibus

236 4837 239 4840 ¹
360 4760 817 4841 cardinalibus
871 4782 904 4820 n
959 4766 1075 4827 etc.
1134 4762 1290 4841 Quis
1339 4781 1500 4845 ergo
1541 4763 1795 4829 dubiter
1845 4763 1924 4828 de
1961 4764 2286 4849 ipsissimo
2337 4765 2672 4848 utriusque
2726 4764 2934 4847 operis
2978 4764 3257 4842 auctore,
3316 4781 3548 4847 nempe

362 4877 435 4942 D.
490 4878 947 4944 Bonaventura
962 4928 981 4959 ,
1039 4880 1323 4946 maxime
1373 4898 1522 4946 cum
1549 4919 1553 4924 ·
1579 4881 1650 4945 in
1700 4880 2016 4967 plerisque
2077 4883 2214 4947 aliis
2267 4885 2614 4948 consonent
2666 4881 2793 4946 alia
2851 4878 3204 4944 certissima
3257 4880 3547 4963 ejusdem

443 4996 676 5062 nacula
690 4998 722 5059 ⁴?

358 5012 501 5180 ΨΩ.
542 5113 643 5180 Ad
672 5113 819 5179 haec
847 5113 1046 5196 ,sicut
1072 5118 1302 5181 caetera
1340 5115 1812 5182 Bonaventuree
1838 5136 2071 5202 opera,
2118 5118 2372 5184 videtur
2399 5121 2461 5183 et
2487 5115 2656 5182 istud
2698 5114 2936 5180 crebris
2962 5130 3159 5180 sacrae
3198 5112 3546 5199 Scripturae

423 5272 436 5300 ¹
469 5267 763 5333 prodr-nm„
793 5267 893 5319 col.
920 5269 1003 5327 3⁰,
1034 5281 1099 5319 ex
1138 5269 1326 5322 Chron.
1359 5281 1487 5322 xxxv
1514 5270 1886 5337 Ministrorum,
1915 5270 2002 5323 ubi
2029 5272 2092 5323 de
2122 5273 2204 5323 Fr.
2235 5270 2453 5336 AEgidio.
2480 5287 2508 5319 α
2531 5271 2706 5323 Frater
2737 5269 2967 5337 AEgidius
2992 5268 3100 5320 ait:
3133 5285 3162 5317 α
3189 5268 3361 5320 Potest
3386 5258 3547 5320 idiota

358 5341 524 5391 Deum
549 5343 754 5391 tantum
784 5339 1021 5406 diligere,
1049 5339 1178 5392 sicut
1202 5342 1481 5394 litteratus?
1510 5359 1537 5391 υ
1566 5344 1851 5408 Respondit
1880 5343 2142 5396 Generalis
2171 5343 2568 5408 (eonaventura)
2602 5359 2615 5394 ε
2648 5359 2677 5392 (ι
2705 5343 2817 5394 Una
2838 5341 3010 5392 vetum
3034 5340 3189 5393 etiam
3215 5340 3331 5406 plus
3356 5343 3545 5405 potest,

358 5409 789 5540 among&
824 5412 881 5462 in
913 5411 1338 5539 ὼὲἓίοᾳϊιῗοέᾱ-
1368 5417 1392 5452 ¹
1420 5416 1587 5469 Serm.
1626 5426 1699 5486 iv,
1733 5429 1914 5469 versus
1947 5415 2122 5470 finem.
2148 5441 2210 5455 —
2248 5415 2267 5445 ³
2303 5415 2424 5468 Haec
2460 5427 2574 5481 quae
2607 5417 2888 5486 sequuntur
2911 5426 3075 5480 usque
3101 5412 3167 5465 ad
3193 5424 3248 5463 n.
3276 5414 3323 5504 2,
3355 5412 3544 5502 exscri-
