4196 6294
1671 440 1926 510 mur
1967 441 2102 510 ιιι.
2242 404 2247 410 ’

293 577 527 646 borum
548 578 908 661 conjunctio
933 581 998 643 et
1026 577 1346 662 colligatio
1363 626 1385 659 ,
1418 596 1564 662 quae
1589 578 1671 643 ad
1698 595 1833 644 mo-

293 687 449 753 dum
478 685 653 749 funis
677 684 1008 749 hominem
1047 684 1245 766 ligat,
1276 685 1432 749 dum
1453 686 1827 768 persuadet,

295 793 648 860 secundum
705 790 864 857 illud
897 797 914 833 ¹
955 810 972 856 :
1017 815 1049 852 α
1092 791 1373 859 Irretivit
1419 810 1571 857 eum
1612 793 1833 857 multis

292 900 694 967 sermonibus
729 947 752 980 ,
809 903 872 964 et
924 899 1248 965 blanditiis
1300 900 1620 966 labiorum
1678 919 1829 984 pro-

292 1009 489 1075 traxit
531 1008 741 1074 illum.
775 1030 806 1069 υ
842 1008 1025 1074 Tunc
1066 1025 1225 1089 ergo
1269 1010 1612 1091 rumpetur
1658 1008 1833 1072 funis

293 1120 671 1199 argenteuS,
703 1115 961 1200 quando
1001 1119 1143 1197 post
1177 1113 1347 1178 diem
1385 1114 1611 1196 judicii
1641 1132 1835 1179 mun-

293 1227 461 1293 dana
484 1225 845 1309 eloquentia
869 1226 1283 1290 obmutescet.
1304 1230 1328 1264 ¹
1349 1246 1382 1284 α
1407 1223 1650 1304 Amice,
1677 1242 1836 1308 quo·

294 1335 483 1401 modo
511 1334 640 1398 huc
665 1333 921 1399 intrasti
959 1333 1093 1398 non
1118 1332 1362 1397 habens
1391 1336 1637 1398 vestem
1663 1351 1830 1417 nup-

294 1442 511 1508 tialem
525 1444 557 1505 ⁴?
584 1440 669 1506 At
714 1441 819 1506 ille
851 1439 1194 1506 obmutuit.
1236 1462 1269 1500 n
1320 1439 1613 1505 Secundo
1652 1443 1834 1505 nota-

294 1556 402 1617 tur
439 1550 770 1616 evacuatio
818 1548 1208 1633 praelationis
1246 1596 1266 1628 ,
1314 1548 1449 1614 sive
1494 1549 1792 1631 potentiae
1811 1598 1831 1630 ,

295 1676 445 1722 cum
481 1656 629 1722 dicit
673 1679 688 1721 :
731 1658 1035 1724 Recurrat
1068 1657 1236 1724 vitta
1282 1670 1502 1723 aurea.
1547 1655 1671 1720 Per
1704 1655 1831 1720 vit-

294 1770 427 1830 tam
440 1814 461 1845 ,
496 1783 646 1850 quae
668 1771 691 1807 1
716 1765 1071 1848 ponebatur
1104 1766 1177 1829 in
1213 1766 1416 1847 capite
1458 1764 1831 1845 sacerdotis,

297 1874 685 1956 intelligitur
705 1873 860 1939 ordo
889 1873 1190 1957 potentiae
1217 1876 1282 1938 et
1302 1870 1694 1956 praelationis
1712 1920 1732 1952 ,
1768 1872 1837 1938 in

296 2000 426 2067 quo
470 1982 807 2065 colligatur
842 1982 1165 2048 Ecclesia:
1210 1983 1331 2047 ista
1365 1981 1529 2049 vitta
1567 1980 1838 2046 recurrit

295 2092 388 2156 ad
405 2109 598 2155 suum
635 2090 1023 2175 principium
1041 2139 1060 2171 ,
1091 2090 1327 2155 scilicet
1367 2090 1622 2174 quando
1663 2088 1837 2154 solus

299 2199 584 2265 Christus
611 2199 1069 2279 dominabitur,
1094 2204 1157 2264 et
1182 2202 1395 2265 omnis
1418 2203 1694 2283 potestas
1719 2218 1831 2264 au·

297 2308 537 2373 feretur
552 2331 570 2386 ;
600 2311 665 2371 et
691 2307 816 2371 hoc
855 2306 977 2371 erit
1018 2310 1161 2390 post
1198 2308 1519 2390 judicium
1544 2309 1567 2344 ⁸
1599 2328 1614 2372 ι
1656 2331 1689 2369 α
1713 2308 1836 2374 De-

297 2415 444 2480 inde
489 2414 636 2478 finis
661 2463 680 2495 ,
708 2432 857 2480 cum
901 2415 1228 2480 tradiderit
1267 2433 1553 2497 regnum
1584 2414 1743 2497 De0,
1773 2421 1837 2481 et

298 2521 493 2603 Patri,
512 2541 660 2588 cum
686 2523 1090 2589 evacuaverit
1104 2541 1363 2588 omnem
1383 2523 1832 2606 principatum,

298 2636 361 2697 et
387 2631 883 2697 dominationem
903 2679 922 2711 ,
954 2634 1017 2695 et
1056 2630 1387 2697 virtutem.
1411 2652 1441 2690 n
1485 2628 1697 2696 Tertio
1722 2648 1839 2695 no-

295 2742 470 2805 tatur
508 2737 841 2803 evacuatio
880 2736 1228 2802 mundanae
1272 2735 1601 2821 sapientiae
1624 2784 1644 2817 ‚
1685 2755 1836 2804 cum

298 2846 491 2912 dicit:
540 2846 622 2913 Et
649 2850 1013 2913 conteratur
1049 2845 1294 2929 hydria
1334 2860 1527 2927 super
1571 2846 1835 2925 fontem.

295 2955 425 3020 Ista
450 2954 681 3038 hydria
705 2957 802 3019 est
831 2953 1037 3019 cordis
1064 2954 1428 3034 curiositas,
1460 2971 1608 3037 quae
1639 2955 1831 3020 affer-

299 3065 407 3127 tur
432 3063 516 3127 ad
558 3061 976 3126 hauriendam
1010 3060 1384 3144 sapientiam
1398 3108 1420 3140 ,
1448 3060 1527 3126 de
1565 3081 1696 3144 qua
1730 3062 1836 3127 di-

299 3170 465 3236 citur
496 3171 568 3234 in
606 3171 825 3252 figura
857 3219 875 3248 ,
925 3170 1097 3254 quod
1126 3176 1148 3210 1
1184 3191 1216 3231 α
1252 3169 1430 3235 venit
1476 3169 1710 3235 mulier
1755 3170 1836 3235 de

299 3279 587 3346 Samaria
612 3298 761 3355 cum
789 3279 1024 3363 hydria
1046 3279 1308 3344 haurire
1334 3296 1591 3362 aquam.
1623 3300 1656 3338 n
1697 3277 1833 3343 Mu-

295 3389 414 3454 lier
458 3389 537 3454 de
578 3388 868 3454 Samaria
911 3386 1233 3470 gentilitas
1276 3389 1404 3464 est,
1454 3404 1603 3471 quae
1657 3387 1835 3453 venit

294 3516 443 3562 cum
486 3496 746 3580 hydria,
777 3495 841 3560 id
881 3497 1014 3577 est,
1046 3494 1435 3576 curiositate,
1469 3495 1549 3562 ad
1578 3496 1833 3579 sapien-

292 3606 449 3670 tiam
509 3603 956 3670 hauriendam.
1024 3601 1202 3669 Unde
1240 3589 1507 3667 'dicitur
1536 3651 1555 3683 ,
1613 3603 1786 3686 quod
1810 3602 1834 3640 ·

299 3737 331 3777 α
360 3713 777 3778 Athenienses
800 3712 882 3778 ad
910 3711 1074 3777 nihil
1109 3712 1281 3777 aliud
1323 3712 1672 3790 vacabant,
1708 3712 1832 3776 nisi

291 3824 406 3887 aut
431 3821 669 3900 dicere,
699 3824 814 3885 aut
848 3821 1071 3886 audire
1103 3818 1342 3903 aliquid
1385 3819 1560 3885 novi.
1591 3842 1622 3879 υ
1659 3818 1830 3885 Fons

291 3932 508 3995 autem
535 3931 634 3994 est
656 3928 985 3993 mundana
1011 3928 1339 4011 sapientia,
1369 3926 1543 3992 unde
1568 3928 1639 3991 in
1663 3925 1830 3992 Psal-

291 4054 400 4102 mo
429 4037 452 4073 ⁷
482 4059 497 4102 :
541 4059 574 4097 α
597 4036 696 4102 Tu
724 4035 1019 4119 dirupisti
1060 4035 1263 4101 fontes
1289 4038 1353 4101 et
1375 4038 1728 4116 torrentes3
1756 4038 1831 4101 tu

291 4144 540 4210 siccasti
564 4145 797 4210 fluvios
837 4143 1067 4208 Ethan.
1098 4165 1128 4203 n
1158 4143 1402 4226 Hydria
1439 4161 1598 4225 ergo
1638 4161 1829 4228 super

291 4255 529 4320 fontem
557 4253 879 4335 frangitur
894 4302 916 4334 ,
947 4253 1202 4336 quando
1228 4271 1359 4318 non
1383 4256 1578 4319 restat
1601 4254 1779 4319 locus
1801 4301 1821 4332 ,

291 4368 367 4430 ut
391 4361 739 4428 mundanae
788 4360 1116 4444 sapientiae
1162 4361 1412 4426 curiose
1464 4365 1727 4428 vacetur
1752 4368 1775 4403 ⁸
1808 4384 1825 4428 :

299 4496 332 4534 α
361 4468 440 4535 Et
458 4470 929 4536 comminuetur
954 4468 1081 4533 illis
1106 4468 1340 4551 lagena
1359 4470 1550 4552 figuli
1589 4471 1830 4536 contri-

290 4581 463 4646 tione
516 4578 862 4664 pervalida.
913 4599 944 4639 n
995 4576 1231 4656 Quarto
1278 4580 1537 4643 notatur
1592 4578 1828 4645 ablatio

289 4688 636 4756 mundanae
681 4687 1020 4771 opulentiae
1044 4737 1060 4766 ,
1107 4703 1259 4751 cum
1302 4687 1641 4770 subjungit
1681 4708 1697 4751 :
1741 4688 1828 4755 Et

288 4798 738 4880 consi-inqatur
759 4801 904 4864 rota
929 4810 1122 4878 super
1155 4794 1517 4862 cisternam.
1557 4793 1678 4859 Per
1705 4794 1826 4859 cis-

287 4912 540 4973 ternam
568 4953 588 4985 ,
648 4921 797 4987 quae
850 4903 1077 4986 recipit
1129 4921 1331 4986 aquas
1362 4950 1384 4982 ,
1445 4903 1828 4985 intelligitur

286 5012 709 5096 congregatio
756 5011 1095 5095 opulentiae
1144 5009 1489 5076 mundanae
1525 5060 1545 5091 ,
1598 5029 1824 5077 secun-

288 5123 449 5189 dum
497 5121 657 5187 illud
683 5120 706 5156 ⁹
754 5142 770 5185 ε
830 5142 862 5182 α
909 5119 1010 5186 Me
1061 5119 1538 5204 dereliquerunt
1586 5121 1826 5188 fontem

354 5322 369 5352 ¹
394 5320 562 5384 Pron„
598 5330 700 5383 vu,
728 5322 810 5372 2¹.
837 5345 902 5359 —
927 5320 947 5351 1
970 5318 1177 5382 matth„
1213 5330 1354 5385 ιιιι,
1390 5323 1467 5371 12.
1501 5345 1564 5358 -
1588 5320 1612 5357 ⁸
1641 5321 1829 5377 Emi„

283 5403 489 5455 xxvnr,
523 5394 602 5443 28.
638 5419 693 5429 —
730 5391 752 5426 δ
789 5393 806 5442 Ι
846 5392 986 5451 θον..
1011 5402 1101 5455 ιν,
1134 5393 1215 5442 24.
1241 5418 1301 5431 -
1336 5393 1358 5428 ⁸
1387 5392 1555 5455 loon„
1585 5404 1656 5457 ιν,
1688 5395 1738 5444 7.
1768 5421 1828 5433 —

286 5465 312 5496 ⁸
333 5463 469 5528 Aca,
495 5473 628 5528 xvn,
653 5467 735 5517 21.
764 5490 827 5505 -
852 5463 877 5501 '¹
900 5462 1036 5516 Psoi.
1067 5473 1254 5528 mm,
1280 5466 1360 5516 ¹5.
1388 5491 1447 5504 —
1483 5462 1508 5501 ⁸
1545 5464 1668 5529 loa..
1698 5478 1828 5531 xxx,

3360 450 3472 513 681

1940 595 2128 662 aquae
2155 576 2327 643 vivae
2345 624 2371 656 ,
2398 580 2464 643 et
2484 576 2783 643 foderunt
2819 576 2943 641 sibi
2958 575 3270 660 ,cisternas
3303 579 3480 646 dissi-

1939 689 2141 768 patas.
2175 705 2206 744 1>
2243 683 2403 749 Rota
2445 683 2676 750 dicitur
2713 683 3080 751 volubilitas
3112 690 3176 750 et
3199 687 3477 753 variabi-

1937 794 2084 859 litas
2109 794 2180 859 in
2207 794 2584 878 possidendo
2609 818 2625 859 :
2653 796 2821 860 unde
2838 796 2960 860 ista
2990 795 3291 862 dicuntur
3311 798 3481 865 bona

1939 903 2237 968 fortunae.
2269 900 2451 967 Tunc
2477 919 2633 983 ergo
2669 904 2810 967 rota
2839 902 3265 985 confringitur
3290 923 3484 989 super

1941 1010 2282 1076 cisternam
2317 1057 2340 1089 ‚
2402 1009 2659 1092 quando
2727 1010 2937 1074 omnis
2999 1029 3146 1094 spes
3206 1012 3481 1079 habendi

1941 1119 2111 1183 bona
2156 1116 2531 1200 temporalia
2567 1117 2896 1183 aufertur:
2936 1119 3108 1201 quod
3151 1118 3482 1203 signatum

1941 1229 2056 1306 est,
2086 1226 2245 1290 dum
2272 1226 2317 1262 ¹⁰
2357 1247 2389 1286 α
2417 1223 2759 1308 respiciens
2785 1212 3096 1290 Dominus
3121 1242 3314 1310 super
3340 1245 3483 1293 cas-

1942 1337 2044 1398 tra
2060 1331 2539 1415 AEgyptiorum‚
2562 1331 2874 1396 subvertit
2892 1334 3062 1398 rotas
3081 1351 3421 1415 curruum,
3442 1358 3475 1396 n

1942 1441 2094 1525 quia
2120 1441 2162 1479 ¹¹
2190 1464 2222 1501 α
2235 1440 2605 1506 substantiae
2632 1440 3004 1523 impiorum,
3034 1440 3200 1507 sicut
3221 1442 3482 1526 fluvius,

1941 1550 2373 1615 siccabuntur.
2398 1572 2431 1610 n
2461 1550 2696 1626 Quinto
2717 1551 2998 1629 notatur,
3028 1551 3348 1634 quomodo
3372 1555 3486 1621 fiet

1941 1659 2208 1730 inflictio
2233 1660 2445 1741 poenae
2460 1707 2480 1739 ,
2514 1676 2666 1723 cum
2696 1658 2848 1723 dicit
2874 1661 2964 1739 (v.
2995 1659 3053 1740 7)
3094 1681 3111 1724 :
3147 1662 3242 1728 Et
3269 1676 3480 1730 rever·

1944 1769 2120 1832 tatur
2144 1766 2363 1849 pulvis
2390 1767 2466 1832 in
2495 1771 2749 1833 terram.
2790 1765 3011 1833 Pulvis
3043 1771 3215 1833 recte
3256 1769 3487 1837 dicitur

1943 1874 2183 1957 impius
2210 1878 2276 1939 et
2298 1877 2610 1958 peccator,
2634 1873 2988 1939 secundum
3013 1873 3174 1939 illud
3193 1880 3243 1917 11
3259 1897 3275 1940 :
3291 1899 3323 1939 α
3341 1876 3488 1943 Non

1944 1980 2035 2044 sic
2061 1980 2281 2063 impii,
2328 1999 2461 2046 non
2515 1981 2607 2046 sic
2638 2000 2657 2061 3
2713 1981 2825 2046 sed
2868 1984 3177 2065 tanquam
3226 1963 3440 2068 pulvis
3461 2035 3483 2068 ,

1944 2106 2141 2173 quem
2165 2088 2421 2171 projicit
2449 2093 2684 2155 ventus
2700 2108 2740 2154 a
2761 2084 2920 2155 facie
2946 2094 3162 2157 terrae.
3192 2114 3226 2154 n
3261 2092 3479 2176 Terra,

1944 2196 2348 2262 obscuritatis
2375 2196 2794 2280 profunditas,
2824 2199 3180 2265 secundum
3208 2199 3366 2267 illud
3393 2204 3482 2271 ¹⁸:

1953 2327 1985 2366 α
2011 2302 2257 2369 Coelum
2283 2321 2569 2385 sursum,
2601 2309 2665 2370 et
2690 2309 2862 2402 terra
2888 2306 3210 2374 deorsum.
3241 2330 3274 2371 x·
3303 2309 3485 2379 Tunc

1945 2429 2106 2495 ergo
2130 2413 2346 2496 pulvis
2380 2413 2463 2477 ad
2506 2417 2743 2478 terram
2791 2416 3139 2482 revertitur
3159 2465 3181 2497 ,
3230 2420 3487 2502 quando

1943 2522 2235 2601 peccator
2260 2521 2332 2583 in
2360 2519 2684 2585 infernum
2709 2520 3037 2588 infernalis
3083 2525 3487 2594 tenebrosita-

1945 2625 2030 2690 tis
2058 2626 2411 2705 recluditur
2438 2629 2485 2669 1·
2515 2646 2533 2692 2
2575 2651 2607 2688 α
2634 2627 2755 2705 Qui
2780 2646 2913 2693 non
2952 2634 3047 2696 est
3074 2632 3378 2700 inventus
3414 2636 3486 2701 in

1943 2734 2111 2800 libro
2137 2735 2291 2801 vitae
2317 2737 2626 2820 scriptus,
2655 2737 2896 2803 missus
2923 2742 3031 2803 est
3071 2740 3142 2806 in
3179 2746 3485 2826 stagnum

1947 2842 2141 2924 ignis.
2166 2863 2198 2902 1>
2229 2842 2424 2908 Sexto
2447 2862 2605 2910 vero
2631 2846 2891 2910 notatur
2910 2893 2931 2924 ,
2961 2849 3282 2930 quomodo
3297 2851 3489 2933 ,iustis

1946 2953 2011 3016 et
2035 2950 2476 3034 spirituatibus
2496 2953 2611 3018 fiet
2652 2952 2903 3018 collatio
2930 2954 3181 3038 gloriae,
3215 2977 3364 3024 cum
3388 2960 3487 3025 di-

1945 3058 2056 3123 cit:
2073 3058 2367 3141 Spiritus
2382 3059 2603 3129 redeat
2615 3061 2705 3129 ad
2716 3062 2944 3143 Deum,
2960 3066 3076 3146 qui
3087 3064 3484 3135 deditillum.

1945 3166 2225 3251 Spiritus
2260 3172 2356 3233 est
2395 3166 2592 3234 homo
2635 3170 2982 3253 spiritualis
2998 3220 3020 3253 ,
3064 3173 3178 3257 qui
3222 3173 3349 3240 Deo
3394 3186 3490 3243 est

1944 3279 2085 3360 conj
2094 3278 2325 3342 unctus
2371 3294 2489 3359 per
2535 3278 2812 3359 gratiam
2843 3279 2890 3319 1·
2924 3301 2942 3344 2
2982 3301 3015 3340 α
3042 3280 3166 3358 Qui
3206 3281 3492 3351 adhaeret

1943 3383 2213 3450 Domino
2229 3433 2246 3466 ,
2292 3403 2464 3451 unus
2512 3386 2774 3469 spiritus
2825 3390 2942 3454 est.
2993 3410 3027 3450 n
3065 3389 3190 3455 Iste
3228 3390 3490 3474 spiritus

1941 3491 2109 3557 redit
2147 3492 2229 3558 ad
2256 3492 2488 3574 Deum,
2520 3512 2650 3559 non
2688 3495 2842 3578 quia
2886 3494 3068 3579 prius
3105 3496 3298 3562 fuerit
3338 3516 3489 3565 cum

1942 3618 2040 3680 eo,
2074 3603 2140 3665 et
2164 3604 2309 3683 post
2333 3603 2699 3682 recesserit,
2726 3621 2878 3668 cum
2903 3604 3082 3672 venit
3107 3605 3189 3671 ad
3214 3623 3449 3691 corpus
3464 3657 3483 3689 ,

1942 3711 2007 3774 et
2029 3708 2102 3773 in
2133 3713 2337 3775 morte
2375 3710 2616 3775 iterum
2660 3711 3004 3778 revertitur
3017 3759 3036 3791 ,
3071 3715 3487 3796 quemadmo-

1943 3816 2100 3881 dum
2129 3816 2336 3884 voluit
2361 3815 2709 3901 Origenes3
2751 3819 2863 3884 sed
2902 3819 3043 3885 ideo
3084 3822 3295 3888 redire
3331 3823 3487 3890 dici-

1940 3928 2073 4005 tur,
2095 3926 2247 4008 quia
2273 3927 2354 3991 ab
2380 3927 2491 3993 illo
2518 3931 2642 4008 est,
2663 3931 2727 3993 et
2752 3946 2867 4012 per
2892 3927 3078 3994 illum
3106 3933 3172 3994 et
3195 3930 3277 3996 ad
3302 3931 3488 3998 illum

1941 4032 2220 4099 finaliter
2263 4035 2594 4101 ordinatur
2641 4057 2658 4102 ι
2704 4039 2770 4101 et
2808 4035 2935 4101 hoc
2973 4035 3234 4120 quidem
3270 4041 3393 4104 erit
3416 4040 3489 4106 in

1942 4140 2153 4225 gloria
2179 4144 2652 4227 postjudicium
2679 4145 2725 4182 ¹⁶
2758 4166 2774 4211 ι
2800 4167 2832 4207 α
2856 4144 3018 4211 Cum
3044 4149 3261 4212 autem
3287 4166 3484 4233 appa-

1941 4251 2147 4317 ruerit
2173 4251 2461 4318 Christus
2496 4253 2631 4319 vita
2672 4256 2886 4322 vestra
2900 4301 2922 4334 ,
2953 4256 3109 4319 tunc
3134 4257 3199 4320 et
3225 4273 3346 4324 vos
3371 4274 3488 4341 ap-

1941 4359 2244 4443 parebitis
2270 4378 2421 4426 cum
2446 4361 2585 4445 ipso
2610 4360 2680 4426 in
2708 4360 2937 4444 gloria.
2966 4382 3000 4422 n

2021 4472 2083 4533 8.
2130 4467 2402 4537 vanitas
2432 4470 2828 4550 vanitatum,
2865 4472 2988 4535 etc.
3036 4469 3216 4537 Sicut
3244 4471 3485 4540 dictum

1940 4575 2060 4640 fuit
2080 4593 2122 4639 a
2143 4575 2456 4660 principio
2476 4577 2651 4658 libri,
2686 4582 2859 4644 totus
2884 4577 3047 4643 liber
3071 4578 3191 4644 iste
3216 4579 3298 4644 ad
3328 4598 3485 4664 pro-

1940 4683 2224 4749 bandum
2236 4703 2435 4750 unam
2445 4685 2944 4769 propositionem
2961 4686 3251 4752 ordinem
3264 4687 3479 4772 babet,

1940 4810 2143 4876 quam
2182 4792 2254 4856 in
2278 4793 2591 4877 principio
2616 4794 2763 4859 libri
2799 4794 3170 4879 proposuit,
3211 4794 3429 4861 dicens
3460 4819 3477 4863 :

1949 4924 1981 4964 α
2022 4899 2283 4967 Vanitas
2326 4901 2687 4970 vanitatum
2702 4950 2725 4983 ,
2774 4900 2934 4967 dixit
2984 4900 3408 4970 Ecclesiastes.
3440 4925 3473 4966 x·

1940 5009 2150 5093 Supra
2175 5010 2465 5077 similiter
2489 5011 2690 5093 dixit,
2720 5011 2786 5076 id
2811 5015 2944 5093 est,
2976 5010 3341 5095 proposuit;
3372 5014 3483 5080 sed

1939 5136 2114 5186 nunc
2153 5118 2332 5189 mit
2367 5118 2817 5202 Ecclesium,
2850 5120 2918 5187 id
2961 5123 3080 5199 est,
3134 5119 3479 5201 conclusit;

1943 5323 2020 5373 14.
2068 5344 2132 5357 —
2182 5320 2202 5350 ⁹
2240 5319 2444 5383 let-em„
2491 5329 2562 5383 1¹,
2609 5321 2686 5371 13.
2724 5345 2787 5358 -
2828 5319 2867 5351 1·
2913 5318 3102 5384 Emd„
3148 5330 3258 5384 xrv,
3301 5321 3381 5373 25.
3423 5345 3486 5361 —

1942 5390 1983 5426 ¹¹
2008 5390 2192 5454 Eccli„
2217 5402 2306 5452 ιι.,
2337 5393 2487 5442 13.-
2510 5391 2551 5429 ¹²
2571 5390 2707 5443 Ptol.
2734 5402 2774 5457 1,
2804 5392 2931 5443 4.-
2954 5390 2992 5423 ¹⁸
3016 5392 3188 5454 Pron„
3215 5403 3342 5458 xxv,
3370 5395 3485 5445 3.-

1944 5464 1982 5496 1·
2008 5467 2185 5533 apoc„
2209 5477 2304 5531 xx,
2334 5467 2413 5520 16.
2436 5491 2497 5509 -
2526 5466 2565 5504 ⁸⁸
2591 5467 2611 5518 ι
2648 5464 2782 5531 σον..
2815 5475 2891 5530 vr,
2917 5465 2996 5520 17.
3014 5490 3080 5506 -
3108 5466 3147 5498 1·
3169 5463 3301 5532 col„
3323 5477 3410 5533 ιιι,
3432 5467 3483 5525 1.
3618 5507 3625 5514 ,
