4196 6294
699 503 780 566 94
1741 481 2426 554 ILLUMINATIONES
2467 481 2866 552 ECCLESIAE

699 634 980 701 cundum
1022 632 1359 699 veritatem
1402 624 1851 695 obscurabitur
1905 637 2021 705 per
2065 637 2244 686 erro·

700 760 860 806 rem.
900 740 1028 805 Alii
1062 744 1280 806 autem
1315 737 1580 803 stabunt
1611 729 1963 807 fortissimi,
2002 727 2121 792 etsi
2147 725 2251 790 vi-

700 850 973 915 deantur
1003 847 1261 913 obscuri
1292 848 1603 929 quantum
1640 840 1722 903 ad
1754 835 2245 920 reputationem.

700 956 817 1021 Hae
852 961 1003 1022 sunt
1030 958 1310 1039 quatuor
1346 952 1537 1017 facies
1563 947 1961 1021 animalium,
1994 945 2057 1007 et
2087 942 2249 1006 duo-

701 1065 909 1131 decim
949 1063 1216 1143 lumina‚
1259 1061 1340 1125 ad
1381 1077 1529 1144 quae
1569 1055 1968 1120 reducuntur
2007 1050 2245 1125 omnia,

703 1192 851 1257 quae
879 1173 947 1237 in
983 1172 1313 1254 Scriptura
1338 1169 1766 1234 continentur.
1860 1250 1863 1251 ⁷

1217 1400 1507 1473 SERMO
1552 1399 1736 1470 XIV.

709 1576 785 1631 De
816 1574 1070 1647 mysterio
1095 1585 1261 1627 sacroe
1288 1568 1578 1640 Scripturoe
1612 1566 1740 1621 ante
1778 1563 1966 1632 leqem,
1994 1559 2088 1616 sub
2120 1560 2248 1629 leqe,

815 1667 866 1720 et
887 1665 1013 1736 post
1037 1663 1220 1734 leyem,
1253 1663 1305 1716 et
1334 1659 1400 1715 de
1425 1657 1612 1731 figuris
1637 1668 1804 1711 sacrae
1832 1652 2149 1723 Scripturas.

788 1828 806 1863 ¹
841 1826 1161 1895 Geminei
1188 1828 1361 1891 terra
1382 1819 1631 1886 herbam
1662 1818 1972 1882 virentem
2003 1813 2251 1891 facien-

710 1940 833 2001 tem
881 1950 1121 2012 semen,
1161 1934 1281 1996 etc.
1331 1928 1577 1992 Dictum
1625 1928 1760 2002 est,
1814 1920 2090 2004 qualiter
2138 1935 2252 2000 per

708 2040 1249 2122 congregationes
1275 2053 1594 2120 aquarum
1640 2029 2093 2111 intelliguntur
2119 2026 2246 2108 spi-

680 2143 967 2214 'rituales
1009 2144 1454 2226 intelligentias
1495 2141 1880 2223 Scripturae3
1916 2135 2106 2199 modo
2151 2134 2246 2198 di-

708 2259 982 2323 cendum
996 2307 1015 2339 ,
1045 2256 1318 2340 qualiter
1356 2271 1472 2337 per
1503 2248 2036 2333 germinationem
2064 2249 2252 2308 terrae

712 2366 1165 2446 intelliguntur
1228 2363 1468 2443 figurae
1532 2341 2043 2422 sacramentales.
2112 2349 2254 2414 Non

709 2472 882 2536 enim
915 2473 1053 2536 sine
1077 2470 1323 2535 ratione
1351 2486 1464 2551 per
1492 2463 2026 2548 germinationem
2059 2462 2252 2523 terrae

708 2580 1086 2662 intelligitur
1113 2578 1437 2661 Scriptura
1461 2591 1657 2654 sacra,
1693 2570 2048 2635 secundum
2077 2565 2252 2650 quod

709 2687 900 2753 habet
944 2688 1189 2769 figuras
1231 2682 1664 2767 germinantes
1678 2728 1700 2759 ,
1742 2681 1806 2742 et
1832 2675 2252 2760 producentes

710 2796 1163 2879 pullulationes
1219 2794 1289 2856 in
1339 2791 1577 2856 anima.
1635 2785 2022 2852 Germinatio
2078 2782 2251 2846 enim

710 2909 899 2970 terrae
927 2907 1023 2969 est
1052 2900 1302 2980 vivida,
1330 2898 1690 2975 uberrima,
1722 2896 2025 2972 venusta,
2056 2897 2120 2956 et
2147 2890 2252 2955 vi-

710 3032 937 3096 gorem
972 3011 1236 3076 habens.
1282 3008 1428 3072 ldeo
1455 3004 1843 3089 perminavit
1893 3006 2065 3067 terra
2108 2999 2249 3064 her-

712 3121 854 3188 bam
899 3121 1247 3197 virentem,
1289 3117 1352 3180 et
1391 3114 1461 3178 in
1498 3113 1622 3177 hoc
1667 3108 2049 3187 ostenditur,
2082 3103 2254 3188 quod

712 3234 1108 3295 sacramenta
1134 3225 1482 3308 Scripturae
1499 3270 1518 3300 ,
1551 3237 1699 3304 quae
1726 3216 2006 3283 exterius
2034 3213 2254 3279 viden-

712 3343 819 3403 tur
855 3337 1065 3418 arida,
1096 3335 1270 3398 intus
1296 3332 1447 3396 sunt
1461 3329 1637 3394 viva.
1670 3325 1748 3390 Et
1782 3325 1905 3387 hoc
1932 3321 2094 3386 dixit
2121 3318 2254 3384 Sal-

710 3449 893 3514 vator
909 3443 1146 3509 Judaeis
1171 3443 1194 3476 ¹
1226 3462 1242 3504 ι
1283 3463 1314 3501 α
1341 3434 1732 3502 Scrutamini
1758 3432 2120 3514 Scripturas
2135 3477 2157 3509 ,
2182 3429 2253 3492 in

710 3554 947 3638 quibus
973 3568 1091 3618 vos
1109 3547 1342 3633 putatis
1354 3546 1553 3612 vitam
1569 3542 1831 3606 habere.
1857 3562 1887 3599 ι)
1911 3537 2101 3602 Nulla
2128 3536 2254 3600 alia

711 3661 1024 3745 scriptura
1050 3657 1249 3722 vitam
1276 3653 1415 3731 dat,
1441 3650 1566 3714 nisi
1590 3649 1751 3713 haec.
1786 3644 1967 3710 Unde
1989 3643 2012 3679 ⁸
2043 3664 2058 3707 :
2095 3666 2127 3704 α
2152 3640 2254 3708 Vi-

711 3770 898 3836 viflca
944 3784 1049 3832 me
1094 3760 1447 3828 secundum
1495 3756 1823 3839 eloquium
1869 3757 2078 3818 tuum.
2112 3772 2143 3809 n
2176 3749 2253 3815 Et

710 3876 939 3942 Petrus
966 3868 990 3915 ’ἱ
1020 3895 1037 3938 :
1077 3896 1108 3934 α
1135 3869 1399 3935 Domine
1417 3915 1435 3945 ,
1464 3865 1548 3931 ad
1577 3880 1773 3947 quem
1796 3860 2032 3926 ibimus
2050 3861 2082 3923 ⁴?
2116 3876 2256 3923 ver-

711 3984 793 4048 ba
821 3981 971 4046 vitae
1000 3982 1257 4044 aeternae
1295 3974 1514 4038 habes.
1548 3993 1580 4031 u
1618 3968 1797 4034 Unde
1837 3985 1967 4031 non
1993 3970 2146 4029 sunt
2171 3966 2249 4028 fl-

711 4106 900 4172 gurae
954 4086 1179 4165 aridae,
1234 4081 1387 4166 quia
1438 4080 1508 4143 in
1562 4076 1748 4143 nobis
1793 4078 1945 4138 sunt
1985 4091 2102 4156 per
2149 4090 2255 4136 eas

710 4194 1209 4279 germinationes
1244 4190 1436 4255 vivae.
1476 4186 1556 4252 Et
1592 4185 1664 4248 in
1701 4183 2145 4249 Ecclesiastico
2178 4187 2200 4222 ⁸
2232 4203 2247 4245 ε

718 4329 750 4367 α
804 4302 1085 4368 Gratiam
1138 4301 1205 4363 et
1266 4295 1542 4380 speciem
1601 4289 1983 4356 desiderabit
2030 4288 2257 4353 oculus

710 4419 894 4492 tuus,
933 4413 997 4476 et
1036 4423 1224 4489 super
1261 4404 1383 4468 hoc
1427 4400 1662 4468 virides
1700 4398 1994 4463 sationes.
2027 4417 2059 4457 n
2095 4396 2255 4460 Item

711 4518 1097 4607 germinatio
1142 4520 1238 4580 est
1279 4512 1608 4577 uberrima
1630 4515 1652 4550 ⁸
1687 4527 1705 4572 z
1745 4531 1775 4567 α
1801 4506 2080 4570 visitasti
2119 4511 2253 4570 ter-

707 4650 879 4711 ram,
910 4633 973 4693 et
1001 4621 1328 4690 inebriasti
1357 4637 1538 4697 eam,
1566 4638 1596 4677 n
1632 4620 1751 4680 etc.
1785 4637 1817 4677 α
1841 4613 2113 4678 Flumen
2141 4612 2249 4677 Dei

705 4739 1021 4823 repletum
1058 4735 1156 4798 est
1182 4728 1399 4814 aquiS,
1428 4749 1459 4788 ι)
1491 4728 1612 4789 etc.
1654 4746 1685 4786 α
1712 4721 1792 4786 Et
1824 4720 2022 4785 valles
2047 4721 2251 4784 abun-

707 4849 954 4914 dabunt
978 4842 1325 4907 frumento.
1355 4858 1387 4897 n
1421 4835 1573 4900 Haec
1599 4836 1774 4896 terra
1801 4829 2006 4907 vivit,
2034 4828 2249 4909 viget,

708 4956 1008 5023 abundat.
1040 4948 1373 5017 Uberrima
1399 4947 1496 5009 est
1530 4958 1707 5006 sacra
1746 4937 2110 5020 Scriptura,
2140 4955 2255 5020 per

706 5064 830 5129 hoc
871 5060 1045 5145 quod
1071 5058 1239 5123 Deus
1280 5051 1495 5116 visitat
1529 5065 1672 5112 eam
1714 5064 1838 5134 ‚sua
1875 5043 2211 5108 influentia
2231 5091 2250 5124 ,

707 5171 1059 5256 producens
1073 5162 1527 5251 pullulationes
1538 5156 1917 5225 uberrimas.
1934 5156 1956 5190 ⁷
1981 5177 2013 5216 «ι
2025 5152 2247 5232 Terra,

775 5372 952 5437 ¹Gen.,
979 5383 1018 5436 1,
1048 5372 1128 5420 11.
1156 5391 1216 5406 -
1243 5366 1267 5399 ⁸
1288 5364 1456 5422 loun„
1482 5370 1534 5422 v,
1562 5359 1641 5409 39.
1666 5385 1721 5395 -
1749 5356 1773 5392 ⁸
1797 5354 1933 5407 Psal.
1959 5366 2139 5420 cxvul,
2171 5356 2250 5404 5⁰.

706 5473 769 5488 ...
794 5447 812 5478 ⁴
835 5447 998 5509 ιαμ,
1022 5454 1099 5504 v1‚
1125 5443 1202 5491 69.
1238 5462 1302 5476 -
1333 5435 1357 5470 ⁸
1389 5430 1562 5494 Eccli„
1586 5441 1674 5495 ιι,
1700 5431 1782 5480 22.
1805 5453 1871 5466 -
1897 5429 1917 5460 ⁶
1938 5427 2078 5479 Peal.
2110 5436 2251 5490 mv,

709 5524 786 5583 10,
821 5519 901 5570 u.
924 5542 987 5557 ·-
1018 5516 1031 5547 ¹
1056 5514 1280 5570 Denter„
1304 5519 1380 5570 xl,
1403 5507 1480 5569 10,
1514 5507 1593 5554 11.
1615 5526 1679 5540 -
1702 5500 1726 5535 ⁸
1748 5502 1972 5564 Denter„
1996 5511 2178 5563 xxxn,
2203 5500 2254 5561 ι,

2352 637 2547 702 quam
2574 619 2842 684 intrabis
2879 620 3326 704 possidendam
3353 666 3370 696 ,
3414 637 3549 684 non
3595 623 3690 684 ed
3734 617 3899 684 sicut

2355 730 2524 792 terra
2563 726 2825 811 AEgypti
2852 775 2870 806 ,
2917 746 3066 812 quae
3106 729 3459 810 irrigatur;
3502 727 3613 792 sed
3655 728 3734 792 de
3766 745 3896 794 coe-

2352 833 2448 913 lo,
2477 857 2509 895 n
2541 840 2658 899 etc.
2691 833 2833 899 Non
2869 836 3043 900 enim
3073 840 3168 901 est
3201 836 3368 900 sicut
3391 838 3641 899 caeterae
3683 834 3892 899 scien·-

2354 941 2501 1020 tiae3
2538 943 2649 1007 sed
2675 962 2818 1008 eam
2852 942 3017 1007 Deus
3045 944 3279 1009 visitat.
3309 944 3332 978 ⁸
3367 965 3398 1003 α
3429 942 3698 1006 Attende
3716 990 3738 1021 ,
3768 960 3898 1008 coe-

2354 1050 2492 1115 lum
2515 1100 2533 1130 ,
2584 1054 2649 1115 et
2691 1044 2910 1115 audiat
2953 1055 3162 1130 terra;
3208 1054 3613 1128 concrescat,
3644 1054 3716 1114 ut
3754 1049 3900 1133 plu-

2356 1158 2463 1223 via
2487 1206 2508 1238 ,
2538 1158 2824 1223 doctrina
2854 1176 3039 1222 mea:
3081 1159 3269 1237 ssuat,
3303 1161 3377 1222 ut
3420 1175 3528 1221 ros
3569 1157 3898 1240 eloquium

2356 1283 2600 1329 meum.
2661 1264 2850 1341 Quasi
2882 1265 3090 1328 imber
3131 1282 3322 1347 super
3362 1263 3629 1328 herbam
3651 1314 3668 1343 ,
3705 1285 3736 1322 n
3774 1268 3894 1329 etc.

2356 1370 2545 1435 Recte
2566 1370 2684 1435 iste
2711 1374 2806 1435 est
2832 1388 2939 1434 ros
2961 1393 2978 1449 ;
3010 1371 3344 1434 influentia
3371 1373 3598 1451 gratiae
3626 1369 3900 1452 Spiritus

2355 1479 2555 1542 sancti
2574 1526 2593 1557 ,
2623 1478 2737 1561 qui
2763 1477 2975 1542 visitet
3000 1478 3424 1560 Scripturam,
3458 1481 3522 1541 et
3552 1478 3620 1538 in
3647 1496 3774 1560 qua
3802 1478 3898 1541 in-

2356 1586 2576 1650 venies
2602 1586 2909 1650 fructum.
2943 1585 3121 1650 Unde
3146 1586 3420 1650 dicitur⁹
3449 1608 3466 1649 ι
3501 1609 3532 1646 α
3560 1585 3716 1649 Ecce
3742 1586 3900 1649 odor

2356 1691 2470 1754 filii
2524 1693 2695 1771 mei,
2735 1693 2900 1757 sicut
2938 1693 3095 1757 odor
3137 1693 3283 1774 agri
3327 1692 3522 1775 pleni.
3573 1714 3605 1753 n
3662 1692 3819 1757 ltem
3877 1714 3891 1755 ι
4007 1742 4017 1753 .

2365 1821 2396 1859 α
2423 1797 2535 1863 Det
2561 1799 2675 1864 tibi
2706 1799 2872 1864 Deus
2910 1799 2988 1864 de
3022 1818 3165 1864 rore
3193 1798 3373 1879 coeli,
3405 1804 3470 1864 et
3503 1800 3582 1864 de
3617 1800 3900 1882 pingue-

2356 1907 2508 1971 dine
2535 1911 2722 1972 terrae
2747 1907 3226 1973 abundantiam.
3263 1930 3295 1968 n
3331 1908 3452 1973 Iste
3486 1906 3677 1972 Jacob
3703 1908 3900 1975 bene-

2355 2014 2569 2079 dicens
2597 2020 2692 2079 est
2733 2014 3057 2098 Scriptura
3102 2032 3316 2095 sacra,
3344 2015 3450 2081 vel
3473 2016 3576 2081 vir
3604 2016 3900 2098 spiritua-

2352 2122 2436 2186 lis
2461 2123 2528 2186 in
2575 2142 2651 2188 ea
2678 2123 2928 2203 doctuS,
2968 2141 3050 2186 ex
3088 2140 3217 2205 quo
3255 2123 3412 2187 odor
3442 2124 3756 2206 procedit,
3786 2126 3896 2206 qui

2359 2248 2475 2314 per
2502 2230 2898 2313 Scripturam
2924 2230 3206 2294 abundat
3232 2230 3491 2294 cuilibet
3517 2230 3894 2312 intellectui3

2355 2338 2693 2404 fructificat
2712 2343 3029 2421 quantum
3047 2338 3126 2402 ad
3149 2337 3526 2420 allegoriam
3548 2360 3579 2398 α
3609 2338 3898 2402 frumen-

2356 2446 2448 2524 ti;
2495 2466 2526 2505 n
2589 2448 2902 2527 quantum
2947 2445 3026 2509 ad
3079 2445 3505 2528 tropologiam
3577 2469 3608 2506 α
3640 2446 3778 2510 vini
3809 2468 3824 2511 ε
3856 2470 3886 2507 υ

2358 2558 2674 2637 quantum
2710 2552 2792 2617 ad
2835 2552 3200 2633 analogiam
3260 2576 3291 2614 α
3316 2552 3441 2616 olei
3470 2572 3487 2618 ε
3519 2574 3551 2612 n
3585 2553 3738 2634 quia
3781 2553 3900 2618 iste

2359 2679 2580 2725 sensus
2607 2664 2703 2724 est
2728 2659 3018 2742 superior
3043 2657 3186 2721 aliis
3202 2707 3220 2739 ,
3254 2658 3416 2722 sicut
3441 2659 3654 2724 oleum
3686 2662 3896 2724 omni-

2358 2768 2482 2833 bus
2534 2766 2890 2850 liquoribus
2944 2769 3336 2848 supernatat.
3401 2764 3559 2829 Item
3611 2764 3754 2830 'naec
3806 2771 3901 2831 est

2361 2873 2748 2957 germinatio
2776 2876 3066 2937 venusta.
3098 2871 3339 2936 Verum
3380 2876 3504 2952 est,
3550 2873 3722 2957 quod
3763 2873 3902 2956 ipsa

2359 2982 2734 3048 scabrositas
2777 2979 3056 3045 exterior
3097 2980 3244 3043 facit
3278 2997 3420 3043 eam
3462 2980 3750 3062 reputari
3790 2981 3902 3045 de·

2358 3090 2662 3168 formem3
2693 3091 2757 3153 et
2799 3095 3017 3152 tamen
3056 3104 3138 3152 ex
3184 3086 3304 3150 hoc
3334 3089 3430 3151 est
3469 3084 3902 3169 pulcherrima

2358 3201 2420 3261 et
2459 3197 2757 3280 speciosa.
2792 3197 2836 3231 ¹⁰
2873 3194 3125 3275 «Nigra
3152 3213 3337 3273 sum,
3377 3195 3486 3258 sed
3528 3195 3830 3257 formosa.
3861 3216 3892 3255 n

2357 3301 2536 3369 Unde
2550 3303 2782 3368 dicitur
2806 3303 2878 3366 in
2904 3302 3126 3368 Genesi
3144 3303 3185 3342 ¹¹
3219 3323 3233 3366 ε
3263 3325 3294 3361 α
3312 3300 3713 3366 Plantaverat
3737 3302 3903 3366 Deus

2357 3411 2725 3496 paradisum
2753 3408 3098 3492 voluptatis
3121 3428 3161 3472 a
3183 3408 3518 3491 principi0‚
3541 3409 3612 3471 in
3640 3427 3770 3492 quo
3795 3426 3904 3492 po·

2358 3521 2489 3584 suit
2514 3520 2843 3584 hominem
2882 3536 3079 3601 quem
3113 3517 3433 3581 formavit.
3463 3516 3903 3600 Produxitque

2359 3627 2666 3692 Dominus
2688 3627 2854 3692 Deus
2880 3644 3071 3691 omne
3107 3625 3367 3706 lignum
3392 3623 3901 3707 pulcherrimum

2359 3737 2527 3816 visu,
2554 3743 2617 3800 et
2636 3738 2717 3801 ad
2742 3735 3127 3801 vescendum
3154 3751 3374 3797 suave.
3405 3730 3692 3822 Lignum
3710 3733 3903 3797 etiam

2358 3844 2511 3909 vitae
2540 3845 2607 3908 in
2640 3844 2851 3908 medio
2874 3841 3173 3926 paradisi,
3202 3841 3464 3922 lignum
3480 3840 3675 3905 etiam
3702 3840 3906 3904 scien-

2359 3951 2466 4015 tiae
2480 3951 2633 4014 boni
2652 3954 2716 4016 et
2727 3950 2903 4014 mali.
2920 3972 2951 4010 n
2977 3949 3097 4013 Per
3110 3948 3295 4030 ligna
3304 3947 3528 4011 suavia
3536 3949 3600 4010 et
3616 3945 3901 4028 pulchra,

2359 4058 2817 4141 intelliguntur
2900 4061 3296 4121 sacramenta
3370 4054 3848 4137 Scriptum-um
3876 4103 3900 4134 ,

2360 4184 2508 4248 quae
2535 4183 2844 4248 magnam
2857 4165 3096 4229 habent
3107 4162 3673 4246 pulchritudinem
3690 4167 3907 4227 tamen

2361 4293 2494 4339 non
2520 4276 2828 4358 apparent
2853 4273 3125 4357 pulchra
3142 4321 3160 4352 ,
3190 4272 3316 4335 nisi
3345 4290 3429 4337 ex
3465 4273 3906 4336 conformitate

2358 4382 2874 4466 repraesentantis
2897 4382 2983 4446 ad
3024 4385 3511 4465 repraesentata3
3544 4384 3763 4446 tamen
3790 4381 3906 4444 ista

2360 4494 2541 4576 ligna
2572 4496 2725 4557 sunt
2767 4491 3069 4575 pulchra,
3096 4494 3161 4554 et
3197 4489 3389 4553 etiam
3425 4490 3735 4553 ordinata.
3777 4488 3902 4552 Pu-

2360 4606 2500 4666 tant
2543 4599 2776 4684 aliqui,
2819 4599 2990 4681 quod
3032 4598 3152 4662 ista
3200 4601 3621 4678 sacramenta,
3664 4603 3727 4660 et
3764 4595 3906 4660 haec

2363 4710 2679 4792 scriptura
2693 4757 2711 4790 ,
2739 4709 2826 4771 ita
2854 4708 2935 4770 sit
2962 4708 3196 4789 posita,
3231 4712 3306 4771 ut
3329 4707 3522 4771 homo
3550 4706 3732 4789 ponit
3757 4723 3907 4771 sen-

2360 4820 2626 4883 tentiam
2675 4821 2820 4899 post
2853 4817 3234 4881 sententiam
3250 4863 3270 4895 ,
3305 4817 3416 4899 qui
3454 4814 3694 4878 litteras
3731 4814 3901 4878 facit.

2359 4924 2503 4994 Non
2529 4931 2625 4990 est
2648 4926 2738 4989 ita
2760 4973 2778 5003 ,
2809 4926 2964 5007 quia
3001 4925 3467 4990 ordinatissima
3503 4926 3630 5003 est,
3660 4925 3725 4987 et
3750 4919 3906 4987 ordo

2360 5035 2500 5115 eius
2529 5030 2880 5096 consimilis
2907 5033 3000 5095 est
3026 5031 3237 5094 ordini
3264 5036 3544 5108 naturae,
3573 5028 3644 5091 in
3669 5027 3906 5109 germi-

2359 5141 2621 5205 natione
2645 5143 2856 5224 terrae.
2893 5138 2988 5204 Ibi
3027 5139 3201 5204 enim
3238 5143 3333 5204 est
3373 5137 3580 5222 primo
3611 5137 3769 5201 fixio
3796 5155 3900 5203 ra-

2360 5248 2615 5327 dicum;
2649 5247 2927 5313 secundo
2971 5246 3303 5330 productio
3348 5245 3766 5312 viridantium
3805 5245 3903 5311 fo-

2359 5415 2408 5463 2.
2433 5439 2489 5536 -ἑ-
2509 5412 2705 5536 ⁹tGen„
2729 5424 2895 5478 xxvn,
2920 5415 3000 5478 27,
3026 5415 3107 5464 28.
3126 5439 3187 5453 —
3213 5411 3252 5446 ¹⁰
3277 5411 3447 5473 Cant„
3473 5421 3510 5474 1,
3534 5411 3582 5460 4.
3603 5434 3665 5447 —
3691 5411 3728 5447 ¹¹
3757 5410 3901 5477 Gen„

2364 5499 2421 5550 11,
2503 5498 2531 5535 e
2581 5498 2690 5550 seq.
2865 5522 2880 5530 -
