4196 6294
707 577 1005 639 debellare
1055 580 1333 660 volentia.
1383 584 1514 641 Haec
1559 582 1646 640 est
1681 578 1918 654 petitio,
1965 592 2100 652 quae
2143 591 2252 650 per

703 691 950 734 manum
963 675 1282 734 voluntatis
1296 676 1618 751 porrigitur
1641 678 1778 733 Deo.
1804 676 1875 730 At
1897 672 2252 746 priusquam

702 770 807 829 fiat
842 770 967 828 haec
1001 771 1325 842 porrectio,
1356 773 1588 845 oportet
1626 768 1702 826 de
1741 769 1991 840 AEgypto
2024 765 2253 838 legatos

700 864 937 936 venire,
965 863 1029 921 id
1057 870 1169 936 est,
1198 864 1605 923 meditationes
1633 863 1709 920 de
1737 860 1994 919 tenebris
2031 859 2251 917 infide-

703 958 877 1017 litatis
900 959 1140 1033 prodire
1155 1002 1170 1027 ,
1200 962 1260 1017 et
1283 959 1637 1032 AEthiopiam
1662 955 1987 1033 proevenire
1999 998 2018 1027 ,
2047 954 2111 1012 id
2145 956 2251 1023 est,

702 1055 1057 1113 memoriam
1098 1056 1421 1113 tenebrosae
1461 1052 1784 1128 iniquitatis
1825 1050 2054 1126 praeire.
2096 1048 2251 1119 Quid

700 1148 948 1222 praeire?
981 1167 1011 1201 «
1039 1150 1238 1206 Manus
1274 1149 1400 1222 ejus
1428 1152 1578 1219 De0,
1606 1168 1635 1202 »
1668 1147 1731 1204 id
1761 1148 2121 1217 est,'manus
2146 1157 2251 1222 vo-

702 1242 974 1308 luntatiS,
1011 1258 1119 1316 per
1162 1258 1312 1316 quas
1351 1241 1552 1315 petitio
1593 1239 1817 1316 porrigi
1859 1237 2038 1296 debet
2079 1240 2198 1294 Deo
2231 1254 2246 1293 z

704 1337 846 1411 quia
883 1337 1175 1411 praedictae
1209 1337 1744 1412 praemeditationes
1784 1338 1919 1391 sunt
1951 1332 2251 1407 petitionis

702 1431 858 1488 illius
893 1431 1127 1505 praeviae
1154 1433 1433 1489 rationes.
1475 1435 1617 1489 Ecce
1653 1427 1974 1504 praeventio
2001 1426 2252 1484 medita-

701 1525 876 1582 tionis
913 1542 1024 1600 per
1057 1525 1218 1583 viam
1257 1524 1743 1600 compunctionis,
1794 1522 2064 1581 Secunda
2102 1537 2252 1595 prae-

702 1621 900 1678 ventio
938 1620 1271 1691 denotatur,
1309 1619 1416 1677 ubi
1455 1618 1666 1676 dicitur
1696 1622 1740 1689 ¹,
1780 1616 1946 1692 quod
1990 1615 2252 1690 epistoloe

703 1716 837 1769 sunt
861 1712 1052 1770 missae
1077 1728 1186 1788 per
1211 1713 1581 1784 veredariOS‚
1613 1711 1715 1786 qui
1742 1727 1851 1785 per
1877 1726 2084 1768 omnes
2111 1727 2253 1785 pro-

701 1805 928 1865 vincias
950 1807 1362 1878 discurrenteS‚
1390 1810 1618 1866 veteres
1654 1807 1875 1864 litteras
1897 1805 2072 1863 novis
2101 1820 2250 1861 nun-

702 1900 794 1958 tiis
822 1901 1231 1975 praevenirent.
1262 1902 1351 1959 Sic
1379 1902 1770 1976 praeveniunt,
1806 1900 1910 1975 qui
1932 1899 2254 1974 provident

703 1996 986 2054 salutares
1026 1996 1282 2054 cautelas
1319 2001 1524 2054 contra
1566 1994 1836 2053 fidelium
1875 1993 2251 2051 damnabiles

703 2090 1085 2164 corruptelas.
1111 2093 1254 2148 Ecce
1272 2091 1591 2164 praeventio
1610 2086 2128 2164 praemeditationis
2144 2103 2252 2160 per

702 2184 860 2241 viam
897 2184 1343 2258 compassionis.
1383 2185 1572 2243 Tertia
1606 2181 1928 2259 praeventio
1970 2184 2252 2239 connota-

703 2283 798 2336 tur
841 2278 905 2336 in
938 2278 1044 2336 illo
1084 2279 1272 2337 verbo
1308 2279 1657 2354 prophetico
1683 2277 1743 2336 ¹:
1781 2297 1810 2332 α
1840 2279 2251 2336 Praevenerunt

701 2373 998 2448 principes
1040 2373 1336 2446 conjuncti
1380 2372 1812 2446 psallentibus:
1857 2393 1886 2426 ιι
1921 2372 2064 2446 quia
2106 2386 2248 2429 con-

701 2467 1057 2542 templativae
1087 2472 1315 2526 mentes
1352 2466 1414 2524 in
1452 2466 1752 2525 canonicis
1780 2466 2061 2525 laudibus
2096 2482 2249 2541 proe-

698 2561 1015 2620 veniuntur
1077 2561 1413 2636 frequenter
1466 2560 1749 2633 angelicis
1804 2559 2249 2619 illuminationi-

699 2654 835 2726 buS,
855 2654 1025 2727 juxta
1047 2654 1196 2714 illud
1230 2656 1531 2729 Prophetae
1560 2658 1582 2692 ⁸
1608 2673 1622 2712 ε
1661 2674 1690 2709 α
1717 2656 1970 2713 Psallam
2002 2660 2060 2714 et
2083 2653 2249 2713 intel-

699 2749 884 2821 ligam
919 2747 983 2805 in
1023 2748 1124 2806 via
1168 2748 1577 2818 immaculata,
1619 2749 1865 2823 quando
1914 2749 2117 2807 venies
2166 2748 2247 2807 ad

698 2856 815 2897 me.
860 2859 890 2893 n
933 2844 1075 2899 Ecce
1118 2843 1440 2916 praeventio
1487 2842 1884 2901 meditationis
1929 2857 2038 2916 per
2083 2841 2246 2899 viam

698 2934 1119 2993 consolationis
1145 2937 1241 2994 vel
1273 2937 1683 2996 consolatoriae
1712 2935 2180 2995 illuminationis.

1167 3095 1453 3154 Articulus
1489 3095 1770 3153 secundus.

769 3225 847 3280 De
892 3222 1155 3281 secundo
1202 3221 1620 3293 subscribitur,
1664 3237 1801 3279 cum
1841 3220 2243 3296 sequitur21n

696 3320 1031 3374 maturitate.
1062 3319 1191 3375 Haec
1208 3316 1512 3374 maturitas
1542 3319 1629 3374 est
1656 3315 2119 3374 conversationis
2137 3316 2244 3375 ho-

695 3417 916 3485 nestas,
945 3411 1073 3469 haec
1101 3415 1187 3470 est
1213 3410 1288 3469 de
1331 3426 1455 3486 qua
1481 3411 1789 3483 cogitavit,
1819 3410 1959 3468 etin
1985 3426 2108 3485 qua
2138 3427 2240 3469 co-

695 3506 917 3581 gitavit.
953 3509 1030 3562 De
1058 3504 1390 3563 maturitate
1415 3504 1655 3577 cogitat,
1679 3504 1783 3578 qui
1800 3507 1998 3579 partes
2020 3508 2078 3562 et
2104 3520 2243 3577 pro-

695 3603 968 3676 prietates
997 3600 1125 3672 ejus
1153 3599 1502 3657 considerat.
1536 3602 1597 3656 ln
1630 3597 1961 3657 maturitate
2001 3598 2241 3671 cogitat,

695 3695 798 3769 qui
827 3694 1146 3769 potentias,
1181 3695 1237 3750 et
1274 3691 1687 3767 dispositiones
1727 3692 1854 3764 ejus
1883 3692 2236 3750 considerat.

694 3792 760 3847 Et
785 3793 928 3847 nota
961 3786 1251 3861 triplicem
1283 3786 1609 3860 potentiam
1636 3785 1972 3843 ordinatam
2001 3784 2081 3843 ad
2107 3802 2238 3844 mo-

693 3884 833 3942 ralis
855 3881 1203 3939 maturitatis
1221 3879 1575 3953 elegantiam
1597 3899 1611 3937 :
1637 3879 1908 3938 videlicet
1923 3884 2237 3953 remotam,

693 3976 1117 4051 propinquam,
1132 3974 1488 4050 proximam.
1508 3974 1618 4045 Qui
1643 3977 1872 4032 tantum
1886 3975 1948 4031 in
1974 3975 2240 4049 potentia

692 4073 920 4130 remota
972 4072 1140 4139 sunt,
1190 4068 1588 4126 assimilantur
1631 4071 1797 4126 terrae
1837 4069 2235 4142 nascentibuS,

692 4182 826 4238 quae
859 4163 1180 4232 virescunt,
1230 4166 1288 4220 et
1328 4178 1543 4236 parum
1591 4166 1887 4232 crescunt,
1933 4165 2078 4237 quia
2123 4164 2237 4222 cito

692 4261 1078 4317 marcescunt.
1110 4257 1221 4327 Qui
1247 4257 1445 4314 solum
1480 4256 1543 4312 in
1573 4255 1914 4331 propinqua
1959 4260 2117 4330 sunt,
2145 4274 2238 4315 as-

693 4353 1027 4411 similantur
1072 4355 1241 4409 terrae
1284 4349 1689 4420 nascentibuS,
1741 4366 1876 4423 quse
1918 4351 2237 4424 virescunt,

693 4449 831 4508 satis
859 4450 1147 4520 crescunt,
1178 4447 1283 4505 sed
1320 4462 1444 4505 non
1484 4449 1883 4504 maturescunt
1894 4465 1912 4517 3
1948 4448 2239 4520 quoniam

692 4547 983 4614 arescunt,
1007 4543 1106 4600 vel
1130 4544 1491 4615 putrescunt.
1516 4540 1625 4609 Qui
1652 4542 1852 4597 autem
1873 4539 1938 4597 in
1962 4542 2240 4615 proxima

692 4641 850 4707 sunt,
891 4635 1290 4695 assimilantur
1331 4638 1500 4693 terrae
1542 4633 1938 4706 nascentibuS,
1983 4652 2117 4710 quae
2144 4638 2236 4694 vi-

692 4734 954 4802 rescunt,
1013 4734 1308 4800 crescunt,
1355 4732 1413 4787 et
1456 4728 1633 4787 etiam
1693 4732 2110 4787 maturescunt.
2156 4734 2233 4789 De

691 4826 887 4901 primo
915 4827 937 4861 ⁸
965 4843 979 4881 :
1018 4842 1047 4878 α
1073 4823 1228 4881 Facti
1256 4826 1390 4880 sunt
1416 4822 1586 4897 quasi
1613 4821 1843 4879 soenum
1871 4823 2023 4896 agri,
2054 4826 2115 4880 et
2145 4824 2235 4881 vi-

690 4936 826 4979 rens
852 4918 1042 4976 herba
1066 4921 1385 4988 tectorum,
1436 4933 1570 4989 quae
1609 4915 1867 4975 arefacta
1913 4921 2028 4989 est,
2066 4922 2235 4976 ante-

691 5030 875 5088 quam
900 5012 1127 5070 veniret
1154 5011 1233 5069 ad
1260 5009 1653 5069 maturitatem
1684 5029 1699 5068 ε
1730 5029 1759 5065 »
1793 5027 1926 5070 ecce
1968 5012 2236 5086 potentia

692 5106 1039 5165 maturitatis
1083 5108 1329 5163 remota.
1382 5108 1459 5162 De
1504 5105 1768 5163 secundo
1796 5106 1818 5140 ¹⁵
1849 5124 1863 5163 :
1901 5126 1930 5159 α
1957 5105 2074 5165 Erit
2116 5106 2228 5165 flos

691 5200 975 5260 decidens
1005 5197 1207 5273 gloriae
1235 5199 1606 5258 exultationis
1635 5200 1783 5272 eJ'uS,
1812 5201 1916 5275 qui
1939 5203 2027 5258 est
2051 5217 2229 5275 super

759 5329 773 5358 t
799 5324 966 5389 Beth„
1000 5336 1125 5389 vm,
1168 5329 1246 5379 to.
1274 5353 1335 5364 —
1376 5328 1400 5361 ¹
1428 5325 1567 5377 Psat.
1602 5338 1775 5390 uvn,
1812 5328 1892 5377 26.
1924 5352 1989 5364 —
2030 5326 2049 5356 ³
2084 5326 2230 5377 Psal.

690 5413 747 5462 e,
787 5406 834 5449 2.
862 5424 925 5437 —
962 5397 976 5427 ⁸
1023 5398 1084 5449 Ν
1121 5398 1257 5462 Req„
1292 5410 1406 5459 xix,
1448 5399 1527 5448 26.
1557 5424 1619 5438 --
1652 5398 1673 5434 ⁸
1707 5398 1828 5461 lm„
1865 5409 2056 5461 xxvm,
2094 5401 2141 5449 4.
2169 5424 2230 5437 -

1740 438 2155 507 EXPOSITIO
2201 437 2283 504 IN
2324 437 2854 505 PSALTERIUM.

2355 576 2636 634 verticem
2661 575 2838 634 vallis
2863 576 3195 650 pinguium,
3235 576 3406 652 quasi
3445 579 3877 652 temporaneum

2357 673 2492 728 ante
2519 670 2912 729 maturitatem
2937 671 3248 730 autumni:
3278 692 3308 726 ι)
3343 687 3475 729 ecce
3493 671 3753 745 potentia
3766 687 3877 729 ma-

2357 764 2603 822 turitatis
2628 764 2988 839 propinqua.
3035 770 3115 824 De
3156 765 3327 823 tertio
3364 765 3558 838 agitur
3583 765 3646 822 in
3670 781 3876 841 propo·

2357 859 2491 930 sito,
2517 858 2580 916 in
2603 875 2725 933 quo
2746 858 2964 933 petitur
2988 858 3338 918 maturitatis
3362 858 3661 934 perfectio.

2866 1019 3148 1077 Articulus
3187 1023 3397 1077 tertius.

2428 1144 2506 1199 De
2525 1142 2696 1201 tertio
2753 1143 3171 1217 conscribitur,
3211 1161 3350 1203 cum
3384 1144 3745 1203 connectitur
3776 1163 3790 1202 ε
3817 1151 3879 1203 Εε

2357 1237 2604 1293 clamavi.
2639 1237 2857 1306 Quaeris
2901 1255 3022 1313 quo
3066 1239 3294 1297 modo‘?
3337 1240 3485 1297 Sane
3515 1239 3765 1297 orand0.
3801 1240 3881 1297 Sic

2357 1330 2590 1402 clamat,
2622 1331 2725 1404 qui
2753 1336 2929 1389 amat.
2959 1333 3122 1391 Unde
3152 1333 3503 1404 notandum,
3536 1333 3705 1409 quod
3747 1332 4055 1402 sicutimn,

2357 1423 2641 1497 contingit
2667 1424 2966 1499 tripliciter
2993 1442 3216 1497 amare,
3241 1427 3459 1485 scilicet
3478 1428 3694 1498 calide,
3709 1430 3880 1498 acute,
3906 1414 4059 1531 ’ῑᾙ

2357 1531 2427 1574 ac
2455 1516 2887 1591 superfervide3
2932 1519 3016 1577 sic
3054 1521 3338 1593 contingit
3380 1521 3637 1579 clamare
3668 1522 3889 1594 triplici·
3909 1539 4001 1582 mer.

2357 1612 2464 1683 ter,
2492 1611 2768 1669 videlicet
2792 1612 3093 1684 instanter,
3136 1613 3381 1686 fortiter,
3412 1615 3788 1672 incessanter.
3818 1618 3884 1672 De

2354 1704 2551 1778 primo
2578 1703 2599 1738 ⁶
2628 1725 2646 1762 ε
2681 1725 2710 1760 α
2738 1706 3026 1765 Clamavit
3057 1707 3253 1765 omnis
3290 1707 3551 1782 populus
3583 1708 3666 1765 ad
3707 1708 3887 1765 Domi-

2357 1814 2504 1857 num
2534 1799 2805 1860 instantia
2851 1817 3072 1874 magna
3104 1820 3173 1858 z»
3202 1801 3301 1859 hic
3342 1802 3632 1860 clamatur
3677 1802 3885 1872 instan-

2355 1896 2462 1952 ter.
2496 1896 2572 1951 De
2600 1894 2862 1954 secundo
2885 1897 2907 1932 '¹
2940 1915 2954 1953 :
2992 1915 3021 1949 «
3048 1896 3306 1953 Clamate
3335 1895 3580 1968 fortiter,
3608 1899 3667 1955 et
3684 1896 3882 1954 dicite:

2356 1988 2809 2062 congregamini
2856 1993 2912 2046 et
2952 1990 3360 2063 ingrediamur
3404 1990 3667 2048 civitates
3713 1990 3888 2048 muni·

2356 2084 2444 2140 tas
2466 2099 2481 2139 :
2503 2102 2531 2137 ι)
2564 2083 2659 2141 hic
2682 2084 3000 2142 mandatur
3013 2084 3269 2142 clamare
3284 2084 3527 2142 fortiter.
3557 2088 3637 2142 De
3660 2085 3881 2143 tertio⁸:

2363 2181 2479 2236 «Ne
2498 2195 2687 2238 cesses
2703 2196 2812 2254 pro
2829 2180 3007 2238 nobis
3021 2182 3277 2239 clamare
3292 2182 3371 2239 ad
3385 2183 3706 2241 Dominum
3719 2187 3882 2241 Deum

2355 2276 2623 2331 nostrum
2649 2291 2664 2330 ε
2696 2293 2725 2328 n
2756 2273 2853 2332 hic
2879 2278 3124 2348 rogatur
3150 2276 3386 2334 Samuel
3413 2275 3677 2336 clamare
3721 2277 3888 2335 inces-

2356 2370 2567 2425 santet.

2842 2442 3128 2499 Articulus
3158 2446 3405 2514 quartus.

2428 2560 2507 2614 De
2530 2560 2741 2630 quarto
2769 2558 3169 2633 perscribitur,
3208 2574 3345 2617 cum
3373 2559 3582 2620 ultimo
3612 2560 3887 2619 subinfer·

2354 2654 2449 2708 tur
2477 2667 2491 2706 ε
2519 2651 2663 2719 Quia
2688 2654 2749 2707 in
2782 2653 2943 2709 verba
2983 2658 3079 2709 tua
3120 2657 3496 2728 supersperavi
3520 2675 3541 2724 ,·
3588 2655 3764 2729 quasi
3805 2653 3886 2710 di·

2355 2749 2447 2803 cat
2479 2762 2493 2802 :
2523 2744 2816 2816 Clamavi,
2845 2745 3134 2819 quoniam
3162 2748 3387 2820 amavi;
3416 2752 3472 2806 et
3498 2749 3723 2819 amavi,
3750 2765 3889 2824 quo-

2354 2840 2515 2897 niam
2571 2840 2634 2897 in
2690 2841 2873 2900 verba
2919 2847 3019 2899 tua
3073 2858 3196 2900 non
3250 2842 3553 2915 timorem,
3604 2861 3731 2904 non
3778 2851 3887 2904 stu-

2350 2950 2561 3007 porem
2573 2977 2594 3007 ,
2623 2936 2729 2993 sed
2768 2952 3035 2994 amorem
3083 2935 3423 2995 inducentia
3463 2940 3885 3014 supersperavi,

2352 3027 2415 3086 id
2445 3032 2558 3101 est,
2589 3028 2768 3087 valde
2809 3029 3070 3104 speravi,
3114 3032 3171 3087 et
3213 3030 3352 3089 ideo
3395 3047 3533 3089 cum
3586 3035 3882 3092 severitate

2354 3122 2627 3183 clamavi.
2687 3126 2752 3182 Et
2808 3126 2984 3195 nota,
3047 3125 3215 3200 quod
3279 3125 3530 3199 legimus
3585 3126 3649 3186 in
3704 3128 3887 3203 Scrip-

2352 3222 2485 3277 tura
2551 3220 2735 3279 verba
2798 3220 3094 3294 potentia,
3158 3221 3507 3295 prudentia,
3562 3223 3882 3282 clementia.

2352 3314 2545 3372 Prima
2571 3314 2859 3371 inducunt
2898 3313 3204 3387 timorem;
3244 3315 3525 3388 secunda,
3556 3319 3881 3392 stuporem3

2351 3407 2539 3478 tertia,
2567 3407 2851 3466 fiduciam
2880 3413 2937 3465 et
2963 3423 3248 3466 amorem.
3281 3411 3358 3467 De
3385 3408 3591 3483 primis
3610 3412 3632 3446 ⁹
3665 3430 3679 3468 :
3715 3433 3743 3466 α
3768 3415 3885 3469 Non

2351 3516 2596 3576 parcam
2623 3501 2678 3558 ei
2703 3500 2903 3559 verbis
2929 3502 3270 3575 potentibus
3301 3521 3316 3560 ε
3345 3522 3373 3557 ιο
3411 3520 3547 3561 ecce
3575 3506 3760 3565 verba
3785 3522 3884 3580 po-

2350 3595 2530 3653 tentia
2555 3594 2858 3653 inductiva
2880 3595 3124 3652 timoris.
3145 3599 3221 3654 De
3237 3597 3512 3655 secundis
3537 3601 3578 3636 ¹⁰
3610 3618 3624 3657 ε
3660 3620 3690 3654 α
3709 3600 3885 3658 Verba

2349 3688 2731 3763 prudentium
2785 3692 3000 3747 statera
3054 3691 3549 3762 ponderabuntur
3607 3711 3622 3749 :
3680 3714 3709 3748 ι)
3759 3709 3882 3750 ecce

2350 3783 2536 3841 verba
2560 3783 2868 3856 prudentia
2896 3783 3201 3842 inductiva
3225 3785 3500 3859 stuporiS.
3516 3790 3594 3844 De
3616 3788 3796 3845 tertiis
3811 3789 3878 3844 ¹¹:

2356 3896 2386 3931 α
2412 3877 2469 3935 Si
2494 3876 2787 3950 placueris
2811 3878 3043 3951 populo
3070 3878 3230 3950 huic,
3259 3883 3316 3936 et
3342 3880 3577 3938 lenieris
3624 3899 3728 3940 eos
3764 3898 3884 3939 ver-

2349 3970 2443 4029 bis
2472 3970 2880 4043 clementibuS,
2910 3973 3166 4030 servient
3191 3972 3297 4030 tibi
3328 3974 3777 4050 omnitempore
3807 3993 3820 4031 :
3849 3995 3875 4029 ι»

2348 4081 2483 4123 ecce
2513 4064 2699 4123 verba
2724 4064 3034 4124 clementia
3062 4066 3364 4125 inductiva
3390 4067 3623 4126 fiduciae
3648 4074 3707 4128 et
3730 4085 3882 4128 amo·

2348 4174 2428 4217 ms
2988 4232 3246 4298 Epilogus.

2419 4349 2511 4407 Ait
2537 4364 2680 4421 ergo
2723 4349 3239 4423 psalmographuS,
3290 4354 3575 4426 tanquam
3619 4354 3881 4413 mentalis

2348 4458 2548 4515 oranS,
2567 4443 2962 4501 maturitatem
2985 4443 3333 4501 exteriorem
3349 4444 3678 4521 implorans
3708 4468 3722 4505 :
3748 4452 3883 4507 Proe-

2346 4541 2471 4595 vem‘
2487 4580 2507 4609 ,
2536 4540 2825 4612 quantum
2859 4536 2937 4595 ad
2966 4538 3555 4613 praemeditationem,
3584 4559 3717 4616 quae
3764 4559 3881 4617 per·

2347 4631 2489 4689 tinet
2518 4633 2596 4690 ad
2620 4631 3016 4699 intellectum3
3047 4633 3114 4688 In
3132 4637 3471 4704 maturitate,
3493 4639 3781 4709 quantum
3807 4636 3880 4694 ad

2347 4726 2765 4796 maturitatem,
2794 4741 2927 4799 quoe
2948 4726 3199 4799 pertinet
3225 4726 3305 4784 ad
3334 4728 3664 4803 objectum3
3688 4733 3756 4787 Et
3774 4733 3877 4787 cla-

2347 4824 2522 4891 mavi,
2554 4823 2842 4893 quantum
2882 4819 2963 4876 ad
2991 4821 3341 4892 orationem,
3372 4839 3506 4895 quae
3531 4826 3780 4897 pertinet
3805 4823 3875 4881 ad

2349 4913 2650 4985 effectum3
2684 4914 2828 4981 Quia
2864 4915 2924 4968 in
2949 4914 3111 4969 verba
3138 4918 3233 4969 tua
3259 4921 3654 4989 supersperavi,
3697 4932 3876 4992 quan-

2347 5011 2474 5065 tum
2493 5006 2571 5064 ad
2602 5007 3005 5078 securitatem,
3047 5022 3180 5081 quoe
3222 5009 3474 5082 pertinet
3515 5011 3596 5068 ad
3632 5027 3874 5086 provec-

2345 5105 2492 5159 tum.

2347 5252 2366 5282 ⁶
2389 5248 2588 5311 Iudith,
2620 5260 2692 5314 xv,
2721 5251 2770 5299 8.
2799 5274 2861 5287 -
2895 5251 2911 5281 ⁷
2946 5250 3151 5313 len-ena,
3181 5264 3252 5316 ιν,
3280 5255 3331 5304 5.
3359 5278 3420 5291 -
3448 5255 3466 5284 ⁸
3494 5256 3512 5305 Ι
3543 5255 3680 5320 Req„
3706 5265 3804 5317 vn,
3831 5256 3874 5302 8.

2345 5349 2402 5446 ἶ
2423 5321 2572 5443 ζΙοό,
2601 5332 2707 5385 xm,
2738 5323 2786 5373 3.
2815 5348 2876 5361 --
2907 5322 2945 5359 ¹⁰
2962 5322 3141 5381 Eccli„
3160 5336 3274 5390 xxx,
3302 5326 3378 5377 28.
3401 5353 3462 5376 ⁴-
3498 5329 3533 5363 ¹¹
3566 5329 3609 5377 11
3639 5326 3874 5390 Par-clip„

2384 5433 2398 5459 ,
2460 5430 2473 5444 .
