4196 6294
722 786 2083 912 ILLUMINATIONES
2200 782 2986 908 ECCLESIAE

1335 1075 1449 1156 IN
1521 1072 2309 1156 HEXAEMERON
2356 1064 2373 1102 ¹

1544 1592 1550 1597 ’
1588 1608 2124 1685 ARGUMENTUM

1465 1773 1586 1847 (Ex
1634 1773 1870 1830 editione
1922 1770 2247 1844 Vaticana.)

376 1936 670 2009 Genesim
710 1943 983 2007 sanctus
1009 1936 1472 2005 Bonaventura
1514 1956 1839 2027 exponere
1880 1955 2257 2026 aggressus,
2288 1940 2484 2026 caput
2519 1934 2703 2004 illius
2739 1934 3031 2027 primum
3056 1986 3075 2021 ‚
3105 1956 3239 2026 quo
3273 1956 3442 2026 opus

294 2076 394 2123 sex
418 2054 671 2125 dierum
701 2078 743 2123 a
768 2053 952 2124 Mose
979 2061 1322 2141 narratur,
1356 2075 1631 2145 eamque
1679 2053 1763 2122 ob
1804 2075 1941 2122 rem
1972 2052 2430 2121 Hexaemeron
2469 2073 2678 2140 graece
2712 2051 3082 2143 appellatur
3103 2104 3121 2138 ,
3159 2050 3441 2120 scholas-

288 2170 400 2240 tico
438 2171 698 2242 dicendi
738 2193 985 2262 genere
1028 2168 1313 2262 explicat
1360 2169 1572 2238 tribus
1625 2178 1689 2238 et
1730 2168 1970 2259 viginti
2019 2168 2469 2264 sermonibuS,
2501 2190 2668 2259 quos
2709 2167 3066 2236 luminaria
3090 2168 3392 2236 Ecclesiae
3419 2220 3438 2255 ,

282 2285 912 2375 illuminationesve,
941 2310 1058 2356 seu
1110 2285 1396 2356 visiones
1450 2286 1749 2378 quinque
1796 2285 2105 2378 appellat.
2157 2284 2239 2353 Et
2284 2307 2440 2354 vero
2489 2283 2546 2352 is
2568 2338 2586 2374 ,
2629 2290 2704 2352 ut
2748 2283 2830 2352 ad
2873 2281 3007 2352 tam
3051 2285 3434 2375 praeclaram

282 2405 744 2497 expositionem
774 2400 1030 2473 aditum
1056 2402 1185 2471 sibi
1216 2402 1546 2471 illustrem
1573 2401 1849 2490 faceret,
1877 2402 2112 2494 primis
2141 2401 2352 2470 tribus
2379 2399 2816 2488 sermonibus,
2847 2422 3136 2491 quorum
3161 2401 3429 2469 initium

276 2521 417 2590 facit
440 2522 522 2591 ab
553 2522 646 2592 iis
672 2521 890 2591 verbis
925 2546 941 2588 ε
981 2521 1108 2588 «In
1133 2518 1348 2588 medio
1375 2517 1675 2587 Ecclesioe
1701 2519 1959 2609 aperuit
1992 2541 2063 2587 os
2089 2518 2145 2610 ej
2157 2541 2266 2605 us,
2303 2544 2338 2584 »
2370 2518 2496 2587 tria
2524 2518 2751 2606 docet,
2783 2516 3075 2609 primum
3102 2517 3211 2586 cui
3238 2519 3440 2588 collo-

278 2638 557 2729 quenda,
593 2636 1081 2729 promendaque
1109 2636 1242 2705 sint
1269 2635 1616 2727 mysteria:
1648 2635 1884 2704 deinde
1931 2659 1970 2704 a
1997 2658 2131 2728 quo
2153 2689 2172 2723 ,
2203 2643 2518 2728 tauquam
2548 2659 2586 2704 a
2616 2634 2855 2723 medio,
2889 2634 3147 2704 dicendi
3174 2635 3442 2706 initium

276 2756 436 2823 sumi
480 2761 791 2847 oporteat
826 2778 841 2820 :
876 2762 1017 2821 tum
1063 2774 1223 2821 vero
1244 2804 1263 2839 ,
1293 2751 1411 2821 ubi
1454 2751 1609 2820 finis
1644 2752 1907 2821 dicendi
1950 2738 2035 2820 sit
2078 2753 2530 2822 terminandus
2574 2777 2590 2821 ε
2631 2752 2897 2821 demum
2937 2752 3330 2844 post'multa
3361 2753 3443 2823 de

276 2867 436 2940 dono
475 2870 828 2964 sapientiae
862 2877 927 2938 et
961 2868 1338 2937 intellectus
1381 2891 1534 2938 cum
1577 2869 2002 2956 disseruerit,
2049 2870 2376 2962 praecipue
2418 2870 2691 2963 reliquis
2736 2870 3148 2940 sermonibus
3201 2869 3443 2961 viginti

275 2988 525 3078 exponit
550 2987 685 3056 illa
698 2985 895 3056 Mosis
920 2985 1122 3054 verba
1147 3010 1162 3053 :
1190 2984 1414 3056 «Vidit
1438 2985 1614 3054 Deus
1640 2986 1819 3077 quod
1844 2985 2095 3055 bonum
2127 2995 2370 3057 esset.»
2404 2987 2563 3069 Quae
2588 2988 2969 3074 saneverba,
2994 2988 3153 3080 quia
3172 2995 3433 3059 tantum

268 3104 556 3197 quinque
623 3111 780 3173 sunt
812 3155 831 3190 ,
877 3102 985 3173 vel
1037 3102 1256 3195 potius
1301 3102 1619 3194 quoniam
1663 3102 1945 3192 singulis
1988 3102 2221 3172 diebus
2246 3157 2265 3191 ,
2314 3112 2579 3197 excepto
2624 3106 2728 3174 die
2775 3105 3059 3175 secundo
3096 3160 3116 3194 ‚
3164 3106 3440 3199 repetita

269 3218 577 3311 leguntur
625 3220 819 3290 :ideo
844 3219 1403 3303 illuminationes,
1435 3242 1552 3288 seu
1593 3218 1879 3289 visiones
1923 3220 2220 3312 quinque
2265 3243 2385 3312 pro
2428 3222 2676 3291 ratione
2714 3223 2971 3292 dierum
3003 3223 3086 3291 ab
3113 3246 3189 3292 eo
3218 3225 3437 3292 nomi·

264 3347 522 3407 nantur.
556 3339 972 3430 Loquuntur
998 3337 1045 3405 ii
1072 3336 1340 3429 quidem
1371 3358 1709 3405 sermones
1741 3337 1822 3405 de
1861 3337 2157 3406 veritatis
2183 3337 2553 3427 cognitione
2574 3391 2592 3427 ,
2630 3338 2709 3407 de
2736 3339 3094 3409 virtutibus
3115 3393 3133 3427 ‚
3176 3363 3448 3412 earum-

260 3477 377 3547 que
403 3455 699 3545 officiis‚
730 3454 812 3524 de
839 3476 1032 3524 sacrae
1068 3452 1428 3545 Scripturae
1469 3451 1939 3544 intelligentia,
1974 3454 2118 3545 ejus
2143 3454 2465 3546 mysteriis
2488 3507 2506 3541 ,
2538 3476 2612 3525 ac
2637 3454 2961 3525 fructibus
2985 3457 3384 3529 salutaribus
3411 3512 3432 3547 ,

260 3569 330 3640 de
352 3572 684 3642 Ecclesiae
710 3577 880 3642 statu
911 3623 930 3658 ,
965 3577 1029 3639 et
1055 3569 1203 3638 aliis
1245 3569 1525 3638 summis
1549 3621 1569 3657 ‚
1603 3569 2107 3664 coelestibusque
2133 3571 2353 3640 rebuS.
2387 3569 2561 3640 Sunt
2597 3578 2820 3640 autem
2848 3573 3263 3664 tropologicis
3289 3598 3437 3644 sen-

255 3688 425 3759 sibus
451 3688 689 3761 crebri
715 3742 735 3776 ,
765 3687 1050 3780 mysticae
1070 3740 1089 3775 ,
1119 3685 1650 3780 scholasticaeque
1678 3686 2048 3779 Theologioe
2073 3688 2326 3757 arcanis
2351 3687 2607 3778 referti,
2639 3688 2854 3758 omnis
2878 3688 3186 3761 doctrinae
3214 3691 3438 3783 splen-

256 3805 399 3876 dore
436 3808 752 3877 illustres
772 3857 793 3892 ,
842 3812 908 3873 et
947 3802 1233 3898 quodam
1272 3805 1747 3875 sententiarum
1799 3805 1990 3897 quasi
2023 3806 2255 3876 ardore
2299 3806 2589 3894 accensi,
2629 3828 2838 3898 usque
2888 3806 3049 3876 adeo
3089 3815 3166 3876 ut
3205 3830 3439 3880 eorum

252 3933 585 3995 auctorem
643 3921 834 3993 facile
879 3944 1312 4012 agnoscamus
1356 3920 1790 4016 Seraphicum
1826 3922 2169 3994 Doctorem
2195 3922 2731 3995 Bonaventuram
2758 3922 3242 3995 sanctissimum
3266 3978 3286 4016 ,
3319 3926 3440 4020 qui

249 4037 540 4113 docendo
570 4048 845 4130 movet,
873 4047 1070 4133 atque
1096 4038 1470 4112 inflammat
1495 4039 1753 4112 animos
1776 4039 2167 4132 legentium.

696 4299 982 4371 SERMO
1026 4297 1353 4369 PRIMUS
1902 4301 2140 4384 quibus
2190 4300 2375 4366 debet
2435 4302 2614 4386 loqui
2650 4349 2669 4381 ,
2721 4303 2880 4388 quia
2935 4304 3252 4371 Ecclesiae.
3304 4306 3359 4373 N
3361 4323 3447 4374 on

242 4441 339 4512 Qm
380 4443 744 4514 neceruditur,
785 4445 833 4500 et
875 4445 965 4498 cui
1004 4439 1317 4513 loquendum
1365 4440 1470 4505 sit,
1514 4442 1566 4494 et
1614 4454 1651 4493 a
1694 4453 1795 4511 quo

298 4538 524 4590 initium
576 4530 807 4589 dicendi
849 4531 1165 4587 sumendum
1185 4571 1203 4601 ‚
1248 4543 1437 4600 nempe
1487 4542 1524 4583 a
1573 4527 1794 4584 Cumsro

297 4623 572 4695 Βοηιὺιο,
634 4620 777 4693 quod
816 4619 1046 4677 medium
1095 4620 1414 4692 septiforme
1458 4631 1569 4674 esse
1614 4615 1795 4674 decla-

297 4719 472 4770 ratw-

304 4845 419 4910 ’1η
431 4842 672 4911 medio
699 4840 999 4908 Ecclesioe
1026 4841 1285 4923 aperuit
1310 4855 1380 4906 os
1405 4837 1568 4922 eJuS,
1585 4843 1645 4906 et
1672 4840 1793 4907 im-

230 4951 415 5033 plevit
458 4969 627 5020 eum
674 4950 986 5017 Dominus
1028 4947 1272 5031 spiritu
1315 4948 1648 5029 sapientioe
1664 4995 1685 5025 ‚
1733 4951 1796 5015 et

234 5062 596 5129 intellectus
612 5105 638 5138 ‚
668 5061 790 5122 etc.
820 5056 897 5121 In
921 5056 1134 5120 verbis
1158 5055 1297 5120 istis
1318 5054 1498 5120 docet
1525 5053 1793 5137 Sapiens

232 5170 621 5251 madentem
631 5167 711 5248 (a)
722 5213 739 5242 ‚
754 5162 991 5248 quibus
1000 5163 1180 5228 debet
1190 5180 1547 5228 sermonem
1560 5162 1785 5245 depro-

230 5295 421 5361 mere,
447 5278 655 5345 unde
676 5274 994 5358 incipere,
1014 5272 1128 5336 ubi
1150 5272 1518 5337 terminare.
1546 5268 1785 5350 Primo,

284 5447 297 5474 ³
322 5446 408 5508 Cf.
433 5441 590 5496 Edit.
617 5436 913 5502 Argentin„
936 5449 1023 5486 an.
1053 5437 1190 5501 1495,
1218 5437 1348 5500 part.
1375 5436 1389 5485 Ι
1409 5448 1427 5499 ;
1452 5431 1573 5485 edit.
1601 5433 1786 5498 vatic„

234 5529 302 5566 m.
325 5519 447 5568 ¹588
461 5550 482 5579 ,
501 5517 659 5564 tom.
677 5511 719 5574 1,
738 5522 857 5574 pag.
876 5511 940 5572 95
962 5506 1251 5571 edit.Ven.,
1268 5520 1353 5559 an.
1379 5506 1786 5569 1754,tom.vl!{‚

467 5619 623 5670 ΤΟΠ
631 5648 651 5664 .
697 5617 788 5663 lx.

1903 4409 2072 4472 enim
2117 4413 2141 4449 ⁸
2181 4409 2465 4502 dandum
2508 4416 2604 4474 est
2642 4417 2936 4477 sanctum
2975 4415 3241 4479 canibus
3259 4464 3276 4497 ,
3325 4434 3446 4482 nec

1903 4517 2272 4597 margaritae
2300 4518 2678 4600 spargendae
2719 4523 2868 4584 sunt
2892 4520 3059 4592 inter
3090 4523 3162 4605 (b)
3191 4541 3439 4606 porcos.

1900 4620 2224 4703 Secund0,
2253 4623 2368 4688 ubi
2394 4623 2581 4688 debet
2605 4625 2914 4708 incipere,
2945 4629 3097 4711 quia
3122 4647 3160 4693 a
3198 4630 3438 4711 medic,

1900 4730 2073 4812 quod
2107 4735 2204 4795 est
2239 4730 2534 4797 Christus
2566 4754 2582 4797 ι
2617 4733 2791 4815 quod
2828 4735 3104 4800 medium
3141 4736 3195 4799 si
3226 4737 3444 4819 negli-

1901 4840 2117 4918 gatur,
2143 4839 2306 4902 nihil
2333 4839 2631 4905 habetur.
2661 4839 2894 4921 Terti0‚
2923 4842 3038 4907 ubi
3063 4844 3437 4928 terminare,

1900 4945 2053 5027 quia
2078 4946 2148 5010 in
2181 4946 2575 5030 plenitudine
2591 4996 2609 5027 ,
2636 4965 2752 5012 seu
2791 4948 3273 5033 adimpletione,
3317 4953 3449 5037 spi-

1898 5054 2062 5118 ritus
2087 5055 2369 5120 scientiae
2393 5059 2458 5121 et
2482 5055 2857 5122 intellectus.

1977 5161 2101 5227 Sed
2124 5162 2333 5245 primo
2359 5161 2748 5246 loquendum
2774 5168 2871 5230 est
2907 5163 2986 5230 de
3025 5167 3400 5254 nobisipsis
3414 5221 3432 5254 ‚

1898 5278 1963 5335 et
1988 5269 2366 5351 videndum,
2396 5270 2619 5353 quales
2655 5291 2793 5339 esse
2826 5273 3150 5341 debemus.
3175 5277 3244 5344 Si
3265 5280 3436 5347 enim

1896 5446 2014 5498 pag.
2037 5433 2114 5484 17.
2139 5457 2202 5471 -
2219 5433 2239 5466 ²
2265 5432 2444 5496 Eccli„
2465 5446 2553 5499 xit,
2573 5436 2687 5486 5.-
2703 5434 2726 5473 ⁸
2741 5437 2944 5504 Mami„
2974 5451 3070 5507 vn,
3087 5444 3195 5493 6.-
3219 5442 3292 5509 (a)
3314 5443 3435 5494 For*-

1899 5509 2027 5556 tasse
2047 5505 2322 5570 leqemium,
2351 5508 2715 5570 prudenter.—
2744 5509 2808 5572 (ὁ)
2839 5510 2978 5577 Vulq.
3013 5519 3150 5566 ante.

3154 5611 3193 5670 2
