4196 6294
1686 340 1940 409 CAPUT
1978 343 2141 411 vm.

320 488 463 553 bus.
494 508 527 547 n
577 484 748 551 Facit
782 484 975 549 etiam
1007 479 1641 565 irreprehensibiliter
1672 501 1687 543 ε
1729 478 1856 545 Nee

319 596 528 663 dicere
547 594 610 660 ei
632 593 972 675 quisquam
1002 594 1206 673 potest
1222 609 1247 651 .·
1280 589 1482 663 Quare
1509 590 1608 655 ita
1634 589 1803 670 facis
1823 592 1859 658 Ρ

318 704 337 741 ¹
367 727 398 766 a
425 702 521 767 Tu
548 701 694 784 quis
716 718 805 777 es»,
836 699 947 782 qui
975 696 1354 780 respondeas
1381 695 1551 760 Deo?
1577 716 1609 755 ι)

399 815 458 875 5.
486 811 609 888 Qui
632 806 910 874 custodit
930 810 1333 889 proeceptum.
1359 803 1476 867 Hic
1510 803 1693 868 tertio
1711 804 1857 868 hor-

318 922 489 983 tatur
548 916 875 981 adhaerere
934 913 1302 1007 sapientise-3,
1357 911 1856 976 consideratione

317 1028 554 1090 nostrae
591 1022 898 1087 utilitatis,
938 1021 1172 1102 Magna
1213 998 1384 1083 enim
1413 1018 1653 1082 utilitas
1678 1021 1772 1082 est
1797 1018 1856 1081 ei

318 1132 647 1197 adhaerere
674 1134 736 1195 et
765 1130 970 1212 ipsius
1005 1128 1305 1193 mandata
1341 1143 1629 1203 servare;
1661 1143 1852 1208 prop·

320 1244 417 1305 ter
460 1257 657 1323 quam
700 1237 851 1303 dicit
891 1259 906 1300 ε
961 1237 1083 1310 Qui
1116 1233 1394 1301 custodit
1435 1238 1852 1315 praeceptum,

319 1363 450 1415 non
477 1346 846 1430 experietur
887 1343 1246 1429 quidquam
1272 1341 1446 1407 mali.
1488 1338 1624 1404 Imo
1652 1339 1856 1403 multa

316 1455 574 1520 habebit
611 1455 805 1519 bona.
833 1453 856 1488 ¹
891 1475 921 1513 a
961 1452 1028 1516 Si
1064 1450 1165 1516 vis
1203 1449 1284 1513 ad
1329 1449 1528 1513 vitam
1567 1447 1850 1528 ingredi,

316 1582 503 1629 serva
548 1561 868 1628 mandata.
916 1582 947 1619 ι)
986 1559 1064 1624 Et
1093 1560 1160 1622 ³:
1214 1582 1245 1619 α
1291 1556 1358 1621 Si
1396 1555 1755 1619 manseritis
1787 1554 1854 1617 in

318 1689 612 1737 sermone
645 1688 825 1748 meo,
868 1685 1018 1731 vere
1056 1664 1344 1748 discipuli
1380 1663 1509 1727 mei
1542 1662 1745 1741 eritis,
1793 1665 1857 1725 ct

317 1778 713 1861 cognoscetis
758 1775 1089 1842 veritatem
1108 1822 1130 1853 ,
1180 1775 1243 1838 et
1285 1771 1520 1837 veritas
1561 1769 1856 1835 liberabit

316 1905 454 1953 VOS.
482 1908 512 1945 1>

406 1996 666 2079 Tempus
694 2001 755 2062 et
786 1994 1278 2075 responsionem,
1307 1992 1426 2055 etc.
1470 1986 1587 2052 Hic
1629 1988 1856 2068 quarto

318 2105 607 2169 hortatur
634 2102 712 2167 ad
741 2099 1126 2166 servandum
1159 2098 1459 2162 mandata
1485 2094 1719 2160 divinae
1749 2110 1854 2156 sa-

315 2212 569 2297 pientiae
588 2259 605 2289 ,
634 2208 1137 2276 consideratione
1167 2202 1661 2288 opportunitatis
1686 2205 1852 2265 tem-

316 2320 511 2404 poriS,
543 2337 736 2402 quam
762 2317 1013 2400 sapiens
1038 2315 1233 2379 homo
1257 2311 1608 2377 considerat
1636 2310 1705 2372 in
1723 2310 1856 2372 suis

314 2429 651 2513 operibus3
717 2429 972 2508 propter
1018 2421 1192 2505 quod
1233 2420 1381 2485 dicit
1421 2441 1437 2483 ε
1485 2417 1749 2501 Tempus
1799 2420 1856 2483 et

314 2536 785 2618 responsionem
822 2547 928 2599 eor
953 2530 1275 2614 sapientis
1303 2526 1626 2609 intelligit.
1659 2524 1849 2589 Intel-

313 2644 539 2725 ligitur
568 2647 846 2724 tempus-3
877 2656 1006 2722 quo
1046 2635 1295 2719 operari
1328 2637 1595 2717 oportet.
1626 2633 1649 2668 ⁴
1683 2656 1714 2693 α
1742 2631 1849 2697 Vi-

313 2751 483 2831 dete,
538 2751 788 2829 fratreS,
848 2744 1166 2829 quomodo
1230 2746 1414 2806 caute
1470 2739 1846 2818 ambuletis;

316 2871 447 2918 non
478 2853 662 2936 quasi
703 2852 1099 2935 insipienteS,
1141 2848 1252 2913 sed
1291 2846 1473 2928 quasi
1513 2846 1845 2929 sapienteS,

315 2962 697 3026 redimentes
762 2964 1052 3042 tempuS,
1129 2956 1432 3040 quoniam
1498 2954 1633 3019 dies
1696 2954 1850 3018 mali

310 3072 483 3135 sunt.
524 3091 555 3129 n
605 3067 746 3134 Non
772 3067 979 3132 solum
1006 3068 1292 3150 tempus,
1331 3061 1442 3126 sed
1477 3061 1669 3125 etiam
1711 3078 1847 3125 res-

308 3178 681 3264 ponsionem
713 3177 784 3240 in
812 3178 1116 3256 tempore.
1153 3172 1174 3209 ⁸
1220 3194 1253 3231 a
1279 3170 1351 3234 In
1378 3169 1683 3252 sapientia
1708 3188 1847 3234 am-

308 3287 525 3352 bulate
562 3286 643 3350 ad
680 3301 789 3349 eos
824 3283 938 3365 qui
967 3280 1117 3345 foris
1160 3285 1310 3343 sunt
1330 3325 1347 3355 ,
1385 3281 1641 3361 tempus
1679 3278 1845 3343 redi-

309 3400 576 3460 mentes.
619 3393 843 3458 Sermo
885 3391 1092 3453 vester
1123 3404 1373 3469 semper
1402 3386 1484 3450 sit
1526 3387 1595 3450 in
1639 3386 1848 3468 gratia

308 3505 439 3568 sale
463 3503 778 3580 condituS,
808 3501 883 3564 ut
908 3497 1141 3576 sciatis,
1175 3495 1492 3580 quomodo
1518 3513 1635 3561 vos
1663 3514 1847 3579 opor-

308 3615 435 3676 teat
481 3611 830 3692 unicuique
868 3605 1267 3691 respondere.
1309 3625 1341 3663 »
1386 3603 1464 3668 Et
1503 3605 1666 3670 bene
1701 3606 1847 3669 facit

309 3720 581 3803 sapiens,
601 3719 715 3800 qui
735 3721 990 3798 tempus
1008 3717 1443 3797 opportunum
1457 3713 1805 3777 considerat
1826 3733 1841 3777 z

307 3828 480 3911 quod
508 3826 757 3909 probat,
787 3841 934 3887 cum
960 3823 1149 3887 infert
1179 3821 1261 3904 (v.
1301 3823 1399 3900 6):
1436 3819 1627 3886 Omni
1651 3836 1846 3903 neqo-

309 3938 399 4001 tio
451 3940 698 4016 tempus
749 3938 865 4010 est,
911 3936 968 3997 et
1021 3930 1491 4012 opportunitas,
1545 3934 1604 3995 et
1644 3929 1846 3995 multa

308 4045 589 4112 hominis
639 4043 716 4123 at*
709 4041 916 4124 flictio
939 4088 957 4118 ,
1004 4039 1263 4123 supple,
1316 4038 1653 4120 diligenter
1704 4038 1846 4102 haec

308 4151 759 4217 considerando
786 4149 809 4184 ⁸
849 4171 864 4212 ε
909 4170 940 4209 a
968 4145 1193 4213 Omnia
1219 4151 1471 4228 tempus
1496 4145 1752 4227 habent,
1783 4152 1847 4211 et

306 4262 437 4326 suis
483 4259 697 4343 spatiis
729 4259 1064 4321 transeunt
1102 4254 1404 4318 universa
1443 4255 1565 4318 sub
1613 4255 1763 4319 sole.
1803 4276 1834 4314 a>

306 4368 417 4434 Est
447 4367 621 4432 enim
648 4362 1086 4449 opportunitas
1119 4360 1425 4441 temporis
1458 4361 1538 4424 ad
1574 4360 1839 4424 studen-
1868 4445 1872 4449 ᾗ

305 4477 462 4542 dum
498 4475 519 4510 '¹
578 4496 595 4538 z
661 4495 692 4534 α
745 4469 1136 4555 Sapientiam
1184 4466 1388 4532 scribe
1440 4467 1511 4530 in
1559 4471 1844 4548 tempore

306 4581 666 4650 vacuitatis.
692 4602 723 4642 n
751 4579 862 4645 Est
879 4578 1071 4643 etiam
1089 4575 1530 4661 opportunitas
1556 4575 1637 4639 ad
1661 4592 1844 4638 oran-

304 4690 461 4756 dum
488 4695 512 4730 ⁸
542 4708 559 4754 t
601 4710 632 4749 a
675 4686 881 4753 Media
909 4689 1092 4750 nocte
1125 4683 1471 4764 surgebam
1515 4680 1595 4745 ad
1639 4682 1843 4745 confi-

303 4799 568 4864 tendum
603 4797 744 4861 tibi.
781 4817 812 4857 n
853 4795 964 4861 Est
993 4795 1186 4859 etlam
1213 4792 1651 4876 opportunitas
1676 4794 1838 4855 tem-

302 4907 477 4990 poris
521 4905 601 4969 ad
636 4902 1154 4969 benefaciendum
1182 4903 1203 4938 ⁹
1248 4923 1265 4966 ι
1322 4924 1353 4963 α
1379 4900 1545 4965 Dum
1590 4904 1844 4982 tempus

304 5014 640 5093 habemuS,
672 5028 1015 5094 operemur
1040 5011 1286 5074 bonum
1316 5008 1397 5074 ad
1423 5025 1666 5073 omneS.
1703 5028 1734 5068 n
1764 5007 1845 5073 Et

368 5140 380 5169 ¹
405 5139 564 5195 Rom..
591 5150 667 5200 ιι,
696 5140 776 5188 20.
798 5162 858 5174 —-
883 5136 902 5167 ²
932 5137 1135 5198 uatem,
1163 5147 1271 5197 nx,
1304 5136 1378 5185 17.
1401 5161 1465 5172 -
1491 5134 1510 5165 ⁸
1535 5135 1696 5197 Joan„
1726 5146 1842 5199 vm,

307 5213 385 5262 31.
427 5235 489 5249 -
530 5210 553 5245 ⁴
591 5209 795 5275 Ephe-5„
845 5221 898 5272 v,
949 5212 1026 5260 15.
1071 5235 1131 5247 -
1178 5207 1201 5243 ⁸
1243 5206 1429 5271 Calos„
1477 5218 1551 5270 iv,
1595 5208 1654 5271 5,
1699 5209 1746 5258 6.
1780 5232 1843 5245 -

307 5282 330 5318 ⁸
354 5285 536 5346 supra.
573 5294 660 5346 111,
701 5287 749 5333 1.
785 5307 839 5318 -
878 5282 902 5317 ⁷
941 5280 1122 5343 Eccli„
1163 5292 1402 5341 xxxviii,
1441 5281 1607 5329 25.—
1649 5279 1669 5308 ⁸
1700 5279 1840 5329 Psal.

309 5363 500 5419 cxvni,
527 5357 608 5408 62.
638 5380 698 5392 —
724 5355 744 5385 ⁹
772 5352 910 5416 Gala,
945 5365 1031 5417 vx,
1065 5356 1144 5404 1ο.
1183 5378 1247 5390 -
1278 5353 1321 5386 ⁸⁰
1351 5353 1543 5417 Supra,
1577 5362 1675 5414 vn,
1704 5354 1751 5403 1.
1784 5378 1839 5388 -

3388 358 3505 417 647

1964 481 2107 546 haec
2129 483 2572 567 opportunitas
2609 486 2704 548 est
2743 484 2813 548 in
2838 485 3138 568 praesenti
3164 488 3452 570 tempore
3484 509 3500 550 ι

1962 592 2028 652 et
2066 589 2233 653 hanc
2267 590 2542 654 ostendit
2573 608 2709 655 esse
2744 591 2814 655 in
2854 591 3153 674 praesenti
3187 592 3521 676 tempore‚’

1962 695 2298 760 ostendens
2358 697 2647 760 futurum
2710 700 2966 781 tempus
3031 699 3457 782 periculosum
3478 751 3500 782 ‚

1963 803 2114 886 quia
2140 821 2272 867 non
2296 807 2498 885 potest
2516 805 2876 886 praevideri,
2902 806 3073 872 unde
3099 807 3261 871 dixit
3289 810 3372 890 (v.
3396 809 3452 894 7)
3481 833 3497 875 ε

1968 911 2091 983 Qui
2142 911 2400 992 iquorat
2448 914 2879 993 praeteritum,
2939 920 3002 981 et
3045 915 3276 994 sutura
3329 918 3502 984 nullo

1958 1022 2169 1100 potest
2204 1020 2367 1084 scire
2394 1020 2657 1099 nuntio,
2697 1021 2848 1102 quia
2872 1022 3076 1087 multo
3111 1022 3326 1087 minus
3352 1043 3499 1107 pos-

1962 1129 2115 1190 sunt
2130 1125 2279 1189 sciri
2297 1126 2537 1205 futura,
2556 1145 2753 1209 quam
2775 1128 3093 1210 praeterita
3117 1134 3161 1171 ¹⁰
3181 1136 3245 1194 'za
3261 1130 3415 1207 Quis
3438 1133 3502 1197 ei

1964 1232 2194 1314 poterit
2249 1232 2551 1311 indicare,
2612 1233 2768 1316 quid
2822 1239 2963 1316 post
3014 1254 3168 1300 eum
3209 1221 3511 1303 futurum'

1962 1339 2093 1403 sit?
2138 1362 2168 1397 »
2217 1339 2358 1404 Non
2414 1343 2622 1421 potest
2669 1342 2861 1405 etiam
2916 1344 3279 1426 prohiberi,
3332 1347 3501 1411 unde

1962 1446 2113 1511 dicit
2144 1449 2227 1530 (v.
2260 1448 2317 1530 8)
2347 1470 2363 1511 z
2396 1448 2521 1514 Nec
2567 1454 2660 1516 est
2689 1450 2762 1515 in
2790 1450 3071 1517 hominis
3097 1451 3343 1519 ditione
3389 1455 3498 1536 (a),

1960 1554 2027 1619 id
2052 1559 2147 1618 est
2172 1559 2472 1638 potestate
2491 1605 2508 1636 ‚
2533 1557 2861 1639 prohibere
2886 1559 3196 1642 spiritum
3219 1606 3236 1637 ,
3266 1559 3502 1627 scilicet

1962 1666 2301 1727 exeuntem
2320 1711 2338 1741 ,
2396 1664 2582 1746 quasi
2633 1683 2823 1729 nemo
2864 1668 3068 1747 potest
3124 1665 3459 1749 prohibere
3478 1717 3497 1749 ,

1961 1769 2119 1851 quin
2146 1770 2364 1835 veniat
2390 1776 2645 1855 tempus
2671 1772 2935 1838 mortis:
2965 1778 3030 1838 et
3054 1774 3178 1838 hoc
3203 1774 3502 1858 explanat

1962 1878 2239 1941 subdens
2274 1900 2289 1942 z
2322 1878 2446 1945 Nec
2487 1879 2670 1947 habet
2689 1886 3051 1963 potestatem
3078 1884 3154 1949 in
3196 1882 3304 1950 die
3332 1900 3502 1951 mor-

1962 1986 2074 2051 tis.
2101 1986 2139 2021 ¹¹
2178 2009 2208 2047 a
2234 1986 2622 2053 constituisti
2648 1991 2951 2054 terminos
2978 1993 3151 2073 ejus,
3192 1992 3303 2075 qui
3333 2011 3498 2075 prae-

1962 2092 2139 2156 teriri
2170 2111 2302 2157 non
2330 2098 2648 2176 potenmt.
2684 2118 2716 2156 »
2747 2095 2889 2161 Non
2928 2101 3136 2180 potest
3164 2098 3461 2163 declinari
3478 2121 3496 2178 ;

1962 2199 2132 2264 unde
2159 2200 2308 2264 dicit
2348 2224 2363 2265 ε
2396 2202 2520 2269 Nec
2548 2205 2796 2271 sinitur
2819 2205 3131 2286 quiescere
3167 2206 3501 2288 inaruente

1963 2306 2140 2387 bello,
2171 2308 2404 2374 scilicet
2430 2310 2502 2374 in
2527 2310 2629 2375 die
2649 2311 2948 2394 judicii.¹⁸
2984 2336 3014 2374 a
3034 2313 3355 2395 Pugnabit
3381 2333 3499 2398 pro

1962 2435 2038 2481 eo
2077 2418 2251 2481 orbis
2297 2422 2486 2483 terrae
2534 2424 2752 2484 contra
2798 2420 3146 2485 insensatos
3185 2444 3199 2486 :
3248 2443 3279 2483 n
3329 2425 3498 2507 quod

1960 2523 2202 2589 bellum
2226 2545 2357 2590 non
2384 2531 2683 2609 poterunt
2706 2528 3042 2593 declinare.
3078 2528 3258 2595 Unde
3291 2531 3500 2596 dicent

1962 2632 2286 2697 montibus
2304 2635 2351 2674 ¹³
2376 2656 2390 2698 :
2407 2657 2437 2695 a
2454 2634 2662 2699 Cadite
2685 2654 2876 2718 super
2888 2654 3030 2716 nos,
3046 2658 3077 2695 n
3099 2636 3256 2719 quia
3272 2640 3430 2704 tunc
3453 2644 3498 2680 ¹⁸

1969 2763 2000 2801 a
2012 2741 2242 2823 peribit
2255 2743 2431 2823 fuga.
2448 2762 2480 2801 ι)
2508 2741 2648 2813 Non
2659 2745 2865 2824 potest
2878 2742 3069 2807 etiam
3080 2744 3463 2811 dissimulari
3478 2772 3495 2828 ;

1960 2847 2101 2911 ideo
2129 2848 2280 2913 dicit
2310 2872 2324 2912 :
2371 2849 2516 2916 Non
2555 2837 2831 2917 salvabit
2857 2851 3157 2932 impietas
3196 2852 3495 2935 impium,

1960 2954 2144 3037 quasi
2180 2955 2374 3037 possit
2420 2957 2725 3020 simulare
2770 2975 2837 3021 se
2890 2957 3155 3023 bonum.
3191 2958 3234 2995 ¹⁸
3271 2981 3304 3020 a
3356 2959 3498 3026 Non

1958 3060 2163 3126 salvat
2201 3061 2463 3144 impioS‚
2502 3065 2565 3126 et
2596 3063 2908 3146 judicium
2954 3065 3344 3149 pauperibus
3384 3068 3496 3132 tri-

1957 3172 2121 3236 buit.
2158 3194 2191 3231 »
2236 3171 2314 3237 Et
2338 3172 2383 3214 ¹⁶
2415 3192 2432 3237 ι
2481 3195 2511 3233 a
2546 3173 2685 3238 Non
2726 3174 3076 3256 proderunt
3111 3174 3393 3240 thesauri
3429 3175 3498 3241 in

1956 3279 2058 3344 die
2076 3278 2372 3358 ultionis;
2396 3280 2646 3363 justitia
2662 3280 2952 3345 liberabit
2969 3299 3007 3345 a
3030 3286 3256 3347 morte.
3288 3305 3319 3344 n
3348 3274 3495 3351 Ideo

1955 3388 2187 3454 dicitur
2213 3387 2255 3423 ¹⁷
2292 3410 2360 3452 :a
2394 3387 2463 3453 Si
2491 3389 2730 3471 impius
2755 3390 2968 3471 fuero,
2993 3409 3096 3456 vae
3121 3391 3284 3456 mihi
3309 3369 3437 3457 est.
3455 3416 3487 3454 n

2037 3496 2358 3572 Quaeritur
2388 3497 2467 3562 de
2510 3497 2632 3561 hoc
2652 3545 2670 3576 ,
2727 3497 2897 3579 quod
2946 3497 3096 3563 dicit
3150 3517 3168 3562 ι
3230 3500 3495 3569 Observo
3617 3593 3620 3595 v

1953 3611 2268 3688 praecepta
2298 3604 2661 3688 ,iuramenti
2688 3605 2808 3671 Dei
2834 3623 2857 3669 .·
2887 3607 3056 3688 {ergo
3089 3606 3255 3671 Deus
3287 3612 3491 3691 jurat.

1956 3712 2242 3777 Contra¹⁸
2264 3735 2279 3778 ε
2305 3737 2336 3774 «
2365 3712 2458 3778 Sit
2484 3730 2694 3776 sermo
2714 3717 2958 3778 vester:
2982 3713 3112 3794 Est,
3147 3718 3241 3779 est
3269 3738 3286 3779 ε
3318 3715 3490 3796 Νοιι,

1953 3839 2085 3885 non
2119 3842 2135 3885 ε
2168 3820 2244 3904 (b)
2285 3820 2450 3903 quod
2504 3819 2781 3903 amplius
2824 3824 2955 3900 est,
2994 3840 3035 3885 a
3069 3822 3240 3887 malo
3284 3829 3378 3888 est
3408 3844 3425 3890 ε
3454 3848 3486 3887 ιο

1955 3947 2113 4010 ergo
2133 3929 2188 3992 si
2209 3928 2496 4011 perfectis
2512 3946 2644 3993 non
2672 3927 2971 3993 convenit
2990 3930 3215 4012 jurare
3238 3979 3256 4009 ‚
3285 3937 3350 3997 et
3375 3933 3491 3997 mi·

1954 4054 2080 4100 nus
2108 4035 2404 4100 convenit
2428 4035 2589 4115 Deo,
2611 4035 2733 4100 nisi
2750 4036 2922 4119 quod
2939 4041 3035 4102 est
3054 4055 3328 4105 summae
3357 4060 3495 4123 per-

1954 4143 2237 4208 fectionis
2260 4160 2453 4224 :ergo
2466 4145 2688 4226 jurare
2711 4161 2843 4207 non
2868 4144 3045 4209 decet
3073 4144 3299 4212 Deum.
3325 4146 3492 4215 Prae-

1951 4253 2126 4314 terea
2146 4249 2519 4330 ostenditur,
2550 4249 2720 4332 quod
2747 4251 3133 4333 superfluat3
3156 4254 3308 4336 quia
3327 4254 3494 4321 Deus

1944 4375 2081 4430 „non
2125 4361 2329 4439 potest
2365 4358 2623 4423 mentiri
2652 4376 2669 4421 ε
2700 4376 2859 4441 ergo
2899 4377 3083 4444 aeque
3119 4381 3351 4428 verum
3395 4370 3494 4430 est

1954 4463 2226 4547 simplex
2251 4465 2522 4529 verbum
2551 4464 2703 4546 Dei,
2739 4485 2815 4530 ac
2832 4469 3299 4549 juramentum.
3332 4469 3491 4536 Item

1954 4570 2228 4652 videtur,
2261 4571 2432 4654 quod
2458 4590 2585 4636 non
2611 4575 2809 4656 possit
2825 4577 3078 4658 jurare;
3098 4578 3250 4660 quia
3276 4579 3493 4661 jurare

1954 4678 2050 4739 est
2084 4674 2363 4758 aliquem
2403 4675 2472 4738 in
2505 4680 2732 4741 testem
2776 4680 2842 4742 et
2888 4679 3088 4743 robur
3126 4680 3484 4748 adducere:

1953 4782 2064 4847 sed
2092 4781 2255 4848 Deus
2284 4801 2416 4847 non
2443 4783 2633 4848 habet
2657 4783 2856 4849 alium
2877 4831 2896 4866 ,
2925 4803 3042 4868 per
3065 4804 3259 4870 quem
3295 4789 3494 4872 possit

1955 4894 2375 4958 confirmare:
2404 4910 2561 4974 ergo
2588 4911 2704 4957 nec
2729 4897 2974 4977 jurare.
3007 4895 3376 4981 Respondeo
3401 4900 3492 4964 di-

1953 5003 2250 5082 cendum,
2276 5001 2447 5085 quod
2466 5003 2906 5083 ,iuramentum
2933 5005 3081 5070 finis
3110 5008 3321 5072 omnis
3348 5027 3492 5075 con-

1959 5120 1994 5154 ¹¹
2019 5118 2137 5183 lob,
2169 5129 2277 5181 xiv,
2315 5122 2364 5168 5.
2395 5145 2451 5155 -
2489 5119 2526 5149 ¹²
2557 5118 2698 5182 Sap„
2725 5131 2789 5181 Χ,
2819 5123 2899 5172 21.
2928 5147 2991 5161 -
3024 5122 3065 5160 ¹⁸
3090 5124 3260 5190 Anae„
3298 5137 3378 5191 νι,
3412 5129 3488 5180 16.

1952 5217 2015 5230 —-
2043 5191 2085 5225 *δ
2111 5191 2297 5254 Amos„
2328 5203 2387 5255 11,
2412 5192 2485 5242 14.
2507 5215 2568 5229 -
2596 5193 2641 5227 ¹⁸
2663 5190 2774 5257 lob,
2801 5203 2980 5260 mvl,
3008 5198 3056 5245 6.
3085 5221 3147 5235 -
3177 5197 3215 5228 ¹⁸
3237 5198 3407 5264 Pron„
3433 5212 3489 5265 x,

1953 5266 2001 5314 2.
2031 5289 2092 5300 -
2124 5262 2156 5291 ¹²
2182 5261 2290 5325 Job,
2315 5273 2368 5326 1,
2393 5265 2468 5313 15.
2497 5287 2560 5301 —
2591 5262 2632 5297 ¹⁸
2663 5264 2867 5324 nauh„
2897 5277 2948 5327 V,
2976 5268 3055 5317 37.

2019 5351 2089 5418 (a)
2128 5351 2272 5417 Vulq.
2302 5354 2572 5417 potestate.
2602 5379 2662 5394 --
2692 5351 2761 5420 (ὁ)
2787 5354 2908 5407 Coet.
2940 5355 3063 5409 edit.
3092 5357 3172 5413 hic
3196 5360 3311 5413 add.
3342 5374 3487 5429 ergo-
