4196 6294
1732 401 1990 470 CAPUT
2026 402 2135 467 ΙΙΙ.

340 538 511 604 rium
536 537 825 604 avaritiae
850 539 866 577 ¹
897 558 915 604 ε
948 563 979 602 ιι
996 542 1052 606 Α
1079 539 1312 606 minori
1337 556 1546 623 usque
1571 539 1653 603 ad
1683 542 1880 621 majo·

336 665 474 713 rem
516 665 740 712 omnes
782 647 1071 713 avaritiae
1105 647 1380 713 student.
1404 669 1436 706 ι)
1487 644 1706 710 Prima
1751 645 1878 710 duo

337 756 547 820 studia
570 759 723 820 sunt
735 756 943 833 bona3
972 755 1102 820 duo
1127 754 1461 838 sequentia
1487 753 1658 818 mala
1671 776 1688 830 ;
1719 758 1782 818 et
1810 753 1879 816 in

336 864 440 929 his
467 865 846 930 discernitur
874 865 1122 929 bonitas
1148 863 1429 929 hominis
1450 864 1475 899 ¹
1506 884 1521 927 ε
1564 887 1594 925 α
1615 862 1715 927 Ex
1742 867 1877 927 stu·

336 972 459 1037 diis
487 972 623 1036 suis
648 972 1035 1055 intelligitur
1055 990 1237 1056 puer,
1267 971 1321 1035 si
1350 970 1594 1034 munda
1622 974 1685 1035 et
1710 973 1881 1034 recta

337 1085 489 1145 sunt
530 1098 723 1164 opera
762 1082 928 1164 ejus.
959 1102 990 1140 υ
1029 1079 1188 1158 Quia
1231 1079 1435 1161 igitur
1478 1077 1880 1143 Ecclesiastes

337 1207 470 1254 non
497 1189 600 1252 his
629 1189 997 1267 studuerat,
1045 1187 1156 1253 sed
1183 1187 1263 1252 ad
1296 1185 1632 1251 avaritiam
1657 1189 1723 1250 et
1751 1203 1877 1267 gu·

335 1294 466 1360 lam
488 1344 506 1377 ,
540 1296 680 1362 ideo
704 1315 823 1361 sua
847 1296 1054 1361 studia
1083 1294 1420 1376 arguebat.

832 1536 1170 1607 CAPUT
1236 1535 1376 1604 111.

418 1733 477 1792 1.
529 1727 761 1795 Omnia
795 1733 1039 1811 tempus
1089 1726 1338 1834 habent,
1381 1726 1590 1809 Supra
1624 1724 1764 1806 egit
1801 1724 1880 1789 de

335 1835 615 1900 vanitate
640 1854 892 1915 rerum,
928 1835 1270 1900 ostendens
1294 1836 1359 1898 in
1390 1835 1470 1897 iis
1507 1851 1644 1897 esse
1673 1832 1879 1897 varia-

335 1940 641 2006 bilitatem
671 1941 917 2006 ratione
958 1946 1211 2019 motus;
1264 1940 1369 2003 hic
1416 1938 1694 2003 secundo
1739 1937 1881 2002 vult
1921 1969 1926 1974 -

334 2050 667 2115 ostendere
687 2049 1037 2114 vanitatem
1061 2052 1377 2133 quantum
1398 2047 1480 2111 ad
1505 2046 1880 2111 determina-

335 2156 577 2221 tionem
627 2161 691 2220 et
735 2156 1112 2222 varietatem
1149 2155 1218 2218 in
1257 2159 1545 2237 tempore
1576 2175 1592 2217 ι
1623 2156 1687 2217 et
1726 2152 1881 2235 quia

335 2264 607 2329 ostendit
633 2263 1132 2328 mutabilitatem·
1149 2281 1369 2327 rerum
1386 2311 1403 2342 ,
1436 2280 1567 2327 non
1594 2262 1669 2325 ad
1702 2261 1878 2344 ipsa-

335 2389 484 2436 rum
502 2375 936 2455 contemptum
956 2370 1308 2435 secundum
1330 2369 1499 2452 quod
1515 2372 1667 2433 sunt
1687 2386 1879 2450 opera

336 2477 481 2557 Dei,
511 2478 622 2543 sed
648 2477 1000 2542 secundum
1026 2477 1196 2561 quod
1228 2480 1531 2541 amantur
1567 2495 1606 2539 a
1652 2475 1840 2539 nobis
1856 2497 1874 2553 ;

334 2582 474 2649 ideo
485 2585 555 2649 in
567 2585 689 2649 hac
705 2589 883 2668 parte
900 2582 1171 2649 ostendit
1183 2583 1390 2666 primo
1399 2588 1760 2665 temporum
1778 2600 1881 2646 va-

334 2693 648 2772 rietatem,
665 2693 946 2758 secundo
961 2691 1367 2774 reprehendit
1383 2696 1669 2757 nostram
1680 2691 1881 2755 curio-

333 2801 604 2878 sitatem,
625 2801 715 2865 ibi
748 2805 834 2882 (v.
856 2803 917 2878 9)
942 2822 959 2865 ε
991 2798 1161 2875 Quid
1188 2798 1372 2866 habet
1393 2798 1696 2883 amplius,
1721 2803 1875 2878 etc.;

333 2910 544 2988 terti0‚
575 2908 943 2973 divinorum
961 2924 1229 2989 operum
1256 2906 1762 2988 perpetuitatem,
1787 2906 1878 2969 ibi

337 3016 884 3096 (v.14):Etdidici,
896 3014 1067 3099 quod
1076 3017 1296 3083 omnia
1304 3031 1519 3097 opera,
1533 3019 1651 3079 etc.
1666 3015 1880 3079 Prima

333 3143 483 3209 pars
500 3125 691 3191 habet
703 3125 860 3190 duas
885 3144 899 3187 z
924 3123 1079 3206 quia
1098 3123 1306 3207 primo
1329 3123 1466 3205 agit
1477 3123 1554 3187 de
1574 3122 1879 3187 varietate

332 3233 824 3313 etmutabilitate
840 3250 1061 3297 rerum
1079 3231 1439 3313 intempore
1460 3229 1873 3312 generaliter3

331 3342 646 3421 secundo,
683 3340 1054 3424 specialiter,
1098 3338 1455 3403 inducendo
1494 3343 1558 3402 et
1601 3338 1879 3420 proban-

329 3448 432 3528 do,
447 3450 539 3513 ibi
553 3449 637 3531 (v.
651 3452 710 3527 2)
728 3471 744 3513 z
766 3449 1033 3531 Tempus
1050 3446 1381 3514 nascendi.
1398 3447 1703 3530 Proponit
1719 3465 1878 3530 ergo

333 3557 737 3636 generaliter,
768 3558 1026 3622 dicens:
1063 3558 1297 3624 Omnia
1326 3563 1572 3638 tempus
1600 3556 1836 3624 habent
1854 3606 1874 3636 ,

328 3662 395 3727 id
420 3668 515 3727 est
547 3665 856 3747 temporis
880 3666 1254 3730 varietatem
1273 3712 1293 3744 ,
1329 3664 1484 3747 quia
1513 3669 1573 3727 ⁸:
1622 3687 1652 3725 α
1677 3663 1878 3730 Vani-

331 3769 445 3833 tati
473 3771 757 3852 subJecta
801 3776 897 3836 est
931 3778 1221 3837 creatura
1248 3789 1379 3836 non
1417 3771 1641 3835 volens
1671 3792 1686 3834 ε
1720 3792 1752 3831 ι)
1797 3771 1881 3836 Et

331 3878 472 3943 suis
515 3880 756 3960 spatiis
797 3883 1133 3946 transeunt
1200 3880 1516 3946 universa
1563 3878 1680 3945 sub
1715 3877 1877 3958 sole,

330 3988 649 4068 quantum
676 3986 757 4050 ad
783 3988 1033 4069 praessxi
1060 3987 1369 4070 temporis
1395 3986 1879 4052 determinatio-

187 4088 194 4095 ’
330 4110 505 4158 nem.
556 4093 579 4125 ⁸
636 4117 666 4155 α
694 4093 922 4158 Omnia
965 4094 1033 4158 in
1080 4112 1398 4195 numero,
1452 4094 1771 4177 pondere,
1816 4097 1880 4159 et

331 4218 634 4266 mensura
660 4201 1046 4285 disposuisti.
1077 4223 1108 4261 n
1135 4200 1212 4266 Et
1237 4206 1259 4241 ⁸
1291 4220 1308 4266 ε
1349 4224 1380 4261 α
1397 4198 1687 4267 Praeterit
1710 4202 1877 4283 figu-

330 4325 406 4373 ra
429 4309 628 4391 huius
654 4309 880 4373 mundi
900 4356 922 4389 ,
943 4330 974 4368 t>
1010 4313 1074 4373 et
1102 4309 1382 4372 maxime
1417 4308 1540 4372 hoc
1570 4307 1876 4390 temporis

332 4415 536 4498 spatio
561 4415 682 4479 sibi
712 4416 961 4498 praeflxi
989 4423 1013 4458 ⁸
1037 4437 1052 4480 ε
1091 4437 1123 4476 α
1150 4412 1539 4479 Constituisti
1566 4415 1876 4480 terminos

334 4524 476 4605 ejus
495 4571 514 4604 ,
544 4523 659 4607 qui
688 4523 1003 4606 praeteriri
1030 4540 1164 4587 non
1196 4524 1518 4604 poterunt.
1548 4541 1580 4580 n

414 4629 531 4695 Hic
553 4635 648 4695 est
659 4630 929 4715 quaestio
952 4631 1031 4696 de
1054 4632 1207 4711 hoc,
1229 4629 1399 4713 quod
1418 4628 1609 4694 dicit:
1641 4629 1876 4698 Omnia

335 4746 582 4825 tempus
607 4739 862 4807 habent.
896 4738 1202 4804 Instantis
1227 4741 1359 4814 est,
1388 4736 1693 4821 quoniam
1724 4738 1873 4802 sub·

333 4848 583 4913 stantiae
607 4846 990 4930 spirituales,
1015 4851 1091 4911 ut
1109 4845 1261 4910 dicit
1273 4843 1727 4928 Hieronymus,
1759 4864 1875 4911 nec

331 4956 499 5038 loco,
530 4975 648 5022 nec
682 4959 968 5037 tempore
996 4953 1421 5018 continentur.
1453 4951 1611 5017 Item
1633 5000 1650 5034 ,
1684 4971 1875 5020 omne

333 5064 504 5147 quod
528 5064 717 5129 estin
741 5066 1062 5146 tempore,
1112 5066 1174 5126 et
1200 5061 1392 5126 habet
1436 5065 1689 5143 tempus
1710 5109 1729 5142 ,
1780 5067 1877 5127 est

334 5172 658 5256 corporale
687 5190 707 5237 z
749 5171 860 5236 sed
904 5168 1273 5235 substantiae
1321 5167 1685 5253 spirituales
1726 5176 1878 5237 sunt

400 5336 637 5402 ¹Jerem„
664 5348 741 5404 VI,
771 5338 847 5390 13.
877 5363 942 5376 —
971 5336 1182 5397 ’Prov.,
1212 5346 1302 5399 xx,
1336 5337 1413 5386 Η.
1441 5359 1505 5373 -
1530 5333 1553 5371 ⁸
1575 5330 1733 5393 Rom..
1761 5343 1874 5401 vnn,

334 5408 416 5459 20.
436 5433 500 5447 -
519 5406 543 5444 δ
565 5409 707 5471 sap..
727 5420 803 5473 ιι,
832 5411 911 5461 21.
933 5410 1032 5449 —⁸
1064 5407 1241 5470 leon,
1272 5418 1367 5471 vn,
1395 5408 1558 5460 31.--
1579 5407 1601 5441 ⁸
1620 5405 1733 5472 Iob,
1763 5417 1874 5472 nv,

3412 413 3528 475 607

1985 538 2447 620 incorporales:
2479 557 2642 622 ergo
2659 558 2791 606 non
2812 544 2964 607 sunt
2981 541 3049 606 in
3066 545 3354 626 tempore
3365 590 3388 622 ,
3414 561 3535 610 nec

1986 644 2224 708 habent
2248 650 2526 727 tempus.
2551 645 2731 724 Quod
2751 653 2966 713 autem
2981 648 3110 713 sint
3130 648 3199 713 in
3217 652 3524 733 tempore,

1987 751 2265 831 videtur,
2299 752 2453 834 quia
2479 753 2749 819 dicitur:
2790 779 2821 816 a
2844 755 3215 821 Substantia
3240 757 3534 841 spiritua·

1985 860 2063 924 lis
2098 860 2382 925 increata
2416 879 2546 925 non
2591 869 2883 929 movetur
2926 883 3041 947 per
3089 869 3376 948 tempus,
3414 884 3533 932 nec

1986 986 2103 1051 per
2127 967 2376 1047 locum;
2408 969 2760 1035 substantia
2780 972 3125 1055 spiritualis
3153 978 3364 1038 creata
3390 994 3529 1041 mo-

1986 1080 2177 1141 vetur
2206 1094 2316 1159 per
2344 1080 2624 1160 tempus,
2660 1079 2771 1144 sed
2799 1098 2927 1144 non
2958 1099 3085 1163 per·
3103 1082 3356 1163 locum;
3388 1102 3528 1148 cor-

1985 1183 2224 1265 poralis
2254 1187 2497 1261 creata,
2527 1202 2641 1268 per
2670 1188 2922 1271 tempus
2948 1193 3011 1253 et
3040 1188 3274 1254 locum.
3304 1212 3335 1250 υ
3372 1189 3532 1256 Item

1987 1289 2165 1372 quod
2190 1292 2286 1355 est
2318 1291 2385 1354 in
2415 1291 2553 1355 loco
2571 1340 2588 1371 ,
2633 1297 2730 1357 est
2763 1294 2832 1357 in
2861 1298 3148 1377 tempore
3180 1317 3196 1360 z
3224 1296 3335 1361 sed
3361 1297 3534 1363 solus

1988 1395 2158 1461 Deus
2201 1401 2295 1461 est
2341 1396 3010 1484 incircumscriptibilis
3031 1451 3050 1483 ,
3101 1406 3176 1468 ut
3219 1403 3372 1467 dicit
3405 1404 3531 1469 Da-

1991 1521 2331 1570 mascenus
2363 1511 2387 1545 '¹
2428 1528 2443 1570 :
2486 1525 2643 1589 ergo
2692 1508 2866 1573 solus
2910 1515 3007 1575 est
3042 1510 3479 1593 intemporalis
3510 1534 3527 1576 ι

1989 1631 2148 1695 ergo
2175 1613 2395 1678 omnia
2420 1614 2545 1680 alia
2578 1619 2829 1700 tempus
2855 1618 3115 1683 habent.
3163 1619 3532 1702 Respondeo

1984 1710 2323 1786 dicendum
2357 1721 2437 1787 ad
2464 1723 2620 1802 hoc,
2658 1726 2830 1807 quod
2868 1727 2984 1789 ista
3024 1726 3385 1792 distributio
3437 1732 3533 1792 est

1985 1830 2397 1895 accommoda
2418 1853 2435 1909 ;
2461 1836 2525 1895 et
2540 1832 2728 1911 sicut,
2749 1833 3008 1916 quando
3027 1835 3265 1899 dicitur
3288 1857 3303 1900 :
3341 1857 3374 1896 α
3391 1835 3531 1901 Coe-

1985 1937 2125 2001 lum
2170 1938 2336 2020 tegit
2365 1940 2618 2019 omnia,
2643 1962 2674 2000 1>
2709 1940 3091 2023 intelligitur
3130 1941 3209 2007 de
3256 1942 3336 2006 iis
3382 1961 3530 2026 quae

1986 2048 2140 2109 sunt
2182 2045 2303 2110 sub
2331 2045 2529 2125 coelo;
2562 2047 2652 2112 sic
2696 2049 2951 2130 quando
2980 2049 3212 2114 dicitur
3244 2071 3260 2114 ε
3298 2051 3530 2118 Omnia

1986 2161 2237 2235 tempus
2262 2153 2516 2232 habent,
2555 2153 2935 2236 intelligitur
2962 2156 3040 2220 de
3068 2156 3149 2219 iis
3193 2176 3344 2240 quae
3379 2165 3532 2224 sunt

1986 2261 2109 2325 sub
2139 2260 2269 2325 sole
2291 2308 2308 2338 ,
2358 2264 2422 2324 et
2448 2266 2904 2326 mensurantur
2932 2266 3221 2346 tempore
3251 2285 3266 2328 :
3300 2270 3364 2330 et
3391 2266 3531 2331 ideo

1987 2386 2121 2432 non
2144 2370 2239 2431 est
2266 2367 2594 2432 inferenda
2610 2368 2912 2433 instantia
2929 2351 3000 2433 in
3021 2370 3376 2436 substantia
3403 2374 3530 2457 spi-

1987 2475 2228 2540 rituali.
2261 2475 2328 2541 Si
2356 2479 2572 2541 autem
2590 2476 2869 2541 velimus
2893 2477 3397 2545 distributionem
3425 2501 3532 2546 ex-

1986 2583 2274 2663 tendere,
2304 2582 2588 2648 dicemus
2604 2632 2621 2665 ‚
2655 2584 2827 2667 quod
2867 2588 3123 2668 tempus
3149 2585 3383 2652 dicitur
3408 2589 3529 2652 tri-
3567 2612 3763 2668 rempu-

1987 2690 2231 2773 pliciter
2260 2711 2278 2756 :
2311 2692 2757 2773 communiter,
2799 2697 2861 2758 et
2902 2694 3156 2777 proprie
3177 2743 3194 2775 ,
3226 2701 3290 2761 et
3323 2698 3530 2780 magis

1986 2800 2283 2881 proprie:
2317 2801 2764 2879 communiter,
2800 2803 3152 2867 secundum
3183 2807 3355 2887 quod
3382 2807 3532 2871 dicit

1989 2923 2360 2971 mensuram
2387 2908 2467 2972 de
2502 2925 2633 2973 non
2661 2926 2799 2973 esse
2824 2909 2905 2974 ad
2926 2928 3063 2975 esse
3085 2957 3104 2989 ‚
3149 2912 3362 2977 ethos
3388 2931 3533 2979 mo-

1987 3012 2069 3077 do
2095 3019 2193 3077 est
2218 3014 2285 3078 in
2312 3015 2612 3080 omnibus
2630 3063 2651 3096 ,
2700 3016 2853 3098 quia
2880 3017 3099 3081 omnia
3126 3017 3385 3084 initium
3413 3021 3528 3085 ha-

1987 3118 2267 3185 buerunt
2296 3142 2311 3185 ε
2335 3126 2399 3186 et
2413 3121 2536 3186 hoc
2559 3121 2808 3187 videtur
2826 3122 3037 3189 littera
3053 3124 3321 3191 innuere
3340 3147 3357 3208 ;
3379 3128 3533 3211 quia

1987 3228 2125 3310 ipse
2156 3228 2305 3292 dicit
2332 3229 2505 3311 quod
2544 3231 2765 3297 omnia
2816 3238 3065 3313 tempus
3102 3233 3368 3315 habent,
3420 3237 3528 3302 md

1987 3352 2120 3399 non
2164 3336 2338 3417 quod
2388 3337 2606 3401 omnia
2650 3342 2970 3404 transeant
3022 3341 3144 3405 sub
3184 3342 3333 3407 sole.
3388 3343 3532 3409 Alio

1988 3442 2179 3506 modo
2196 3443 2482 3526 proprie,
2513 3449 2703 3526 prout
2737 3445 3040 3529 importat
3065 3447 3482 3514 variationem
3508 3498 3528 3530 ‚

1988 3549 2125 3615 sive
2154 3549 2219 3614 in
2243 3550 2595 3616 substantia
2611 3598 2634 3632 ,
2665 3553 2801 3617 sive
2841 3553 2910 3617 in
2951 3553 3318 3635 affectione;
3350 3560 3415 3621 et
3441 3557 3533 3623 sic

1987 3657 2199 3721 adhuc
2226 3658 2575 3724 substantia
2610 3660 2961 3743 spiritualis
3002 3662 3196 3728 habet
3241 3667 3490 3748 tempus
3509 3709 3528 3743 ‚

1988 3769 2304 3848 quantum
2342 3766 2423 3830 ad
2472 3768 2853 3833 mutationes
2897 3768 3265 3835 affectuum.
3321 3770 3532 3837 Tertio

1987 3872 2177 3937 modo
2204 3873 2418 3954 magis
2444 3874 2698 3956 proprie
2714 3922 2735 3955 ,
2765 3881 2957 3958 prout
2997 3895 3297 3944 mensura
3339 3898 3531 3947 exce·-

1987 3980 2181 4059 dens;
2215 3985 2280 4045 et
2305 3981 2397 4045 sic
2422 3986 2516 4045 est
2553 3984 3064 4066 corruptibilium
3088 4035 3106 4065 ‚
3135 3992 3199 4051 et
3226 4006 3356 4053 non
3388 4007 3527 4054 om·

1987 4087 2195 4152 nium.
2232 4088 2412 4166 Quod
2442 4107 2599 4171 ergo
2627 4092 2964 4174 quaeritur,
2995 4099 3213 4160 utrum
3242 4097 3534 4162 substan-

1987 4196 2095 4260 tiae
2124 4198 2487 4281 spirituales
2513 4199 2792 4264 habeant
2819 4203 3073 4285 tempus
3090 4222 3108 4282 3
3126 4204 3527 4287 solvendum,

1988 4307 2161 4389 quod
2188 4306 2399 4389 primo
2427 4307 2618 4372 modo
2645 4307 2905 4389 habent,
2939 4314 3253 4392 quantum
3281 4312 3358 4377 ad
3387 4314 3533 4378 sub-

1987 4412 2327 4492 stantiam3
2364 4413 2642 4478 secundo
2679 4415 2870 4480 modo
2887 4463 2911 4496 ,
2951 4422 3263 4499 quantum
3303 4419 3385 4484 ad
3412 4420 3534 4485 ali-

1986 4538 2150 4603 quas
2178 4519 2576 4600 affectiones;
2628 4523 2813 4587 tertio
2855 4524 3046 4589 modo
3082 4543 3213 4591 non
3244 4525 3481 4594 babent
3512 4549 3529 4594 t

1987 4633 2052 4694 et
2078 4646 2192 4713 per
2232 4628 2356 4694 hoc
2392 4628 2734 4696 solvuntur
2767 4631 3243 4700 contrarietates
3286 4635 3533 4702 utrius·

1988 4756 2118 4821 que
2144 4738 2363 4821 partis.

2069 4845 2395 4924 Quaeritur
2420 4845 2499 4911 de
2527 4846 2805 4913 secunda
2832 4854 3009 4931 parte
3037 4855 3482 4936 propositionis
3514 4877 3530 4922 ε

1988 4954 2072 5021 Ec
2101 4954 2243 5021 suis
2279 4955 2517 5037 spatiis
2564 4960 2900 5023 transeunt
2942 4959 3060 5025 sub
3107 4960 3271 5042 sole,
3315 4950 3536 5030 utrum

1987 5066 2313 5128 transeant
2330 5062 2662 5127 elementa.
2687 5061 2989 5146 Quodsic,
3003 5066 3258 5134 videtur
3276 5069 3300 5107 ⁸
3318 5072 3531 5140 :nvidi

1990 5170 2227 5236 coelum
2268 5186 2550 5248 novum,
2600 5173 2665 5234 et
2713 5173 2952 5235 terram
2991 5192 3228 5243 novam
3263 5193 3282 5242 ε
3312 5199 3344 5240 n
3378 5198 3538 5264 ergo

1988 5337 2037 5388 5.
2066 5362 2131 5374 —
2166 5336 2183 5367 ²
2211 5336 2471 5399 Damaso„
2509 5331 2572 5384 de
2606 5331 2730 5384 Fid.
2762 5333 2987 5403 orthod„
3020 5337 3110 5393 lib.
3151 5341 3201 5405 l,
3246 5357 3294 5395 c.
3336 5355 3446 5399 xvi.
3478 5370 3534 5386 --

1986 5407 2010 5445 ⁸
2036 5408 2206 5474 Apoc„
2234 5418 2346 5471 ιιι,
2376 5410 2424 5491 1..

3577 2675 3758 2731 triplici·

3557 2741 3629 2781 tur
3666 2737 3771 2780 diei-

3626 2802 3716 2844 tur.
