4196 6294
1732 394 1989 463 CAPUT
2027 395 2161 461 ΧΠ.
2222 359 2235 375 ’

350 532 618 609 animae‚
645 531 727 597 ad
765 531 968 597 Deum
1003 531 1286 598 reversio
1312 579 1331 611 ,
1368 532 1541 598 unde
1578 530 1729 598 dicit
1759 552 1775 597 t
1807 530 1890 599 Et

349 641 625 725 spiritus
663 638 882 707 redeat
920 639 1011 707 ad
1038 643 1236 706 Deum
1252 688 1274 720 ,
1316 642 1430 724 qui
1474 639 1654 706 dedit
1680 639 1884 705 illum.

352 746 491 831 lpse
517 746 823 812 Dominus
847 746 955 811 dat
977 746 1272 831 spiritum
1296 768 1313 826 ;
1346 747 1514 811 unde
1557 747 1788 811 dicitur
1817 746 1837 783 ¹
1869 768 1884 812 ε

362 877 394 916 c
420 853 540 932 Qui
573 854 765 936 fingit
794 853 1120 937 sigillatim
1147 855 1338 921 corda
1360 872 1607 919 eorum.
1637 877 1669 914 n
1709 853 1789 919 Et
1809 854 1890 919 ad

353 964 554 1030 Deum
587 963 752 1027 redit
777 964 988 1028 omnis
1014 963 1308 1046 spiritus,
1339 966 1646 1046 tanquam
1673 960 1754 1027 ad
1781 979 1889 1026 re-

352 1070 729 1136 tributorem
769 1071 794 1107 ²
834 1090 851 1135 :
897 1093 929 1133 α
970 1070 1202 1137 Omnes
1239 1073 1547 1138 stabimus
1589 1075 1735 1136 ante
1771 1071 1887 1134 tri·

351 1176 550 1242 bunal
577 1177 829 1257 Christi,
858 1182 935 1243 ut
958 1179 1191 1244 referat
1211 1180 1673 1264 unusquisque,
1700 1184 1890 1263 prout

354 1284 575 1366 gessit,
610 1284 746 1349 sive
776 1287 1044 1364 bonum,
1073 1287 1208 1352 sive
1236 1286 1502 1351 malum.
1533 1308 1565 1347 n

432 1390 856 1476 spiritualiter
881 1394 962 1458 ab
987 1394 1103 1460 illo
1126 1395 1263 1461 loco
1291 1418 1306 1460 :
1335 1394 1600 1470 Quando
1631 1410 1890 1462 commo-

352 1498 686 1577 vebuntur,
703 1503 848 1580 etc„
866 1500 1246 1567 describitur
1257 1502 1362 1566 hic
1380 1505 1583 1568 status
1598 1501 1890 1568 Ecclesiae

245 1682 248 1685 ,
354 1607 594 1674 finalis:
618 1609 847 1691 primo,
866 1609 1076 1692 quoad
1090 1610 1525 1687 antecedentia
1541 1610 1884 1693 judicium;

356 1716 666 1795 secunde,
709 1720 1026 1800 quantum
1072 1718 1154 1783 ad
1208 1718 1715 1797 concomitantia,
1747 1718 1836 1782 ibi
1869 1739 1884 1783 :

360 1824 672 1899 Quoniam
704 1823 826 1891 ibit
861 1824 1043 1892 homo
1085 1827 1159 1892 in
1192 1824 1472 1906 domum,
1506 1830 1649 1904 etc.;
1679 1827 1884 1907 tertio,

355 1930 567 2014 quoad
604 1931 1086 2014 consequentia,
1127 1933 1218 1997 ibi
1262 1955 1277 1997 :
1313 1934 1672 2016 Antequam
1712 1950 1887 2000 rum-

351 2044 550 2123 patur
563 2041 747 2121 runis
765 2045 1123 2123 amentem,
1151 2044 1270 2106 etc.
1296 2040 1513 2106 Status
1535 2045 1683 2106 ante
1702 2040 1889 2123 judi-

355 2148 566 2234 cium,
596 2149 709 2231 qui
737 2150 857 2214 erit
890 2148 961 2213 in
1000 2149 1280 2216 adventu
1307 2148 1676 2214 Antichristi
1697 2196 1719 2227 ,
1750 2150 1888 2214 des-

355 2256 621 2323 cribitur
646 2261 962 2340 quantum
992 2257 1073 2322 ad
1099 2258 1222 2322 tria
1252 2279 1267 2323 :
1297 2258 1539 2341 primo,
1571 2261 1889 2341 quantum

354 2365 436 2429 ad
473 2364 964 2431 diminutionem
1003 2365 1193 2445 fldei3
1226 2365 1505 2432 secundo
1527 2415 1546 2447 ,
1577 2368 1890 2448 quantum

352 2472 436 2537 ad
461 2470 889 2538 dilatationem
922 2473 1155 2538 erroris
1177 2522 1195 2553 ,
1225 2474 1360 2539 ibi:
1389 2475 1476 2541 Et
1512 2478 1893 2556 consurgent

354 2579 665 2647 advocent
677 2579 977 2659 volucris,
999 2583 1146 2659 etc.;
1165 2581 1384 2660 tertio,
1397 2581 1606 2663 quoad
1626 2580 1891 2646 modum

350 2688 676 2771 dilatandi,
695 2689 783 2754 ibi
797 2708 814 2754 :
828 2689 1108 2758 Florebit
1125 2690 1655 2774 amyqdalus,etc.
1675 2691 1890 2756 Primo

351 2815 508 2880 ergo
553 2797 842 2882 praedicit
886 2797 1173 2863 futuram
1219 2817 1357 2893 esse
1399 2799 1890 2864 diminutionem

352 2905 501 2971 fidei
529 2908 845 2990 quantum
881 2906 961 2970 ad
994 2909 1269 2989 quatuor
1309 2925 1548 2988 genera
1585 2926 1889 2990 persona-

352 3032 503 3080 rum
532 3035 548 3078 ε
585 3013 822 3097 primo,
856 3017 1169 3097 quantum
1196 3013 1278 3078 ad
1303 3014 1597 3098 praelatos
1622 3039 1640 3095 ;
1672 3035 1891 3082 secun-

354 3123 466 3204 do,
497 3124 811 3207 quantum
837 3120 916 3186 ad
942 3122 1249 3206 perfectos
1271 3144 1288 3201 ;
1320 3122 1505 3187 tertio
1524 3171 1544 3204 ‚
1572 3128 1887 3208 quantum

354 3232 435 3297 ad
460 3230 814 3315 simplices3
845 3233 1110 3315 quarto,
1150 3234 1465 3314 quantum
1509 3232 1590 3296 ad
1633 3234 1892 3316 sapien-

352 3343 473 3406 tes.
502 3339 719 3406 Primo
744 3356 902 3422 ergo
939 3338 1091 3404 dicit
1131 3340 1620 3406 commotionem
1660 3344 1894 3427 praela-

355 3449 569 3512 torum
593 3496 610 3529 ‚
647 3465 797 3513 cum
823 3446 973 3511 dicit
1004 3468 1020 3510 ε
1054 3446 1322 3526 Quando
1346 3451 1895 3518 commovebuntur

359 3556 642 3623 custodes
667 3555 918 3623 domae.
949 3555 1190 3620 Domus
1218 3556 1341 3620 ista
1365 3561 1459 3622 est
1482 3556 1788 3640 Ecclesia,
1815 3562 1893 3626 de

359 3681 488 3746 qua
517 3663 831 3729 dicitur‘:
865 3686 898 3725 α
922 3662 1197 3728 Domum
1224 3667 1402 3729 tuam
1446 3665 1623 3732 decet
1661 3669 1892 3734 sancti-

359 3770 537 3834 tudo.
569 3790 601 3829 n
636 3769 933 3836 Custodes
966 3775 1117 3836 sunt
1152 3771 1433 3855 praelati,
1464 3775 1696 3857 quibus
1738 3795 1894 3843 cura

360 3877 663 3944 dominici
706 3879 930 3961 gregis
972 3884 1068 3944 est
1109 3881 1446 3946 commissa
1471 3888 1495 3924 ¹
1544 3905 1559 3947 ε
1611 3906 1643 3946 α
1688 3884 1895 3970 Super

358 4004 580 4053 muros
590 3990 758 4067 tuos,
775 3986 1195 4068 Hierusalem,
1211 3990 1506 4056 constitui
1519 3994 1825 4060 custodes.
1853 4018 1885 4056 ι»

360 4095 662 4162 Custodes
719 4094 922 4176 igitur
965 4099 1544 4165 commovebuntur
1563 4148 1585 4180 ,
1636 4103 1891 4186 quando

361 4203 610 4288 praelati
638 4203 707 4266 in
733 4202 858 4267 fide
885 4204 1361 4285 concutientur;
1392 4209 1454 4271 et
1480 4208 1603 4273 hoc
1625 4211 1887 4293 quidem

358 4306 479 4380 erit
510 4313 582 4377 in
607 4310 979 4378 Antichristi
1005 4310 1322 4393 adventu;
1352 4317 1522 4382 unde
1564 4318 1794 4384 dicitur
1819 4321 1841 4357 ⁸
1871 4342 1887 4386 :

367 4446 400 4488 ι
472 4422 715 4489 Montes
782 4440 824 4486 a
889 4420 1314 4488 fundamentis
1389 4430 1890 4496 commovebun-

360 4534 469 4597 tur
489 4531 595 4614 (a).
624 4553 656 4592 n
710 4529 1005 4596 Secundo
1028 4578 1050 4610 ,
1101 4530 1391 4613 praedicit
1430 4533 1888 4603 dubitationem

356 4639 778 4724 perfectorum
810 4685 830 4718 ‚
877 4656 1026 4703 cum
1073 4637 1212 4702 ait:
1258 4639 1342 4706 Et
1389 4643 1711 4712 nutabunt
1759 4648 1895 4715 viri

356 4748 725 4828 fortissimi.
770 4745 905 4813 Viri
944 4746 1266 4812 fortissimi
1310 4753 1461 4814 sunt
1507 4752 1761 4834 perfch
1824 4754 1894 4819 in

357 4854 665 4921 charitate
705 4857 771 4920 et
812 4872 959 4939 spe,
1001 4855 1356 4922 secundum
1398 4858 1556 4925 illud
1584 4861 1607 4898 ⁸
1656 4882 1672 4927 z
1713 4885 1745 4925 α
1773 4860 1894 4940 Qui

357 4967 615 5047 sperant
631 4961 1001 5045 inDomino,
1012 4965 1351 5032 mutabunt
1373 4968 1828 5038 fortitudinem.
1857 4994 1888 5034 n

361 5071 472 5137 Isti
522 5070 841 5137 nutabunt
900 5072 1005 5156 (b),
1079 5074 1337 5158 quando
1408 5079 1693 5163 tempore
1764 5080 1893 5147 An·

420 5276 440 5311 ¹
460 5270 598 5323 Psal.
626 5281 794 5336 mn,
824 5275 902 5324 15.
920 5297 983 5310 —
1012 5272 1032 5304 ²
1053 5274 1098 5325 11
1128 5274 1267 5337 Cor„
1291 5285 1343 5340 v,
1374 5276 1451 5327 10.
1472 5299 1534 5314 -
1554 5275 1578 5312 ⁸
1600 5276 1734 5330 Psal.
1756 5289 1888 5345 xcn,

356 5344 406 5394 Β.
433 5366 496 5382 -
528 5344 549 5375 ⁴
577 5346 697 5406 isa„
724 5355 865 5409 Lm,
890 5348 940 5397 6.
966 5371 1031 5384 —
1068 5345 1091 5382 ⁸
1123 5346 1316 5410 Iudith,
1353 5357 1469 5414 xv1,
1506 5350 1582 5399 18.
1609 5375 1670 5387 —
1711 5350 1733 5386 ⁸
1768 5351 1891 5417 Iso„

356 5425 445 5482 xz,
473 5416 553 5468 8¹.
582 5442 638 5456 -
669 5418 688 5450 ⁷
713 5416 918 5482 flatui„
954 5428 1100 5481 xxiv,
1142 5420 1199 5471 ιι
1219 5455 1239 5483 ,
1266 5421 1345 5471 22.
1374 5445 1437 5459 -
1473 5421 1493 5453 ⁸
1530 5418 1679 5490 ibid„
1718 5423 1798 5480 ⁴¹·
1826 5449 1890 5464 -

3418 380 3540 462 ‘cve

1999 530 2270 596 tichristi
2326 533 2397 595 in
2448 529 2574 595 fide
2626 527 3073 611 vacillabunt*
3116 550 3135 594 ε
3184 550 3217 591 α
3258 529 3543 611 Surgent

1999 637 2566 722 pseudopropheta}
2583 687 2601 717 ,
2632 639 2695 702 et
2722 636 2967 701 dabunt
2991 637 3041 700 si
3048 655 3180 719 gna
3200 686 3220 718 ,
3250 640 3326 702 ut
3346 636 3541 703 indu-

2001 748 2229 810 cantur
2275 747 2347 809 in
2390 762 2671 810 errorem
2718 745 2908 809 etiam
2938 791 2954 821 ,
3005 744 3059 807 si
3101 744 3244 808 fleri
3287 747 3536 827 posset,

2001 854 2203 920 electi.
2233 854 2311 919 Et
2336 854 2460 917 nisi
2484 852 2754 918 breviati
2780 852 3047 916 fuissent
3087 850 3220 916 dies
3245 850 3378 932 illi,
3408 870 3541 918 non

2001 966 2165 1028 esset
2191 962 2367 1028 salva
2404 960 2614 1026 omnis
2643 977 2833 1024 caro:
2867 959 2976 1047 sed
3004 962 3264 1043 propter
3310 959 3541 1026 electos

1999 1071 2482 1137 breviabuntur.
2505 1092 2536 1130 ι)
2563 1069 2777 1133 Tertio
2804 1068 3092 1150 praedicit
3115 1068 3370 1151 lapsum
3392 1068 3540 1134 sim-

1998 1180 2264 1264 plicium
2293 1229 2312 1260 ‚
2359 1197 2507 1244 cum
2535 1175 2879 1261 subjungit
2922 1197 2940 1239 ι
2973 1179 3067 1243 Et
3101 1179 3317 1244 otiosae
3356 1183 3542 1247 erunt

2000 1290 2293 1356 molentes
2324 1290 2399 1355 in
2444 1287 2691 1353 minuto
2728 1300 3019 1364 numero,
3048 1284 3114 1349 id
3141 1288 3264 1364 est,
3295 1285 3540 1368 simpli-

2000 1379 2103 1462 ces
2145 1415 2186 1461 a
2224 1396 2393 1461 bono
2434 1413 2624 1478 opere
2665 1393 3004 1458 cessabunt
3048 1392 3254 1457 affecti
3308 1393 3535 1475 taedio,

1999 1508 2258 1588 propter
2298 1504 2566 1568 multam
2602 1521 2828 1568 eorum
2870 1502 3327 1585 deceptionem.
3358 1500 3539 1568 Unde

1998 1613 2150 1678 dicit
2181 1634 2196 1677 ι
2229 1612 2309 1677 In
2335 1613 2585 1678 minuto
2612 1625 2903 1688 numero,
2938 1610 3091 1692 quia
3117 1609 3397 1674 multum
3421 1610 3541 1674 mi-

1999 1723 2286 1786 nuentur
2303 1720 2326 1758 ⁸
2349 1741 2407 1782 z«
2430 1719 2585 1783 Duae
2604 1718 2916 1783 molentes
2942 1718 3009 1780 in
3030 1717 3268 1783 molam
3291 1718 3389 1800 (c),
3408 1737 3539 1783 una

2000 1830 2361 1893 assumetur
2395 1875 2416 1906 ‚
2457 1828 2521 1891 et
2558 1844 2691 1891 una
2736 1825 3156 1909 relinquetur.
3215 1846 3246 1884 ι)
3302 1824 3539 1903 Quarto

2000 1935 2288 2020 praedicit
2332 1952 2613 1999 errorem
2657 1932 3044 2017 sapientium
3076 1981 3095 2010 ,
3144 1950 3295 1997 cum
3340 1932 3535 2000 dicit:

2002 2045 2084 2112 Et
2112 2043 2532 2112 tenebrescent
2549 2041 2836 2109 videntes
2865 2041 2939 2107 in
2959 2042 3307 2121 foramina,
3335 2041 3403 2106 id
3421 2046 3536 2123 est,

2000 2152 2349 2235 sapientes»,
2379 2151 2493 2235 qui
2530 2149 2843 2214 subtiliter
2878 2148 3140 2228 vident,
3169 2149 3406 2214 erroris
3446 2152 3541 2214 te-

1999 2260 2215 2325 nebris
2240 2259 2649 2323 involventur
2672 2258 2695 2294 ⁹
2728 2280 2744 2321 ε
2789 2279 2821 2319 α
2848 2256 3202 2341 Palpabunt
3248 2258 3432 2340 quasi
3472 2258 3540 2323 in

1999 2366 2309 2446 tenebriS,
2341 2368 2404 2430 et
2427 2382 2560 2430 non
2587 2365 2655 2429 in
2683 2364 2961 2444 lumine,
2994 2367 3058 2428 et
3097 2381 3311 2428 errare
3355 2365 3542 2430 faciet

2002 2493 2109 2541 eos
2129 2524 2145 2554 ,
2176 2473 2357 2559 quasi
2386 2472 2595 2537 ebrios
2627 2489 2700 2535 z»
2738 2475 2800 2536 et
2829 2471 2982 2554 quia
3021 2471 3314 2536 cadentes
3351 2492 3391 2537 a
3416 2472 3541 2538 fide

2000 2583 2234 2648 cadunt
2270 2601 2310 2646 a
2353 2579 2740 2645 confessione
2783 2578 2987 2659 fideli,
3044 2578 3187 2644 ideo
3231 2580 3426 2645 dicit:
3458 2583 3541 2649 Et

2001 2690 2303 2759 claudent
2323 2690 2494 2756 ostia
2518 2689 2594 2753 in
2616 2687 2882 2770 plateis,
2909 2685 2976 2749 id
3002 2690 3131 2766 est,
3163 2687 3233 2750 in
3257 2687 3535 2772 publico.

2000 2801 2083 2865 In
2109 2797 2471 2865 humilitate
2493 2796 2666 2862 vocis
2696 2794 2993 2861 molentes
3011 2842 3033 2874 ,
3063 2793 3127 2859 id
3161 2800 3285 2876 est,
3318 2797 3541 2862 mussi-

1998 2913 2226 2975 tantes.
2270 2905 2393 2972 Sed
2430 2923 2585 2970 vera
2628 2903 2935 2968 confessio
2982 2905 3079 2967 est
3118 2904 3188 2968 in
3229 2905 3534 2988 publico:

2000 3018 2172 3085 unde
2198 3017 2243 3054 ¹⁰
2273 3037 2288 3080 t
2334 3038 2365 3077 α
2403 3013 2583 3092 Quod
2622 3013 2691 3077 in
2716 3029 2875 3076 aure
2904 3012 3170 3094 auditis,
3201 3015 3539 3096 praedicate

1998 3144 2190 3211 super
2214 3116 2399 3190 tecta'.
2430 3143 2461 3183 υ
2498 3123 2585 3191 Et
2610 3125 2987 3204 consument
3015 3120 3105 3187 ad
3130 3136 3361 3206 vocem,
3393 3127 3538 3189 etc.:

1998 3236 2105 3301 hic
2131 3234 2406 3301 secundo
2432 3233 2692 3296 notatur
2715 3230 2996 3295 dilatatio
3025 3231 3260 3296 erroris
3279 3237 3424 3316 post
3440 3234 3536 3298 di-

2000 3343 2424 3408 minutionem
2448 3338 2629 3416 fidei,
2661 3340 2977 3420 quantum
3004 3338 3084 3402 ad
3111 3339 3234 3403 tria
3271 3360 3287 3404 ε
3332 3341 3541 3424 primo

2000 3451 2182 3529 dicit,
2211 3449 2385 3534 quod
2430 3446 2880 3532 praedicabitur
2918 3448 2981 3511 et
3025 3447 3320 3513 audietur
3362 3449 3537 3514 falsi-

1999 3565 2131 3640 tas3
2157 3558 2464 3637 secund0,
2490 3555 2661 3640 quod
2688 3554 3002 3620 tacebitur
3021 3555 3292 3636 veritas3
3326 3558 3532 3640 tertio,

2001 3671 2181 3756 quod·
2200 3666 2646 3734 sublimabitur
2672 3663 3046 3730 Antichristi
3077 3668 3374 3747 potestas.
3408 3666 3541 3732 Pri·

1999 3796 2182 3843 mum
2211 3775 2470 3860 quidem
2499 3773 2948 3858 praedicabitur
2976 3772 3216 3837 falsitas
3242 3775 3324 3840 ab
3351 3774 3537 3840 Anti-

2000 3888 2237 3953 christo
2258 3935 2275 3968 ,
2319 3904 2468 3951 cum
2512 3884 2663 3949 dicit
2705 3907 2721 3949 :
2769 3883 3160 3966 consument
3204 3882 3294 3951 ad
3331 3901 3539 3953 vocem

1998 3994 2300 4064 volucris.
2341 3992 2483 4059 Vox
2525 3991 2802 4057 volucris
2850 3995 3035 4056 nocte
3084 3993 3368 4084 canentis
3386 4042 3406 4074 ,
3445 3998 3541 4059 est

1998 4099 2366 4186 praedicatio
2388 4098 2789 4179 Antichristi,
2817 4097 3224 4181 praedicantis
3252 4100 3321 4164 in
3350 4103 3538 4166 nocte

1998 4206 2396 4273 obscuritatis
2423 4210 2487 4270 et
2509 4205 2897 4270 infidelitatis
2931 4227 2947 4269 ε
2981 4205 3062 4269 ad
3098 4224 3325 4272 vocem
3376 4225 3536 4290 ergo

1999 4321 2140 4401 ejus
2192 4319 2617 4397 consurgent,
2661 4315 2774 4398 qui
2821 4314 3340 4398 praedicationem
3395 4319 3537 4399 ejus

1998 4424 2289 4503 credent3
2321 4426 2653 4507 propterea
2701 4420 2930 4486 dicitur
2959 4470 2981 4502 ,
3037 4425 3113 4486 ut
3158 4422 3352 4487 fldem
3406 4443 3536 4490 non

1999 4532 2344 4599 adhibeant
2388 4530 2429 4566 ¹¹
2478 4552 2494 4596 ε
2550 4553 2582 4593 <1
2610 4529 2678 4595 Si
2737 4548 2899 4613 ergo
2951 4530 3230 4595 dixerint
3280 4532 3465 4598 vobis
3514 4557 3531 4599 ε

2000 4641 2159 4709 Ecce
2187 4640 2258 4704 in
2286 4639 2531 4704 deserto
2559 4641 2686 4718 est,
2715 4637 2910 4704 nolite
2936 4638 3211 4704 credere.
3235 4661 3267 4700 n
3294 4637 3536 4706 Tamen

1999 4749 2190 4817 multi
2215 4748 2506 4827 audient,
2537 4751 2599 4812 et
2624 4746 2881 4840 credent
2915 4768 2931 4813 ε
2966 4746 3136 4812 unde
3163 4747 3397 4813 dicitur
3426 4747 3536 4814 Ju-

2001 4858 2157 4925 daeis
2183 4859 2230 4896 ¹²
2260 4879 2276 4923 ε
2316 4879 2347 4920 α
2373 4855 2441 4921 Si
2475 4853 2641 4920 alius
2665 4855 2916 4920 venerit
2958 4855 3028 4920 in
3063 4856 3327 4921 nomine
3372 4874 3530 4939 suo,

1995 4966 2181 5031 illum
2226 4963 2556 5048 recipietis.
2586 4987 2617 5024 n
2658 4962 2948 5028 Secundo
2994 4964 3281 5047 praedicit
3299 5013 3321 5045 ,
3363 4965 3535 5048 quod

1996 5076 2309 5142 tacebitur
2328 5073 2567 5141 veritas
2583 5120 2606 5154 ,
2635 5072 2788 5156 quia
2812 5091 2947 5138 non
2971 5073 3093 5139 erit
3118 5074 3233 5158 qui
3259 5073 3476 5141 audiat
3510 5095 3526 5141 ε

1996 5278 2019 5314 ⁰
2045 5275 2163 5336 lob,
2188 5287 2286 5338 111,
2315 5277 2396 5326 25.
2428 5299 2484 5310 —
2515 5275 2556 5310 ¹⁰
2584 5270 2785 5326 ΜαίίΙι..
2809 5283 2863 5337 x,
2894 5274 2976 5324 27.
3003 5297 3068 5311 —
3097 5273 3129 5305 ¹¹
3154 5273 3359 5340 Mami„
3386 5285 3533 5339 xxxv,

1996 5351 2077 5401 26.
2100 5376 2161 5388 —
2192 5349 2229 5380 ¹²
2254 5349 2417 5411 Jocn„
2444 5358 2497 5410 v,
2541 5348 2621 5398 43.
2653 5370 2717 5385 —
2766 5346 2830 5409 (α)
2884 5343 3033 5412 Vulq.
3082 5346 3444 5401 movebuntur.
3472 5372 3536 5394 -ι

1999 5421 2067 5494 (ὁ)
2087 5422 2174 5481 ΔΙ.
2192 5420 2479 5480 mutabunt.
2497 5446 2561 5461 —
2584 5416 2647 5485 (c)
2682 5417 2832 5488 νεαρ.
2856 5416 3011 5474 mola.
