4196 6294
703 428 823 489 352
1752 401 2174 470 exposmo
2217 398 2298 465 ιΝ
2341 397 2866 465 PSALTERIUM.

700 555 989 620 momenti
1024 550 1158 613 talis
1192 545 1459 609 adbaesio
1488 540 1847 621 pavimenti,
1875 539 1939 597 in
1964 553 2089 612 quo
2117 535 2252 594 talis

698 653 1001 715 humilitas
1011 693 1032 724 ‚
1065 646 1296 721 agilitas
1306 687 1325 716 ,
1362 639 1580 700 utilitas
1590 656 1608 710 3
1639 633 1917 695 videlicet
1948 630 2253 691 humilitas

701 750 1004 808 honorans
1033 747 1237 811 Deum,
1259 736 1487 811 agilitas
1510 732 1890 790 dehonorans
1914 742 2108 797 reum,
2137 724 2254 783 uti-

700 845 833 903 litas
880 842 1175 899 devorans
1231 827 1672 891 multitudinem
1725 826 2126 898 peccatorum.
2173 820 2251 875 De

705 939 900 1016 primo
926 936 980 993 ¹:
1016 954 1047 988 «ι
1071 936 1287 992 Omnes
1324 925 1433 984 filii
1468 920 1648 982 lsrael
1684 917 1972 976 videbant
2014 915 2255 972 descen-

707 1036 948 1093 dentem
994 1029 1195 1098 ignem
1244 1026 1301 1080 et
1352 1016 1608 1094 gloriam
1653 1010 1884 1071 Domini
1924 1024 2103 1082 super
2148 1006 2254 1064 do·

706 1144 906 1199 mum,
941 1127 999 1182 et
1034 1118 1372 1180 corruentes
1406 1110 1583 1187 proni
1610 1107 1917 1165 interram
1943 1117 2121 1177 super
2145 1116 2254 1175 pa-

707 1225 1035 1282 vimentum
1077 1218 1324 1272 stratum
1365 1205 1566 1281 lapide
1610 1199 2047 1265 adoraverunt;
2093 1216 2123 1250 n
2170 1194 2254 1252 sic

707 1317 929 1376 faciunt
961 1306 1292 1386 spirituales
1330 1299 1637 1368 Israelitae,
1672 1293 1737 1351 id
1773 1295 1887 1365 est,
1924 1288 2254 1358 coenobitoe,

710 1412 814 1490 qui
841 1403 1233 1466 descendente
1259 1398 1396 1471 igne
1426 1391 1654 1467 gratiae,
1686 1390 1745 1447 et
1774 1384 2119 1461 splendente
2155 1399 2254 1441 su-

707 1523 815 1584 per
836 1505 1089 1562 domum
1108 1491 1499 1559 conscientioe,
1519 1486 1857 1544 corruentes
1877 1480 1956 1538 ad
1977 1478 2252 1549 litteram,

707 1598 883 1678 proni
912 1597 975 1655 in
1002 1599 1219 1652 terram
1245 1601 1425 1660 super
1448 1579 1859 1657 pavimentum
1886 1572 2087 1647 lapide
2117 1574 2258 1629 stra·

708 1702 869 1765 tum,
914 1689 1169 1748 adorant
1213 1697 1338 1740 non
1380 1676 1810 1742 confessorem,
1855 1667 1962 1726 sed
2014 1666 2076 1723 in
2123 1666 2254 1740 ipso

708 1796 896 1849 Deum
921 1781 1111 1841 veniae
1133 1775 1499 1848 largitorem.
1521 1772 1597 1826 De
1617 1764 1879 1824 secundo
1898 1766 1953 1819 ²:
1984 1781 2012 1815 α
2036 1763 2257 1835 Lapsus

710 1883 870 1942 falsae
898 1879 1144 1949 linguae,
1166 1869 1336 1945 quasi
1364 1865 1468 1940 qui
1494 1865 1557 1921 in
1581 1860 1922 1936 pavimento
1950 1855 2170 1914 cadens
2184 1874 2201 1926 ;
2223 1874 2251 1908 »

714 1974 886 2052 quasi
937 1971 1128 2028 dicat:
1179 1967 1401 2037 Lapsus
1449 1958 1671 2030 linguae
1716 1952 1936 2011 cadunt
1975 1948 2217 2006 interius
2238 1988 2256 2018 ,

714 2072 864 2128 sicut
902 2062 1193 2140 poenitens
1231 2057 1294 2115 in
1329 2053 1670 2129 pavimento
1712 2047 1930 2106 cadens
1964 2042 2256 2101 exterius:

715 2163 837 2235 vel,
877 2162 943 2217 ut
978 2154 1235 2232 apertius
1273 2149 1501 2216 dicam,
1529 2142 1685 2201 cadit
1720 2139 1897 2213 culpa
1936 2134 2258 2211 quaerendo

719 2258 998 2333 gratiam,
1027 2251 1174 2307 sicut
1200 2243 1489 2319 poenitens
1511 2234 1771 2313 petendo
1798 2230 2035 2289 veniam
2062 2248 2075 2286 ε
2117 2244 2261 2287 nam

715 2348 1040 2410 seeundum
1074 2337 1526 2401 Ambrosianam
1558 2327 1938 2396 sententiam,
1971 2326 2028 2381 et
2057 2322 2261 2396 lapsus

716 2444 964 2509 cadunt,
1004 2441 1062 2496 et
1100 2435 1277 2508 culpa
1303 2427 1514 2505 quaerit
1548 2421 1830 2497 gratiam;
1871 2423 1928 2477 et
1966 2420 2053 2475 est
2082 2415 2260 2474 valde

714 2532 1099 2600 rationabile,
1153 2525 1323 2602 quod
1375 2523 1652 2596 peccator
1707 2514 1923 2572 divinae
1969 2510 2260 2569 honorifi-

717 2634 921 2695 centiae
948 2629 1283 2700 usurpator,
1312 2620 1606 2677 honorem
1631 2614 1835 2680 exuat,
1867 2611 1924 2667 et
1951 2611 2067 2665 Deo
2094 2606 2262 2664 resti-

718 2732 846 2787 tuat
855 2748 873 2799 3
897 2726 1187 2800 quatenus
1200 2718 1221 2752 ³
1239 2714 1403 2790 prius
1420 2709 1751 2769 restituatur
1771 2703 2059 2773 ablatum,
2078 2716 2264 2775 quam

719 2822 1042 2881 dimittatur
1067 2813 1400 2887 peccatum.
1430 2807 1508 2861 De
1536 2800 1704 2858 tertio
1731 2800 1753 2834 ¹·
1780 2816 1795 2854 ε
1832 2816 1860 2851 α
1888 2799 2015 2853 Non
2051 2809 2263 2868 perve-

715 2918 932 2976 nerunt
965 2910 1045 2969 ad
1078 2903 1487 2982 pavimentum
1523 2895 1667 2965 laci,
1708 2893 1902 2950 donec
1941 2888 2266 2962 arriperent

719 3027 821 3069 eos
859 3008 1061 3065 leones
1071 3022 1090 3075 ;
1124 3021 1152 3056 u
1188 2994 1360 3073 quasi
1389 2993 1582 3050 dicat:
1614 2986 1889 3046 Nondum
1915 2981 2264 3059 poenitentes

1191 3421 1476 3481 Articulus
1512 3413 1791 3475 secundus.

790 3574 1106 3635 lntrinseca
1140 3559 1472 3624 humiliatio
1514 3554 1874 3626 designatur,
1906 3565 2043 3608 cum
2073 3547 2267 3620 sequi-

726 3677 819 3730 tur
854 3688 868 3725 ε
898 3667 1106 3724 Anima
1130 3674 1281 3724 mea3
1314 3669 1383 3711 ac
1412 3650 1460 3708 si
1492 3655 1690 3723 aperte
1720 3645 1937 3702 diceret
1977 3660 1991 3698 ε
2031 3642 2271 3697 Adhoesit

724 3764 1071 3840 pavimento,
1110 3745 1454 3811 humilitatis
1502 3757 1711 3811 causa,
1752 3754 1876 3796 non
1912 3735 2108 3793 solum
2146 3750 2273 3792 cor·

727 3874 869 3933 pus,
899 3852 1004 3911 sed
1032 3851 1244 3915 anima,
1274 3840 1417 3916 quia
1444 3852 1569 3895 non
1594 3834 1790 3893 solum
1816 3828 2158 3890 humiliatus
2187 3827 2274 3885 fui

729 3945 1140 4010 humiliatione
1180 3937 1531 4004 extrinseca,
1578 3928 1686 3987 sed
1731 3930 1790 3984 et
1832 3923 2166 3982 intrinseca.
2209 3924 2275 3979 Et

728 4048 871 4102 nota
897 4041 971 4098 de
996 4030 1330 4113 poenitentis
1357 4027 1587 4098 anima,
1627 4021 1795 4098 quod
1833 4018 2046 4075 dicitur
2080 4016 2274 4073 disso-

728 4138 871 4201 luta,
895 4130 1258 4197 conturbata,
1283 4121 1559 4182 confusa:
1591 4117 1734 4192 quia
1758 4130 1869 4189 pro
1895 4113 2139 4186 peccato
2167 4108 2277 4166 fuit

729 4227 1016 4286 dissoluta
1046 4216 1474 4293 delinquendo,
1506 4209 1855 4270 conturbata
1892 4202 2272 4280 poenitendo,

729 4321 976 4381 confusa
1003 4312 1361 4375 confitendo
1394 4312 1471 4365 De
1499 4305 1694 4380 primo
1722 4303 1776 4357 ⁸:
1816 4318 1844 4352 α
1870 4298 2123 4371 Pigredo
2158 4296 2272 4353 im·

727 4416 903 4478 mittit
931 4425 1207 4487 soporem
1224 4448 1243 4477 ,
1274 4410 1332 4463 et
1357 4403 1558 4460 anima
1585 4395 1871 4454 dissoluta
1906 4390 2086 4450 esurit
2095 4410 2115 4463 3
2144 4410 2173 4444 u
2206 4406 2276 4448 ac

727 4514 777 4572 si
815 4513 1012 4585 aperte
1051 4504 1272 4562 diceret
1300 4520 1317 4555 ε
1351 4497 1509 4556 Sicut
1540 4508 1648 4567 per
1673 4487 2049 4565 pigredinem
2071 4500 2277 4542 sensus

727 4607 966 4679 ligatur,
1010 4598 1094 4658 sic
1131 4611 1242 4671 per
1288 4586 1734 4649 dissolutionem
1781 4579 1982 4640 anima
2027 4577 2277 4635 miserita

728 4698 1049 4771 obligatur.
1098 4694 1175 4748 De
1217 4683 1480 4745 secundo
1521 4677 1795 4738 scribitur
1838 4673 1901 4731 in
1941 4672 2174 4747 psalmo
2213 4672 2276 4728 ⁸:

734 4815 762 4849 α
806 4792 897 4852 Ad
936 4803 1034 4846 me
1080 4785 1277 4859 ipsum
1310 4778 1510 4837 anima
1543 4789 1679 4832 mea
1715 4768 2065 4829 conturbata
2100 4769 2184 4823 est
2194 4784 2213 4838 ;
2244 4785 2274 4822 ι)

731 4882 904 4960 quasi
942 4869 1139 4940 dicat:
1171 4874 1261 4933 Ad
1288 4888 1385 4930 me
1421 4871 1618 4943 ipsum
1654 4865 1856 4924 anima
1880 4878 2017 4921 mea
2040 4865 2278 4919 contur-

732 4980 876 5038 bata
904 4979 989 5035 est
1012 4969 1381 5049 poenitendo,
1402 4963 1691 5040 quoniam
1713 4976 1751 5017 a
1771 4974 1868 5016 me
1891 4957 2021 5031 ipso
2046 4958 2283 5014 contur-

733 5074 876 5131 bata
916 5073 1002 5129 est
1044 5060 1476 5138 delinquendo.
1513 5059 1592 5116 De
1626 5053 1798 5112 tertio
1823 5055 1885 5108 ⁷:
1920 5069 1950 5106 α
1983 5049 2283 5109 Infirmata

801 5223 814 5251 ¹
853 5219 893 5268 tl
933 5214 1181 5278 paralip„
1227 5221 1330 5274 vir,
1373 5209 1421 5258 3.
1453 5231 1509 5243 -
1557 5206 1579 5240 θ
1616 5201 1800 5263 Εεοιί.,
1829 5213 1923 5264 xx,
1956 5201 2035 5250 20.
2062 5222 2129 5237 -
2159 5195 2182 5230 ⁸
2208 5197 2285 5248 Ex

739 5283 1279 5412 ⁶⁹³2²bss⁰⁸¹v¹ss²¹¹2²l⁰fi
1291 5276 1673 5415 fffi’fffii·
1687 5272 1901 5398 {31:⁸¹³
1925 5271 2280 5405 12522’131133:

737 5387 801 5403 -
982 5395 1021 5424 ο,
1093 5394 1109 5421 ,
1204 5395 1217 5408 ι
1483 5386 1495 5400 ο

2358 538 2475 605 est,
2513 550 2647 609 quae
2690 534 2924 610 peperit
2960 536 3187 608 septem
3217 533 3377 592 filios
3385 552 3404 606 3
3452 533 3668 592 defecit
3706 534 3909 593 anima

2358 628 2517 702 ejuS,
2553 627 2771 686 occidit
2803 629 2859 688 ei
2894 628 3017 699 sol,
3055 644 3194 687 cum
3235 627 3431 687 adhuc
3476 631 3625 685 esset
3654 627 3710 685 ei
3745 627 3903 700 dies;

2359 721 2604 779 confusa
2631 726 2738 792 est,
2766 727 2823 780 et
2854 722 3127 781 erubuit:
3161 721 3287 780 haec
3313 725 3400 779 est
3427 721 3628 778 anima
3653 721 3717 778 in
3743 722 3905 795 prin·

2360 816 2516 890 cipio
2543 816 2792 888 fervida,
2821 817 2884 874 in
2910 817 3113 875 medio
3153 816 3383 891 tepida,
3420 815 3485 873 in
3512 815 3629 874 fine
3657 815 3902 888 frigida,

2360 925 2564 968 carens
2577 910 2700 968 vita
2718 911 2937 983 gratiae,
2966 927 3091 970 non
3112 916 3358 983 naturae,
3377 927 3510 985 quae
3528 910 3904 967 confunditur

2359 1004 2421 1061 in
2452 1003 2840 1076 confessione,
2871 1009 2928 1064 et
2950 1005 3241 1065 erubescit
3266 1004 3331 1062 in
3359 1004 3774 1075 satisfactione,
3803 1005 3906 1062 Do-
3943 1037 3950 1043 ·

2359 1096 2525 1156 mino
2553 1098 2885 1157 miserante.

2867 1260 3152 1318 Articuzus
3191 1264 3405 1317 tertius.

2433 1383 2862 1442 Humiliationis
2901 1383 3174 1442 discretio
3203 1384 3538 1456 denotatur,
3569 1400 3707 1443 cum
3731 1385 3905 1443 addi-

2362 1481 2486 1535 tur:
2523 1480 2751 1549 Vivz‘fica
2775 1496 2875 1536 me.
2916 1481 3059 1537 Ecce
3095 1478 3299 1552 petitio
3330 1478 3611 1550 discreta,
3647 1495 3769 1554 qua
3800 1495 3910 1554 pe·
3969 1486 4135 1541 Triplex

2364 1569 2500 1627 titur
2518 1572 2728 1641 venia,
2760 1588 2880 1646 qua
2902 1571 3108 1630 habita
3142 1573 3396 1632 habetur
3424 1572 3565 1631 vita.
3596 1575 3712 1632 Sed
3737 1578 3907 1645 nota,
3936 1551 4135 1656 'ffiffi‘

2364 1664 2530 1737 quod
2566 1665 2779 1738 triplex
2816 1666 2936 1725 vita
2959 1668 3266 1741 poenitenti
3296 1672 3384 1725 est
3425 1667 3779 1740 necessaria,
3816 1673 3910 1724 ut·
3940 1685 4137 1746 qoam·

2361 1763 2500 1832 pote
2515 1759 2636 1817 vita
2652 1763 2898 1831 naturae,
2911 1760 3033 1819 vita
3050 1762 3271 1833 gratim,
3293 1762 3416 1819 vita
3435 1762 3668 1835 gloriae:
3692 1762 3910 1837 prima,
3935 1748 4021 1779 ‘¹²‘

2362 1856 2606 1926 propter
2632 1853 2989 1926 poenitentiae
3025 1855 3314 1927 spatium3
3352 1856 3643 1927 secunda,
3671 1861 3908 1930 propter

2362 1948 2717 2021 poenitentiae
2743 1948 3048 2017 meritum3
3079 1950 3267 2020 tertia,
3292 1954 3538 2025 propter
3559 1952 3909 2025 poenitentiae

2364 2041 2693 2115 praemium.
2726 2044 2884 2101 Hanc
2924 2042 3215 2117 triplicem
3240 2044 3424 2101 vitam
3449 2043 3684 2102 videtur
3712 2049 3909 2118 petere

2368 2134 2661 2193 dicendo:
2710 2140 2944 2206 Vivitica
2979 2154 3080 2194 me.
3123 2140 3201 2196 De
3238 2137 3434 2212 primo
3464 2139 3487 2172 ⁸
3518 2157 3534 2196 ε
3567 2156 3596 2192 α
3631 2140 3913 2212 Apparuit

2366 2228 2580 2286 mulier
2616 2229 2783 2301 cujus
2818 2230 3012 2288 filium
3041 2230 3457 2302 vivificaverat,
3492 2253 3521 2287 ιι
3557 2232 3776 2289 scilicet
3805 2232 3913 2289 Eli-

2367 2338 2545 2394 εοεαε,
2583 2323 2688 2380 ubi
2731 2323 2992 2397 loquitur
3029 2324 3105 2381 de
3146 2324 3576 2395 vivificatione,
3622 2329 3911 2399 quantum

2368 2416 2447 2473 ad
2473 2416 2657 2474 vitam
2684 2420 2924 2474 naturae.
2954 2421 3031 2476 De
3051 2418 3315 2477 secundo
3333 2420 3383 2476 ⁹:
3403 2441 3431 2472 «
3454 2419 3610 2478 Sicut
3638 2419 3702 2477 in
3728 2419 3912 2477 Adam

2370 2526 2579 2568 omnes
2613 2510 2969 2582 moriuntur,
3007 2511 3091 2568 ita
3125 2514 3189 2569 in
3223 2513 3448 2570 Christo
3485 2529 3694 2571 omnes
3728 2513 3914 2571 vivifi·

2371 2604 2662 2661 cabuntur
2672 2623 2689 2676 3
2722 2625 2750 2657 n
2783 2605 2954 2678 quasi
2981 2604 3180 2663 dicat:
3213 2607 3369 2664 Sicut
3395 2607 3585 2665 Adam
3608 2607 3733 2677 {fuit
3755 2606 3914 2680 prin·

2371 2698 2595 2771 cipium
2622 2698 3089 2756 mortificationis
3107 2704 3295 2758 morte
3317 2699 3525 2773 culpae,
3549 2701 3634 2758 ita
3659 2700 3913 2758 Christus

2372 2793 2480 2849 erit
2529 2789 2887 2865 principium
2939 2791 3351 2850 vivificationis
3402 2794 3523 2850 vita
3577 2793 3795 2867 gratiae.
3839 2797 3913 2850 De

2371 2884 2540 2942 tertio
2574 2885 2648 2941 ¹⁰:
2680 2903 2708 2938 α
2736 2884 3104 2960 Quicumque
3128 2886 3423 2960 quaesierit
3447 2886 3711 2945 animam
3750 2902 3916 2944 suam

2372 2979 2600 3038 salvam
2627 2979 2844 3053 facere,
2862 2981 3073 3056 perdet
3094 2981 3261 3040 illam
3273 3000 3292 3054 3
3312 2985 3369 3039 et
3395 2981 3758 3058 quicumque
3788 2997 3917 3056 per-

2375 3073 2590 3132 diderit
2623 3074 2823 3147 illam,
2850 3074 3173 3133 vivificabit
3200 3091 3334 3134 eam
3365 3094 3380 3132 :
3409 3096 3439 3130 ι
3471 3079 3529 3134 et
3553 3076 3818 3151 loquitur
3841 3076 3914 3134 de

2239 3200 2264 3214 ·
2374 3167 2550 3226 beata
2576 3169 2972 3228 vivificatione
2987 3213 3006 3242 ,
3043 3174 3333 3245 quantum
3366 3171 3440 3229 ad
3480 3170 3667 3229 vitam
3694 3170 3913 3244 glorioe.

2872 3328 3153 3385 Articulus
3177 3332 3423 3400 quartus.

2449 3452 2876 3511 Humiliationis
2917 3452 3156 3511 devotio
3193 3452 3584 3525 subinfertur,
3614 3471 3752 3512 cum
3786 3454 3921 3512 sub·

2377 3546 2581 3605 ditur:
2627 3547 2925 3604 Secundum
2979 3547 3196 3603 verbum
3245 3551 3425 3618 tuum,
3478 3547 3594 3605 hoc
3640 3551 3755 3618 est,
3800 3564 3922 3606 ver·

2379 3642 2527 3699 bum
2579 3640 3001 3715 promissivum
3055 3641 3437 3714 indulgentiae
3456 3683 3475 3711 ,
3532 3643 3699 3716 quod
3755 3659 3923 3717 prm·

2381 3735 2693 3794 tolandum
2732 3737 2818 3793 est
2861 3750 2999 3792 cum
3042 3734 3380 3793 devotione.
3423 3738 3489 3793 Et
3536 3740 3713 3809 nota,
3759 3737 3923 3811 quod

2381 3829 2498 3887 hoc
2535 3829 2791 3887 verbum
2818 3833 2905 3886 est
2933 3827 3305 3901 eductivum,
3337 3829 3723 3887 deductivum
3755 3835 3812 3888 et
3837 3846 3923 3888 re·

2385 3922 2721 3980 ductivum:
2749 3921 2947 3980 educit
2971 3937 3234 3996 namque
3258 3938 3293 3981 a
3311 3926 3463 3981 statu
3486 3921 3806 3997 injustit1ae3
3831 3924 3924 3981 de·

2386 4016 2546 4074 ducit
2568 4031 2677 4089 per
2703 4019 2917 4074 statum
2943 4016 3296 4089 poenitentiae
3310 4035 3327 4088 3
3358 4015 3586 4073 reducit
3610 4018 3691 4075 ad
3715 4023 3924 4076 statum

2378 4109 2631 4181 justitiae.
2671 4112 2747 4167 De
2787 4109 2983 4183 primo
3026 4109 3212 4168 verbo
3254 4110 3290 4145 ¹¹
3325 4128 3340 4166 :
3378 4127 3407 4163 α
3435 4111 3725 4182 Verbum,
3764 4112 3924 4186 quod

2384 4203 2586 4278 pepigi
2629 4203 2971 4274 vobiscum,
3005 4219 3142 4261 cum
3186 4202 3618 4276 egrederemini
3656 4205 3733 4263 de
3778 4210 3927 4263 terra

2386 4296 2657 4372 AEgypti:
2689 4318 2718 4351 π
2756 4313 2890 4354 ecce
2915 4297 3168 4354 verbum
3196 4297 3535 4355 eductivum
3574 4299 3649 4355 de
3678 4302 3829 4358 statu
3850 4300 3929 4356 in-

2380 4390 2615 4463 justitiae
2641 4406 2751 4465 per
2777 4393 3096 4465 AEgyptum
3131 4389 3391 4463 signatae.
3433 4393 3510 4449 De
3549 4393 3810 4452 secundo
3850 4393 3924 4448 ¹²:

2394 4503 2424 4540 α
2453 4487 2558 4543 Per
2582 4485 2838 4543 verbum
2865 4483 3099 4543 Domini
3125 4483 3392 4557 figebant
3416 4484 3697 4558 tentoria,
3737 4490 3795 4543 et
3827 4501 3929 4559 per

2387 4579 2642 4637 verbum
2675 4579 2801 4651 ejus
2834 4577 3362 4653 proficiscebantur
3389 4597 3405 4636 ε
3442 4599 3471 4633 »
3513 4595 3649 4637 ecce
3685 4580 3931 4638 verbum

2391 4672 2772 4731 deductivum
2789 4688 2897 4747 per
2918 4672 3079 4730 viam
3099 4673 3480 4746 poenitentiae,
3508 4688 3615 4747 per
3642 4673 3933 4732 desertum

2388 4766 2674 4838 figuratae.
2697 4769 2777 4825 De
2794 4766 2964 4824 tertio
2988 4768 3066 4823 ¹⁸:
3098 4784 3126 4820 α
3148 4766 3452 4826 Suscitabo
3480 4782 3659 4840 super
3684 4783 3793 4825 vos
3811 4781 3936 4824 ver·

2389 4862 2537 4920 bum
2564 4879 2768 4919 meum
2794 4863 3055 4932 bonum,
3085 4865 3153 4920 ut
3186 4862 3470 4920 reducam
3497 4877 3607 4918 vos
3634 4861 3716 4920 ad
3738 4861 3935 4919 locum

2390 4957 2600 5014 istum:
2639 4976 2668 5012 ιι
2720 4972 2854 5014 ecce
2901 4956 3156 5014 verbum
3196 4955 3570 5015 reductivum
3605 4954 3687 5015 ad
3725 4958 3938 5014 statum

2386 5049 2619 5122 justitiae
2645 5066 2752 5124 per
2775 5049 3137 5110 Hierusalem
3165 5049 3504 5123 designatae.
3623 5073 3628 5078 ⁴

2394 5223 2456 5236 -
2484 5199 2500 5229 ⁷
2528 5199 2732 5259 let-em„
2759 5210 2848 5263 xv,
2875 5200 3023 5251 s.-⁸
3044 5199 3106 5249 lv
3131 5199 3267 5263 Κεφ,
3291 5211 3406 5264 vm,
3433 5201 3576 5249 ¹5.—
3600 5199 3657 5248 Ἰ
3689 5198 3825 5259 Cor„
3851 5210 3940 5262 xv,

2395 5271 2473 5322 22.
2502 5295 2564 5308 —-
2595 5272 2637 5306 ²⁰
2663 5270 2781 5333 Luc,
2809 5283 2953 5335 xvu,
2980 5273 3059 5322 33.
3091 5296 3155 5309 --
3185 5273 3217 5301 ⁸¹
3245 5272 3394 5336 Aqq„
3426 5282 3494 5335 ιι,
3525 5273 3573 5321 6.
3605 5296 3659 5309 -
3696 5271 3735 5305 ¹²
3766 5271 3940 5334 Num„

2396 5354 2479 5405 ιι,
2510 5344 2593 5393 23.
2621 5366 2682 5380 -
2720 5342 2760 5377 ¹⁸
2783 5344 2989 5408 lev-em„
3015 5353 3166 5406 xxix,
3199 5345 3277 5394 ιο.
