4196 6294
1115 531 1213 598 DE
1251 528 1533 598 SAGRAE
1572 526 2036 597 SCRIPTURAE
2078 525 2632 596 PRAESTANTIA.
3429 543 3470 604 3

265 668 482 735 tationi
516 667 602 751 (a)
628 668 977 735 communi
997 715 1016 749 ‚
1054 670 1129 733 ut
1170 666 1602 751 pulcherrime
1644 665 1826 732 docet

267 775 507 841 Tullius
522 779 569 842 ¹.
596 776 677 842 Et
707 777 844 843 hoc
871 775 1126 860 quidem
1164 775 1237 840 in
1262 775 1493 841 notitia
1519 773 1666 839 fidei
1691 792 1826 839 ma-

268 885 569 950 nifestum
596 888 716 964 oet,
751 884 874 950 ubi
901 903 1047 950 cum
1072 883 1257 960 ratio,
1292 882 1626 948 verissima
1654 882 1821 963 licet,

268 992 760 1075 profundissime
799 991 881 1075 (b)
934 991 1150 1070 lateat,
1207 989 1566 1055 secundum
1613 988 1825 1074 Ricar-

270 1100 425 1165 dum
455 1103 522 1179 ²;
574 1100 716 1183 ipsa
753 1103 977 1165 tamen
1024 1098 1124 1164 vis
1162 1097 1555 1164 auctoritatis
1600 1099 1679 1164 ad
1722 1117 1825 1163 as-

270 1208 680 1273 sentiendum
718 1206 987 1271 inclinat
1014 1229 1030 1271 :
1066 1206 1221 1289 quia
1245 1206 1291 1285 ³,
1328 1228 1359 1267 α
1386 1206 1558 1291 quod
1587 1206 1826 1271 scimus

268 1320 330 1381 et
373 1316 809 1399 intelligimus
826 1365 844 1397 ,
886 1316 1159 1396 rationi3
1205 1316 1380 1400 quod
1420 1334 1577 1383 vero
1620 1315 1825 1381 credi-

272 1443 415 1490 mus
432 1474 451 1505 ,
485 1425 799 1490 debemus
828 1424 1186 1489 auctoritati
1202 1474 1221 1503 ,
1254 1447 1287 1487 »
1331 1425 1482 1491 dicit
1510 1424 1823 1506 Augusti·

271 1552 394 1598 nus
420 1553 440 1597 ε
471 1533 565 1598 sic
593 1534 788 1599 etiam
813 1534 885 1598 in
910 1533 1343 1618 operabilibus
1369 1535 1701 1601 consuevit
1725 1550 1826 1599 ac·

272 1642 505 1723 cidere,
533 1647 615 1708 ut
637 1643 887 1727 pondus
914 1644 1313 1710 auctoritatis
1336 1643 1598 1709 inclinet
1622 1640 1703 1708 ad
1728 1660 1841 1707 ac·-

266 1754 407 1816 tum
421 1799 439 1830 ,
473 1752 797 1835 praecipue
836 1752 893 1817 si
931 1770 1137 1834 grave
1180 1752 1263 1816 sit
1299 1751 1476 1836 quod
1502 1750 1791 1836 praecipit
1800 1797 1822 1830 ,

266 1859 373 1923 vel
413 1860 585 1927 ratio
625 1860 923 1945 praecepti
968 1860 1140 1942 legis
1176 1859 1423 1927 occulta
1438 1909 1459 1942 ,
1517 1864 1634 1925 aut
1675 1878 1826 1925 cum

268 1967 572 2032 voluntas
608 1968 998 2034 informandi
1033 1987 1150 2053 per
1189 1968 1405 2051 legem
1421 2016 1438 2046 ,
1468 1971 1564 2033 est
1595 1987 1637 2033 a
1661 1967 1827 2049 legis

268 2077 767 2143 manuductione
790 2082 1059 2143 remota.
1092 2077 1172 2143 Et
1198 2081 1367 2142 certe
1392 2076 1559 2159 legis
1585 2074 1825 2142 divinae

266 2188 588 2268 praecepta
621 2189 805 2250 erant
838 2184 1107 2250 man'mi
1141 2184 1440 2269 ponderis
1454 2234 1472 2266 ‚
1515 2186 1580 2250 et
1619 2202 1825 2267 usque

266 2292 427 2357 adeo
454 2292 739 2371 latentia,
760 2293 951 2377 quod,
969 2293 1036 2356 in
1063 2291 1380 2375 plerisque
1408 2291 1562 2357 locis
1577 2290 1825 2357 Veteris

266 2397 659 2464 Testamenti
726 2400 1111 2466 videbantur
1180 2399 1469 2483 expertia
1527 2399 1820 2465 rationis».

266 2504 472 2572 Tanta
498 2507 767 2591 insuper
792 2512 930 2573 erat
955 2507 1249 2573 cordium
1271 2507 1682 2590 judaicorum
1708 2507 1826 2574 du-

267 2616 409 2680 ritia
427 2666 446 2695 ,
473 2618 655 2681 tanta
692 2615 964 2699 perfidia
979 2661 999 2696 ,
1026 2614 1201 2699 quod
1227 2632 1483 2681 necesse
1509 2615 1630 2680 fuit
1658 2633 1824 2699 pon·

271 2724 391 2788 dus
418 2724 824 2789 auctoritatis
850 2723 1171 2803 adhiberi,
1201 2723 1373 2808 quod
1400 2723 1591 2788 corda
1618 2723 1823 2789 obdu-

270 2837 408 2899 rata
430 2839 499 2899 et
520 2834 865 2900 obfirmata
902 2833 1354 2916 confringeret.
1390 2833 1470 2898 Et
1494 2832 1694 2917 hujus
1719 2833 1820 2900 in-

274 2942 585 3007 violabilis
646 2942 1041 3009 auctoritatis
1106 2943 1358 3026 pondus
1416 2942 1785 3007 insinuatur
1800 2990 1822 3023 ‚

277 3068 419 3116 cnm
445 3051 666 3116 divina
699 3050 810 3116 lex
843 3050 1077 3116 dicitur
1117 3051 1198 3116 ab
1238 3068 1385 3115 arce
1421 3049 1673 3115 deitatis
1692 3098 1710 3128 ,
1753 3050 1821 3116 id

280 3165 404 3238 est,
431 3178 472 3224 a
493 3160 639 3225 sede
666 3159 779 3225 Dei
807 3165 872 3226 et
899 3160 1076 3242 Agni
1102 3161 1442 3244 procedere
1471 3181 1489 3226 t
1528 3159 1824 3228 Ostendit

287 3267 437 3334 mihi
482 3267 758 3349 nuvium
794 3269 1239 3350 procedentem
1279 3267 1359 3335 de
1404 3267 1551 3336 sede
1593 3268 1712 3334 Dei
1761 3271 1821 3335 et

296 3376 468 3455 Aqui.
489 3376 738 3443 Nomen
755 3375 931 3442 enim
956 3377 1090 3458 Dei,
1114 3377 1467 3444 secundum
1487 3374 1822 3441 formalem

300 3483 552 3548 nominis
600 3484 1074 3568 impositionem
1094 3535 1112 3566 ,
1160 3485 1381 3567 signat
1430 3484 1822 3550 auctoritatis

300 3591 762 3672 prasidentiam.
793 3591 1037 3658 Dicitur
1072 3594 1251 3659 enim
1289 3592 1453 3659 Deus
1480 3611 1693 3676 graece
1719 3611 1820 3659 se-

304 3699 554 3764 cundum
579 3700 1112 3781 Damascenum⁸,
1144 3698 1251 3764 ἀπο
1278 3705 1375 3764 τοῦ
1405 3700 1549 3764 θέειν
1569 3748 1586 3781 ,
1620 3700 1816 3781 ἄιθειν,

304 3805 472 3874 tesam
488 3855 506 3890 ,
548 3810 717 3893 quod
763 3814 949 3876 sonat
994 3827 1247 3878 currere
1261 3860 1282 3891 ,
1320 3812 1513 3878 ‘urere
1527 3860 1549 3891 ‚
1595 3814 1660 3877 et
1706 3813 1820 3878 in-

306 3919 467 3983 tuen.
492 3917 569 3983 Et
609 3918 734 3985 hoc
780 3919 1042 4002 quidem
1089 3938 1171 3986 ex
1213 3919 1513 3985 hebraica
1553 3919 1822 3986 veritate

309 4025 673 4092 manifestius
700 4031 833 4093 est:
865 4045 1020 4092 nam
1058 4027 1317 4110 quando
1357 4027 1624 4093 debebat
1657 4027 1816 4093 insi-

308 4134 471 4198 nuari
509 4134 1016 4217 inexcogitabilis
1058 4134 1623 4219 superexcellentia
1661 4154 1819 4202 auc-

308 4240 547 4306 toritatis
579 4243 819 4310 divinae
859 4245 1170 4325 essentiae,
1202 4262 1354 4327 quae
1388 4243 1552 4309 nihil
1577 4246 1673 4309 oet
1707 4263 1819 4311 eo·

309 4364 434 4414 rum
464 4369 605 4434 quae
629 4353 813 4433 sunt,
842 4354 917 4417 ut
947 4351 1289 4434 Dionysius
1313 4351 1465 4417 dicit
1492 4351 1539 4432 ⁸,
1568 4352 1679 4418 sed
1702 4371 1820 4419 su-

311 4462 663 4541 perexistens
697 4468 761 4529 et
786 4464 1136 4547 superdea;
1167 4464 1291 4529 hoc
1316 4482 1574 4546 nomen,
1607 4465 1783 4532 Deus
1796 4514 1817 4547 ,

314 4583 685 4655 nequaquam
736 4573 1192 4638 communibus
1228 4572 1457 4638 litteris
1500 4572 1816 4639 scribeba-

310 4675 420 4756 tur,
453 4679 555 4745 sed
595 4679 987 4746 exarabatur
1038 4681 1166 4745 illis
1210 4680 1634 4746 caracteribus
1673 4698 1820 4764 quae

307 4798 509 4853 nomen
549 4806 877 4871 magnum
921 4788 1033 4853 Dei
1079 4779 1655 4871 tetragrammaton
1692 4790 1822 4855 effi-

305 4892 479 4975 ciunt,
513 4902 585 4961 ut
610 4897 846 4962 docent
875 4893 1181 4979 Origenes
1203 4896 1227 4934 ⁸
1268 4901 1334 4962 et
1372 4895 1539 4963 Beda
1561 4897 1609 4962 ¹¹.
1641 4897 1821 4975 Quod

304 5010 509 5065 nomen
531 5005 726 5066 tantae
755 5000 1168 5082 auctoritatis,
1199 5004 1523 5085 tantaeque
1547 5020 1816 5068 venera·

360 5123 515 5190 ¹Cic.,
552 5126 612 5179 de
645 5128 813 5192 Rhea,
845 5125 937 5177 lib.
972 5126 1036 5177 11.
1061 5153 1126 5166 —
1158 5128 1183 5163 ¹
1219 5126 1480 5192 menard„
1518 5126 1580 5178 de
1619 5128 1818 5194 Triuia,

298 5198 409 5257 nnn.
436 5199 476 5261 1,
500 5199 588 5251 lib.
626 5201 676 5264 Ι,
706 5214 756 5252 c.
800 5210 819 5250 1
855 5201 911 5250 et
948 5209 1022 5250 JV.
1048 5225 1111 5240 -
1145 5199 1350 5265 nug„
1386 5199 1449 5250 de
1486 5213 1591 5251 ver.
1633 5199 1819 5266 Κεῖῳ,

296 5278 339 5315 c.
362 5281 487 5323 xxxv.
515 5298 571 5310 -—
615 5273 633 5303 ⁸
673 5273 942 5334 Damasc„
979 5268 1040 5320 de
1078 5269 1221 5324 Orth.
1267 5269 1415 5333 Fide,
1440 5270 1536 5323 lib.
1571 5272 1613 5334 1,
1641 5284 1687 5325 c.
1716 5284 1817 5324 ιιι.

295 5337 393 5391 vid.
425 5358 588 5410 snpra„
614 5349 750 5397 tom.
783 5345 826 5403 1,
855 5354 912 5406 p.
942 5343 1021 5392 50.
1047 5366 1111 5383 -
1145 5343 1165 5374 ⁸
1191 5343 1344 5395 Dion.
1372 5345 1588 5408 Areop„
1612 5343 1673 5392 de
1706 5344 1816 5394 Div.

288 5408 485 5481 huma„
526 5431 574 5468 e.
616 5429 659 5469 1.
691 5439 750 5453 -
796 5414 817 5445 ⁸
849 5412 1016 5476 orig„
1058 5414 1111 5462 in
1155 5413 1245 5467 lib.
1288 5414 1521 5475 Numer„
1568 5427 1613 5465 c.
1661 5425 1818 5478 xxm,

286 5481 408 5536 hum.
432 5500 539 5553 xxv,
565 5488 621 5541 in
655 5487 832 5554 princ.
854 5511 921 5523 —
945 5485 970 5520 ‘¹
997 5485 1142 5550 Bed„
1167 5488 1220 5536 tn
1246 5486 1433 5551 Στοά,
1458 5501 1506 5538 c.
1536 5497 1727 5537 xxvm.
1754 5512 1817 5524 —

288 5555 470 5624 'Ax-ia„
491 5560 669 5625 Phys„
689 5556 933 5619 mmvm,
952 5557 1079 5609 text.
1101 5560 1124 5609 1
1150 5559 1203 5608 et
1220 5569 1394 5622 seq.—
1409 5559 1430 5589 ⁰
1452 5557 1555 5622 ld„
1574 5556 1814 5623 metaph„

1930 664 2125 731 tionis
2163 668 2301 732 erat
2340 665 2514 749 apud
2548 664 2884 746 Hebraeos,
2917 666 3090 751 quod
3112 666 3328 752 ipsum
3355 689 3474 739 no-

1929 791 2082 839 men
2123 775 2450 859 ineffabile
2479 774 2805 840 dicebatur
2835 792 2854 840 :
2898 792 3031 841 non
3065 777 3241 861 quod
3270 779 3474 848 sensi-

1928 882 2167 948 bilibus
2192 882 2409 949 verbis
2435 882 2711 966 exprimi
2736 900 2871 948 non
2897 889 3144 967 posset;
3188 888 3298 953 sed
3324 888 3479 972 quia

1931 1008 2127 1055 sensu
2183 995 2248 1055 et
2302 991 2630 1057 intellectu
2679 995 2991 1058 creaturae
3043 994 3477 1077 significatum

1931 1101 2072 1181 eJus
2097 1099 2363 1164 diffiniri
2399 1119 2531 1166 non
2559 1103 2825 1184 poterat.
2871 1101 3060 1166 Istius
3098 1104 3480 1171 sanctissimi

1928 1208 2211 1273 nominis
2233 1208 2674 1290 significatum
2696 1208 3340 1292 incomprehensibile
3357 1213 3482 1279 tria

1930 1317 2437 1399 comprehendit,
2466 1317 2537 1381 in
2563 1318 2802 1401 quibus
2828 1322 3346 1402 superexcessiva
3368 1321 3482 1387 Dei

1914 1421 2217 1517 'dignitas
2258 1442 2517 1490 omnem
2556 1425 3000 1490 auctoritatem
3040 1428 3321 1507 excedit,
3355 1429 3480 1494 sci-

1929 1531 2121 1597 licet:
2166 1533 2559 1616 primitatem
2585 1533 3056 1615 inanteibilem;
3093 1534 3479 1602 universita-

1931 1644 2065 1706 tem
2090 1641 2574 1725 inimitabilem,
2606 1645 3178 1728 sive.potestatem;
3209 1647 3479 1731 aequita-

1929 1751 2061 1813 tem
2115 1749 2661 1834 inobliquabilem.
2713 1751 2782 1818 Si
2847 1753 3022 1818 enim
3083 1754 3486 1838 omnipotens

1932 1853 2100 1922 Deus
2111 1906 2132 1939 ,
2164 1876 2206 1924 a
2230 1861 2417 1941 cujus
2451 1860 2624 1926 fonte
2665 1865 2887 1925 manat
2921 1861 3161 1927 fluvius
3189 1861 3487 1947 Scriptu-

1932 1982 2182 2046 rarum,
2220 1984 2356 2032 non
2387 1967 2654 2036 haberet
2678 1969 3072 2052 primitatem
3097 1970 3169 2034 in
3193 1972 3484 2053 essendo,

1931 2076 1997 2137 et
2026 2074 2557 2159 principalitatem
2602 2075 2675 2142 in
2716 2077 3136 2158 dominando;
3177 2077 3489 2163 inciperet

1930 2181 2154 2265 utique
2181 2184 2315 2247 tam
2345 2200 2505 2263 esse,
2529 2201 2724 2266 quam
2742 2185 3004 2250 habere.
3036 2184 3239 2251 Omne
3266 2192 3485 2252 autem

1930 2288 2104 2373 quod
2133 2290 2388 2374 incipit,
2415 2291 2638 2374 incipit
2672 2310 2787 2374 per
2812 2296 3061 2358 motum
3074 2342 3091 2373 ‚
3137 2293 3242 2359 vel
3268 2299 3483 2361 muta·

1931 2396 2196 2476 tionem,
2214 2401 2292 2463 ut
2317 2398 2625 2482 probatur
2651 2398 2723 2464 in
2746 2398 3052 2483 Physicis.
3083 2401 3251 2467 Deus
3267 2407 3485 2469 autem

1930 2508 2026 2571 est
2048 2524 2320 2573 movens
2343 2505 2671 2573 immobile
2695 2502 2982 2589 omnin0,
3004 2512 3079 2574 ut
3102 2509 3245 2575 vult
3273 2511 3486 2578 Philo-

1929 2612 2171 2696 sophus
2198 2618 2262 2679 ⁸:
2312 2632 2473 2697 ergo
2515 2634 2650 2681 non
2696 2616 2938 2700 incipit,
2982 2636 3100 2683 nec
3146 2635 3309 2699 esse,
3365 2638 3485 2687 nec

1930 2720 2189 2786 habere.
2217 2720 2421 2787 Habet
2438 2724 2641 2806 igitur
2666 2724 3059 2808 primitatem
3076 2727 3341 2792 omnino
3364 2728 3485 2793 im·

1927 2810 2460 2913 principiabilem.
2505 2829 2822 2897 Probatur
2853 2854 2869 2897 :
2922 2831 3125 2900 Omne
3177 2833 3367 2916 illud,
3414 2836 3486 2901 in

1929 2939 2029 3021 cuj
2037 2957 2115 3002 us
2139 2939 2494 3003 substantia
2517 2938 2903 3006 admiscetur
2926 2941 3233 3024 potentia,
3263 2960 3486 3009 secun·

1929 3045 2086 3110 dum
2111 3044 2181 3111 id
2207 3045 2380 3130 quod
2422 3046 2619 3113 habet
2651 3048 2729 3114 de
2767 3049 3051 3132 potentia
3069 3099 3087 3132 ,
3117 3054 3324 3134 potest
3350 3069 3484 3119 non

1929 3172 2100 3235 esse;
2133 3157 2286 3239 quia
2313 3158 2485 3241 quod
2511 3161 2717 3242 potest
2738 3175 2897 3239 esse,
2927 3163 3136 3242 potest
3153 3178 3286 3227 non
3316 3180 3478 3244 esse,

1926 3266 2003 3326 ut
2043 3261 2471 3348 Philosophus
2500 3271 2525 3307 ⁹
2557 3266 2805 3350 prohat,
2847 3269 2911 3332 et
2936 3267 3365 3335 Damascenus
3392 3270 3478 3335 ¹⁰:

1928 3368 2094 3435 Deus
2148 3375 2363 3438 autem
2414 3391 2547 3439 non
2588 3377 2796 3458 potest
2837 3393 2969 3441 non
3005 3394 3142 3443 esse
3175 3399 3190 3442 ε
3239 3378 3310 3442 in
3354 3377 3482 3444 Deo

1927 3477 2132 3561 igitur
2156 3498 2290 3546 non
2319 3483 2417 3547 est
2455 3482 2741 3565 potentia
2777 3484 2860 3548 ad
2895 3501 3076 3549 esse:
3115 3502 3249 3550 non
3276 3484 3482 3567 igitur

1927 3584 2151 3670 incipit
2178 3605 2351 3670 esse,
2380 3606 2500 3655 nec
2525 3608 2642 3674 per
2669 3594 2942 3672 motum,
2973 3610 3093 3658 nec
3118 3609 3235 3676 per
3260 3595 3476 3658 muta-

1928 3690 2169 3760 tionem
2188 3744 2207 3777 ,
2237 3697 2390 3780 quia
2419 3696 2461 3738 ¹¹
2489 3703 2703 3765 motus
2730 3703 2827 3766 est
2855 3704 3033 3766 actus
3059 3699 3224 3765 entis
3254 3700 3323 3765 in
3351 3717 3475 3785 po·-

1929 3803 2163 3886 tentia,
2219 3806 2576 3872 secundum
2636 3807 2810 3892 quod
2860 3808 3258 3891 huiusmodi.
3314 3807 3477 3874 Hinc

1928 3914 2055 3991 est,
2100 3912 2273 3995 quod
2320 3916 2632 3999 propheta
2679 3915 2881 3982 David
2895 3963 2913 3993 ‚
2966 3915 3212 4000 Spiritu
3258 3920 3478 3984 sancto

1928 4018 2180 4085 afflatus
2193 4069 2210 4101 ,
2242 4011 2466 4087 videns
2490 4023 2561 4087 in
2589 4023 2715 4089 Deo
2744 4023 3184 4090 auctoritatem
3210 4025 3479 4093 inviola-

1927 4125 2124 4193 bilem
2144 4133 2407 4213 propter
2429 4130 2824 4213 primitatem
2849 4132 3470 4217 imprincipiabilem‚

1928 4234 2176 4301 dicebat
2213 4237 2296 4302 ¹⁸:
2330 4259 2361 4298 α
2386 4236 2575 4317 Deus,
2604 4239 2720 4323 qui
2745 4239 3113 4306 dominatur
3138 4241 3208 4307 in
3232 4242 3477 4309 virtute

1928 4362 2047 4409 sua
2071 4343 2143 4409 in
2169 4346 2508 4411 aeternum.
2538 4368 2571 4408 ι)
2606 4346 2676 4413 Si
2702 4347 2876 4413 enim
2904 4350 3209 4432 essentia,
3242 4354 3307 4416 et
3332 4350 3473 4416 vir-

1927 4454 2036 4517 tus
2060 4452 2142 4517 ab
2164 4453 2437 4519 essentia
2457 4455 2684 4538 fluens,
2720 4461 3173 4542 comparantur
3195 4459 3277 4524 ad
3304 4457 3475 4524 idem

1926 4560 2314 4644 principium
2330 4564 2394 4629 et
2410 4563 2491 4629 ad
2514 4563 2807 4630 eamdem
2829 4583 3111 4646 causam,
3131 4565 3285 4649 quia
3301 4567 3476 4650 quod

1929 4670 2025 4733 est
2068 4687 2261 4735 causa
2307 4671 2598 4737 essentias
2613 4720 2635 4753 ,
2680 4675 2779 4738 est
2828 4692 3022 4739 causa
3068 4673 3362 4753 virtutis,
3411 4678 3477 4741 et

1929 4777 2104 4860 quod
2131 4781 2225 4844 est
2253 4797 2446 4845 causa
2477 4779 2768 4862 virtutis,
2801 4783 2898 4846 est
2922 4780 3116 4847 etiam
3151 4781 3471 4866 essentiae,

1929 4889 2002 4950 ut
2033 4885 2187 4951 dicit
2212 4886 2659 4970 DamascenuS,
2678 4891 2743 4954 et
2757 4887 3181 4975 Philosophus
3202 4889 3285 4972 ”3
3316 4908 3475 4958 con-

1927 5011 2200 5078 sequens
2225 4999 2322 5062 est
2337 5043 2358 5076 ,
2398 4997 2474 5061 ut
2514 4995 2630 5080 qui
2654 4995 3023 5064 dominatur
3059 4998 3299 5066 virtute
3324 5018 3472 5084 sua,

1927 5167 2015 5220 lib.
2059 5169 2185 5231 ιω,
2223 5170 2353 5224 text.
2391 5171 2474 5222 30.
2514 5196 2571 5210 -
2615 5171 2652 5204 ¹·
2691 5172 2949 5240 Damaso„
2990 5173 3051 5226 de
3087 5175 3295 5228 Orthod.
3334 5177 3475 5243 Fid„

1927 5240 2018 5291 lib.
2060 5242 2101 5305 1,
2138 5256 2184 5291 c.
2224 5253 2345 5306 vm,
2382 5242 2478 5293 sub
2519 5241 2610 5295 fln.
2647 5270 2709 5283 —
2752 5245 2790 5277 ¹¹
2832 5246 3010 5311 Arist„
3053 5246 3222 5313 Phys„
3258 5248 3347 5302 lib.
3390 5250 3475 5314 m,

1927 5314 2053 5364 text.
2106 5315 2165 5364 16
2212 5316 2266 5364 et
2312 5327 2425 5378 seq.
2467 5341 2532 5354 —
2575 5316 2617 5351 ¹⁸
2659 5315 2792 5369 Psal.
2849 5330 2978 5385 LXV,
3021 5320 3069 5370 7.
3111 5345 3175 5359 —
3220 5320 3256 5353 ¹⁸
3300 5320 3476 5384 Arist„

1929 5382 2176 5449 Metaph„
2202 5384 2292 5435 lib.
2325 5386 2438 5449 xli,
2467 5388 2591 5439 text.
2619 5388 2699 5440 28.

1992 5480 2061 5546 (a)
2098 5482 2188 5534 AI.
2227 5483 2591 5548 disputatione.
2618 5510 2683 5524 —-
2719 5485 2792 5552 (ὁ)
2832 5486 2958 5539 Caet.
2994 5487 3116 5540 edit.
3153 5488 3284 5541 ratio
3323 5489 3479 5541 veris·

1927 5553 2076 5618 sima,
2102 5553 2225 5606 licet
2247 5556 2663 5620 profundissima.
