4196 6294
765 477 884 543 584

542 621 629 670 tur»
650 622 695 663 ο*
764 616 827 678 θῖ
852 631 1093 678 vanum
1119 615 1241 679 sibi
1276 615 1638 698 oppositum
1655 661 1675 691 ,
1715 629 1833 695 per
1863 609 2161 691 regulam
2187 625 2293 673 su-

525 692 728 789 ιῖιῗιῗιῗιῗι-
761 719 1133 803 pradictam.
1152 721 1292 788 Uno
1319 721 1506 787 modo
1532 720 1762 785 dicitur
1782 737 2034 796 verum,
2068 736 2295 782 secun-

760 828 915 893 dum
952 829 1122 912 quod
1155 829 1545 894 convertitur
1572 846 1720 893 cum
1763 830 1941 905 ente3
1976 828 2041 890 et
2081 825 2173 889 sic
2198 825 2293 889 di·

760 927 924 1000 citur
950 937 1121 1020 quod
1155 955 1344 1001 omne
1374 954 1486 1000 ens
1521 940 1618 1000 est
1655 952 1918 1014 verum;
1955 936 2019 998 θῖ
2061 933 2153 996 sic
2180 951 2294 998 va-

758 1060 920 1107 num
947 1061 1102 1108 vero
1131 1044 1491 1127 oppositum
1527 1042 1759 1108 dicitur
1786 1059 1918 1106 non
1956 1058 2102 1119 enS,
2139 1040 2300 1104 sicut

760 1150 1032 1215 dicimus
1082 1151 1250 1235 quod
1298 1150 1602 1215 chimaera
1647 1168 1776 1215 non
1830 1153 1927 1214 est
1969 1167 2103 1213 ens,
2154 1147 2298 1213 Alio

761 1257 950 1323 modo
976 1257 1206 1322 dicitur
1242 1276 1469 1324 verum
1489 1306 1508 1337 ,
1546 1256 1895 1321 secundum
1932 1255 2106 1338 quod
2131 1254 2300 1319 ultra

1723 471 2264 542 EXPOSITIONIS
2306 471 2386 536 IN
2433 469 3002 538 ECGLESIASTEN

2410 606 2595 685 Quod
2648 625 2811 688 ergo
2860 608 3070 690 primo
3121 611 3444 695 objicitur,
3507 614 3670 696 quod
3723 616 3903 681 omnis
3943 630 4060 673 som

2409 715 2671 780 scientia
2696 720 2791 780 est
2817 716 2895 781 de
2921 717 3090 782 bono
3117 723 3181 783 et
3208 738 3391 798 vero,
3432 740 3655 785 verum
3691 727 3778 786 est
3811 743 3904 807 per
3937 693 4068 798 Ἥ

2410 842 2513 902 εθ;
2565 823 2675 888 sed
2715 822 2794 888 de
2838 842 3005 890 vano
3051 826 3243 890 etiam
3280 831 3483 911 potest
3524 847 3658 893 esse
3691 830 3904 896 ratione

2410 931 2581 996 veri:
2615 933 2678 995 et
2715 934 2829 1014 qui
2864 936 3263 1015 recognoscit
3299 936 3611 1018 principia
3650 955 3820 1015 vera,
3855 943 3906 1002 et

2411 1039 2566 1104 falsa
2592 1040 2957 1120 cognoscit3
2982 1045 3045 1105 et
3070 1043 3233 1106 sicut
3259 1047 3355 1108 est
3383 1043 3462 1108 de
3480 1061 3659 1126 aegro
3676 1049 3736 1109 et
3754 1063 3903 1123 sano,

2411 1148 2703 1212 similiter
2729 1148 2920 1213 etiam
2952 1150 3020 1213 in
3049 1152 3390 1232 proposito.

2490 1253 2669 1332 Quod
2710 1256 3026 1340 objicitur,
3072 1261 3244 1343 quod
3281 1266 3588 1325 creaturae
3628 1279 3749 1325 non
3781 1265 3910 1325 sunt
3936 1278 4070 1391 cat&

559 4939 625 4981 Do
643 4949 730 4992 qua

539 4999 729 5041 vanitate

538 5061 585 5103 in
599 5061 682 5103 hoo
699 5059 749 5102 li·

755 1364 1084 1431 'entitatem
1110 1365 1286 1430 addit
1326 1365 1616 1430 ordinem
1655 1365 1735 1428 ad
1770 1364 2200 1446 operationem
2238 1367 2301 1428 et

761 1473 956 1537 finem
973 1521 991 1551 ‚
1045 1472 1209 1539 sicut
1259 1473 1489 1539 dicitur
1532 1489 1761 1536 verum
1804 1471 2033 1538 vinum
2055 1520 2072 1551 ‚
2127 1469 2301 1555 quod

761 1580 953 1646 habet
994 1599 1214 1647 veram
1258 1582 1689 1666 operationem
1731 1578 1870 1645 vini
1904 1601 1919 1644 ε
1968 1578 2059 1643 sic
2106 1578 2301 1642 homo

761 1707 954 1755 verus
967 1739 990 1770 ‚
1026 1692 1140 1774 qui
1174 1691 1366 1756 habet
1403 1690 1836 1773 operationem
1870 1687 2150 1753 debitam
2179 1686 2302 1750 ho-

762 1798 971 1863 mini:
1009 1803 1072 1863 et
1115 1799 1256 1864 haec
1297 1803 1394 1863 est
1437 1798 1718 1881 operatio
1749 1795 2006 1862 virtutis
2039 1817 2054 1860 ε
2108 1796 2172 1857 θῖ
2214 1792 2303 1856 sic

762 1924 1007 1971 vanum
1037 1907 1273 1971 dicitur
1299 1924 1414 1989 per
1441 1905 1863 1988 privationem
1891 1900 2303 1967 ordinationis

762 2014 830 2079 in
857 2015 1084 2096 finem,
1113 2020 1176 2081 et
1210 2017 1300 2081 sic
1326 2019 1576 2099 peccata
1613 2013 1830 2078 omnia
1867 2014 1931 2075 et
1962 2009 2304 2074 abusiones

760 2141 950 2188 vanae
967 2124 1154 2190 fiunt.
1177 2123 1319 2189 Alio
1340 2124 1528 2189 modo
1551 2122 1784 2187 dicitur
1799 2136 2051 2198 verum,
2084 2135 2303 2182 secun-

764 2230 919 2295 dum
945 2231 1119 2314 quod
1147 2232 1319 2296 addit
1346 2248 1542 2314 supra
1564 2247 1699 2294 esse
1720 2226 2303 2310 impermixtionem

765 2339 843 2403 ad
871 2357 1002 2404 non
1028 2355 1186 2420 esse,
1216 2339 1386 2423 quod
1415 2338 1593 2404 nullo
1620 2336 1811 2401 modo
1852 2333 2047 2398 habet
2073 2337 2303 2417 poten-

765 2446 919 2509 tiam
955 2445 1036 2511 ad
1074 2446 1268 2525 illud;
1314 2450 1379 2511 et
1411 2446 1499 2510 sic
1530 2443 1762 2511 dicitur
1798 2441 2034 2506 habere
2074 2458 2304 2506 verum

764 2570 922 2633 esse,
969 2552 1141 2634 quod
1179 2552 1372 2617 habet
1420 2570 1557 2617 esse
1602 2548 2034 2628 immutabile;
2080 2553 2145 2612 et
2184 2548 2304 2612 hoc

765 2658 954 2723 modo
970 2676 1209 2724 vanum
1230 2658 1569 2743 opponitur
1588 2675 1740 2724 vero
1756 2674 1870 2741 per
1883 2655 2305 2738 privationem

765 2783 901 2830 esse
928 2765 1101 2831 illius
1111 2814 1132 2846 ‚
1175 2766 1344 2849 quod
1372 2770 1467 2831 est
1504 2763 1900 2830 immutabile
1926 2767 1990 2828 et
2022 2764 2301 2827 intrans·

769 2873 1093 2938 mutabile.
1121 2873 1194 2938 Et
1207 2873 1326 2937 sic¹
1345 2897 1376 2935 (ι
1389 2873 1597 2937 omnis
1614 2875 1904 2937 creatura
1916 2874 2011 2934 est
2023 2870 2308 2953 subjecta

770 2979 1059 3058 vanitati,
1074 3000 1106 3041 ι
1126 2980 1275 3063 quia
1289 2977 1718 3045 mutabilitati.
1738 2977 1838 3043 Sic
1853 2977 2059 3060 igitur
2071 2977 2308 3042 dicitur

768 3104 1010 3153 vanum
1034 3086 1264 3171 triplex
1293 3108 1308 3153 :
1350 3106 1482 3153 uno
1520 3086 1710 3152 modo
1747 3103 1862 3170 per
1884 3084 2307 3168 privationem

769 3212 903 3259 esse
929 3194 1324 3277 simplicitet-3
1367 3195 1492 3260 alio
1522 3195 1711 3260 modo
1741 3212 1858 3278 per
1883 3192 2308 3276 privationem

770 3318 902 3364 esse
937 3301 1238 3378 ordinati;
1270 3301 1458 3366 tertio
1486 3303 1676 3366 modo
1691 3349 1709 3381 ,
1741 3318 1857 3384 per
1881 3298 2308 3383 privationem

770 3424 907 3474 esse
934 3408 1431 3475 intransmutati.

850 3516 935 3579 De
962 3517 1194 3598 primo,
1214 3516 1392 3580 nullo
1416 3516 1606 3582 modo
1626 3519 1719 3580 est
1737 3514 2003 3580 scientia
2020 3533 2139 3581 nec
2160 3515 2308 3581 doc-

770 3622 971 3699 trina,
1001 3624 1125 3687 nisi
1149 3624 1308 3688 forte
1338 3623 1568 3687 babeat
1597 3640 1731 3687 esse
1757 3623 1829 3687 in
1859 3640 2050 3687 causa
2068 3672 2085 3702 ‚
2118 3626 2182 3687 et
2204 3641 2308 3687 se-

772 3730 1058 3795 cundum
1086 3730 1245 3796 illud
1268 3730 1566 3811 cognosci
1593 3734 1656 3793 et
1680 3730 1954 3795 edoceri:
1991 3734 2054 3793 et
2073 3729 2163 3793 sic
2179 3748 2309 3795 non

771 3841 866 3902 est
890 3855 1175 3918 vanum;
1212 3836 1322 3901 sed
1349 3837 1697 3925 secundum
1722 3836 1892 3919 quod
1916 3854 2160 3900 vanum
2190 3841 2308 3916 est,

771 3962 887 4009 nec
914 3962 1029 4027 per
1054 3962 1153 4024 se,
1189 3962 1308 4009 nec
1342 3962 1458 4026 per
1479 3943 1765 4008 accidens
1793 3948 1886 4008 est
1911 3942 2192 4008 scientia.
2224 3944 2311 4007 De

772 4050 1049 4117 secundo
1088 4050 1276 4116 modo
1320 4069 1448 4116 non
1489 4054 1584 4114 est
1616 4050 1879 4114 scientia
1919 4067 2034 4133 per
2071 4069 2172 4127 se,
2204 4051 2309 4115 sed

772 4175 887 4240 per
904 4158 1220 4223 accidens:
1244 4160 1405 4225 sicut
1423 4159 1593 4223 enim
1614 4157 1924 4222 medicina
1941 4163 2034 4222 est
2052 4157 2312 4222 scientia

773 4266 913 4329 sani
936 4268 1000 4329 et
1025 4265 1211 4346 aegri,
1242 4265 1377 4329 sani
1410 4265 1668 4349 quidem
1696 4283 1808 4347 per
1836 4283 1924 4345 se,
1964 4266 2132 4348 aegri
2156 4283 2310 4330 vero

770 4388 885 4453 per
919 4371 1242 4449 acciden5‚
1286 4375 1359 4436 ut
1415 4372 1554 4436 vult
1594 4370 2047 4454 Philosophus;
2104 4371 2194 4435 sic
2234 4372 2311 4436 de

771 4478 958 4562 culpa
1000 4478 1099 4543 vel
1141 4484 1394 4560 peccato
1437 4482 1532 4543 est
1575 4479 1890 4557 theorica,
1932 4478 2039 4542 sed
2066 4479 2310 4543 ratione

774 4586 1050 4650 virtutis.
1082 4586 1171 4650 De
1199 4586 1386 4650 tertio
1417 4586 1637 4665 mod0,
1671 4585 1905 4650 scilicet
1927 4586 2006 4650 de
2036 4587 2308 4650 mutabi-

774 4693 949 4759 litate
967 4697 1296 4774 creaturae,
1319 4693 1578 4758 scientia
1596 4697 1692 4758 est
1712 4712 1827 4777 per
1845 4711 1934 4773 se,
1961 4693 2126 4758 sicut
2142 4698 2312 4777 patet

772 4802 852 4866 de
878 4806 1058 4866 motu
1087 4800 1254 4882 solis,
1282 4805 1345 4865 et
1371 4802 1643 4881 orbium,
1676 4806 1734 4865 et
1764 4801 2036 4866 aliarum
2064 4820 2301 4866 rerum.

773 4907 848 4972 ln
870 4909 991 4973 hoc
1017 4909 1214 4991 igitur
1237 4908 1401 4974 libro
1437 4909 1656 4992 agitur
1682 4910 1761 4974 de
1787 4910 2066 4974 vanitate
2092 4913 2307 4974 muta-

773 5016 1033 5080 bilitatis
1051 5064 1067 5093 ‚
1111 5016 1245 5081 sive
1289 5021 1574 5098 naturae,
1616 5017 1770 5101 quia
1804 5020 1900 5082 est
1935 5017 2209 5102 pulchra
2248 5020 2310 5081 et

536 5122 751 5227 “22:⁸⁹
774 5112 918 5207 apta
934 5171 950 5200 ‚
980 5128 1046 5187 et
1069 5123 1148 5188 de
1173 5124 1453 5189 vanitate
1478 5125 1719 5207 culpae3
1753 5125 1831 5190 de
1860 5125 1980 5190 alia
2005 5125 2303 5203 vanitate,

773 5229 1008 5293 scilicet
1031 5232 1405 5313 privationis
1432 5233 1848 5313 omnimodae,
1897 5252 2026 5297 non
2059 5235 2304 5317 agitur,

771 5337 925 5420 quia
950 5337 1028 5401 de
1052 5336 1161 5401 illa
1176 5357 1305 5403 non
1333 5344 1427 5405 est
1453 5341 1733 5420 scientia,
1762 5359 1971 5424 neque
1995 5341 2303 5406 doctrina.

834 5465 847 5492 ¹
874 5461 1034 5525 Rom„
1061 5472 1177 5528 vm,
1208 5465 1284 5515 20.
1319 5492 1371 5502 —
1404 5467 1421 5496 ²
1445 5465 1623 5528 Βακὰ,
1653 5477 1742 5531 xx,
1772 5468 1848 5521 22.

2411 1381 2626 1443 vanae,
2669 1364 2820 1446 quia
2857 1365 3040 1430 valde
3079 1366 3297 1444 bonae,
3340 1373 3402 1433 et
3442 1369 3509 1431 in
3547 1368 3731 1432 finem
3770 1366 4081 1442 ordi-ww

3956 1461 4062 1503 nedi-

3946 1526 4068 1566 mur.

2410 1474 2608 1549 natae,
2638 1471 3046 1553 solvendum,
3077 1476 3248 1556 quod
3279 1493 3406 1540 non
3436 1476 3726 1540 dicuntur
3751 1492 3909 1538 vanae

2411 1595 2524 1659 per
2549 1577 2864 1642 defectum
2889 1579 3039 1644 boni
3064 1581 3166 1647 vel
3190 1583 3453 1664 ordinis,
3479 1584 3587 1648 sed
3613 1600 3721 1667 per
3745 1583 3912 1647 derec-

2411 1687 2551 1748 tum
2577 1702 2713 1750 esse
2738 1686 3308 1770 incommutabilis3
3338 1695 3400 1755 et
3427 1691 3516 1755 sic
3542 1692 3740 1754 omnis
3763 1708 3913 1753 crea-

2411 1795 2559 1856 tura
2597 1796 2691 1856 est
2736 1811 2901 1859 vana
2920 1842 2936 1871 ‚
2980 1814 3098 1859 nec
3141 1796 3228 1859 ita
3270 1815 3439 1862 vana
3458 1846 3476 1877 ,
3520 1799 3674 1880 quin
3715 1796 3916 1861 habeat

2412 1899 2747 1964 veritatem
2778 1904 2841 1965 et
2877 1902 3265 1969 bonitatem:
3306 1908 3369 1968 et
3406 1904 3548 1970 ideo
3589 1905 3829 1970 scientia
3863 1908 3915 1972 et

2412 2007 2699 2071 doctrina
2725 2007 2803 2072 de
2836 2008 2976 2090 ipsa
3002 2014 3096 2073 est
3121 2028 3298 2076 vera.
3344 2011 3506 2077 Item
3535 2013 3830 2096 quaeritur
3849 2011 3916 2075 de

2413 2114 2604 2179 modo
2641 2116 2912 2195 agendi:
2958 2117 3197 2182 dictum
3237 2126 3333 2182 est
3362 2120 3570 2199 enim,
3604 2121 3764 2203 quod
3799 2120 3918 2201 agit

2415 2225 2477 2285 et
2495 2220 2780 2304 loquitur
2806 2224 2871 2286 in
2894 2225 3181 2306 personis
3209 2226 3510 2308 diversiS,
3532 2228 3757 2293 scilicet
3784 2228 3917 2292 fatui

2415 2333 2478 2394 et
2503 2329 2826 2412 sapientis,
2877 2329 2998 2395 Sed
3021 2334 3045 2368 ¹
3075 2354 3108 2394 α
3135 2351 3218 2398 ex
3252 2352 3362 2398 ore
3387 2335 3548 2400 fatui
3584 2334 3914 2418 reprobabi-

2414 2441 2521 2501 tur
2561 2438 2861 2520 parabola
2894 2460 2909 2502 ε
2955 2459 2986 2498 n
3024 2457 3184 2522 ergo
3221 2445 3285 2506 et
3327 2444 3638 2507 sententia
3677 2442 3825 2508 dicta
3862 2442 3917 2506 in

2414 2562 2682 2627 persona
2719 2545 2878 2611 fatui
2922 2565 3055 2612 non
3095 2551 3191 2612 est
3228 2549 3606 2615 attendenda
3634 2567 3652 2614 ε
3693 2566 3839 2630 ergo
3873 2547 3918 2611 si

2414 2653 2725 2717 sententia
2743 2652 3055 2718 librorum
3082 2673 3409 2720 sacrorum
3436 2662 3534 2724 est
3551 2654 3913 2732 attendenda,

2415 2775 2545 2822 non
2572 2758 2756 2823 debet
2782 2759 2957 2842 loqui
2984 2761 3050 2824 in
3078 2780 3353 2844 persona
3374 2763 3558 2829 fatui.
3590 2762 3763 2839 Item,
3794 2778 3920 2846 quae

2415 2864 2563 2930 dicit
2598 2866 2665 2930 in
2699 2884 2971 2948 persona
3014 2868 3167 2932 fatui
3208 2873 3273 2933 et
3314 2871 3623 2951 carnalis,
3660 2874 3803 2934 sunt
3832 2886 3919 2932 re-

2415 2973 2785 3055 probanda:
2837 2974 2947 3038 sed
2992 2976 3295 3056 nescitur,
3343 2979 3605 3060 quando
3646 2976 3918 3060 loquitur,

2415 3086 2638 3147 utrum
2677 3083 2800 3149 boc
2852 3085 3018 3150 dicat
3067 3085 3138 3149 in
3190 3104 3466 3169 persona
3513 3088 3794 3171 propria,
3833 3086 3919 3151 vel

2417 3191 2661 3256 aliena:
2705 3210 2863 3274 ergo
2890 3194 3192 3273 nescitur,
3222 3195 3378 3278 quid
3414 3196 3486 3259 in
3515 3197 3637 3261 hoc
3671 3196 3823 3260 libro
3844 3200 3921 3257 te·

2416 3300 2733 3380 nendum,
2791 3301 2945 3385 quid
3010 3304 3487 3385 reprobandum
3521 3327 3537 3369 :
3608 3321 3761 3386 ergo
3806 3302 3924 3366 baec

2416 3407 2679 3472 scientia
2712 3408 2819 3473 via
2846 3413 2939 3472 est
2965 3409 3045 3474 ad
3079 3428 3398 3475 errorem:
3444 3413 3559 3478 sed
3585 3413 3725 3477 libri
3751 3427 3922 3476 sacrae

2417 3511 2761 3597 Scripturae
2807 3515 3037 3580 debent
3088 3536 3373 3600 purgare
3417 3537 3698 3585 errorem
3728 3540 3743 3585 ε
3784 3535 3923 3600 ergo

2416 3621 2578 3685 liber
2605 3620 2722 3685 iste
2746 3621 3062 3688 tollendus
3088 3629 3183 3689 est
3206 3625 3283 3689 de
3305 3643 3570 3692 canone.
3593 3625 3924 3710 Respondeo

2419 3727 2778 3809 dicendum,
2807 3729 2980 3812 quod
3005 3730 3180 3814 loqui
3209 3731 3450 3815 aliquid
3476 3734 3545 3797 in
3569 3753 3822 3817 persona
3846 3733 3925 3796 la·

2418 3834 2511 3898 tui
2538 3834 2643 3901 vel
2670 3836 2941 3899 carnalis
2956 3885 2974 3916 ‚
3006 3841 3099 3901 est
3125 3838 3331 3904 dicere
3345 3889 3362 3919 ‚
3393 3840 3502 3905 vel
3528 3846 3602 3907 ut
3626 3840 3920 3924 approbet,

2418 3941 2522 4006 vel
2567 3944 2641 4005 ut
2694 3942 2993 4025 reprobet
3034 3948 3098 4009 et
3148 3963 3392 4011 vanum
3442 3966 3578 4014 esse
3619 3948 3921 4014 ostendat:

2418 4048 2627 4129 primo
2647 4049 2838 4114 modo
2859 4068 2991 4114 non
3016 4053 3313 4118 convenit
3337 4054 3622 4121 scientiae
3639 4054 3923 4129 veritatis;

2418 4155 2696 4219 secundo
2714 4156 2904 4221 modo
2931 4159 3248 4240 convenit,
3268 4161 3428 4226 sicut
3448 4162 3505 4226 si
3528 4163 3747 4245 aliquis
3762 4161 3927 4226 vellet

2418 4279 2704 4326 errorem
2731 4265 3096 4346 reprobare,
3135 4270 3199 4330 et
3227 4268 3406 4350 prius
3428 4269 3613 4336 illum
3644 4269 3721 4353 (α)
3750 4267 3926 4351 expli·

2417 4372 2615 4448 caret,
2644 4372 3051 4452 postmodum
3085 4373 3472 4441 destrueret:
3521 4382 3585 4443 et
3620 4378 3737 4442 hoc
3760 4373 3925 4439 modo

2415 4473 2719 4559 loquitur,
2751 4496 2881 4542 non
2908 4480 3150 4562 primo:
3183 4485 3247 4545 et
3273 4482 3418 4546 ideo
3444 4502 3578 4548 non
3610 4488 3705 4550 θεῖ
3730 4498 3925 4565 repro·

2418 4582 2696 4663 bandus,
2728 4585 2862 4650 imo
2887 4587 3449 4669 commendanduS,
3480 4592 3637 4673 quia
3661 4589 3926 4674 reprobat

2417 4691 2831 4772 reprobanda.

2498 4797 2675 4874 Quod
2732 4799 3064 4881 objicitur,
3134 4804 3286 4886 quia
3353 4807 3635 4872 nescitur
3697 4802 3924 4889 quando

2414 4902 2697 4987 loquitur
2731 4906 2798 4968 in
2841 4925 3110 4988 persona
3158 4929 3307 4991 sua,
3355 4912 3691 4978 dicendum
3715 4960 3731 4989 ,
3777 4908 3924 4994 quod

2416 5011 2853 5093 disputationis
2904 5015 3102 5081 altera
3145 5036 3289 5100 pars
3337 5038 3469 5085 non
3513 5023 3717 5103 potest
3760 5015 3889 5082 sciri
3906 5061 3923 5092 ‚

2414 5137 2753 5202 quousque
2790 5122 3085 5188 veniatur
3130 5126 3209 5190 ad
3251 5129 3627 5192 sententiam
3653 5132 3714 5191 et
3741 5126 3925 5190 deter-

2416 5228 2860 5308 minationem3
2889 5231 3043 5313 quia
3081 5232 3152 5298 in
3187 5234 3500 5301 solutione
3537 5235 3761 5313 scitur,
3790 5228 3927 5314 quid

2416 5336 2708 5417 eligatur,
2740 5343 2801 5401 et
2839 5338 2990 5419 quid
3018 5342 3389 5423 reprobetur
3426 5365 3441 5409 t
3470 5342 3560 5409 sic
3587 5342 3747 5422 dico,
3770 5336 3924 5423 quod

2482 5463 2543 5524 (α)
2583 5462 2704 5514 Coee.
2728 5461 2853 5512 edit.
2888 5461 3026 5515 illud.
