4196 6294
1100 490 1199 556 DE
1237 488 1513 555 SAGRAE
1553 486 2021 555 SCRIPTURAE
2063 485 2617 555 PRAESTANTIA.
3415 500 3456 559 5

242 628 302 690 ut
330 623 512 689 docet
550 623 742 689 idem
776 625 1195 708 Augustinus
1238 628 1298 705 1;
1341 630 1405 692 et
1443 626 1799 692 secundum

249 734 383 800 illud
406 736 476 800 ¹:
517 758 551 796 a
584 733 720 799 Per
748 753 868 801 me
902 753 1091 817 reges
1123 740 1436 818 regnant,
1484 740 1546 800 et
1574 735 1800 817 legum

254 842 592 909 conditores
619 845 822 926 justa
870 845 1215 910 decernunt
1252 845 1313 928 );
1359 866 1391 904 n
1431 844 1537 908 lex
1586 848 1801 907 tamen

255 971 429 1017 sacrae
463 952 833 1035 Scripturae
872 952 1371 1036 peculiarissimo
1410 951 1705 1029 nomine,
1736 953 1799 1015 et

254 1061 678 1146 praerogativa
696 1060 1173 1142 specialissima,
1200 1059 1435 1123 dicitur
1455 1058 1800 1142 procedere

255 1172 321 1236 de
345 1170 493 1235 sede
516 1170 655 1234 Dei.
701 1168 1022 1245 Ostendit,
1055 1168 1291 1252 inquit,
1326 1168 1489 1234 mihi
1522 1168 1805 1250 fluvium

250 1278 677 1365 procedentem
704 1277 789 1343 de
828 1277 971 1343 sede
999 1279 1133 1343 Dei.
1164 1275 1278 1341 Est
1302 1276 1475 1340 enim
1503 1294 1618 1358 per
1643 1275 1800 1342 Ver-

254 1389 398 1453 bum
431 1388 802 1452 increatum
842 1386 1010 1450 edita
1046 1387 1109 1449 et
1148 1385 1469 1463 instituta3
1514 1402 1630 1466 per
1655 1401 1803 1450 ver·

254 1497 398 1562 bum
435 1497 831 1579 inspiratum
856 1494 1178 1558 recitata:
1227 1510 1340 1577 per
1384 1491 1662 1558 Verbum
1702 1492 1804 1556 in-

255 1610 580 1671 carnatum
602 1606 1082 1681 consummata3
1104 1619 1219 1685 per
1237 1602 1513 1667 verbum
1537 1602 1804 1665 authen-

254 1715 507 1779 ticatum
524 1711 964 1796 promulgata.
984 1711 1224 1774 Dicitur
1238 1710 1412 1774 enim
1430 1710 1453 1745 ⁸
1482 1732 1512 1770 α
1528 1710 1805 1775 verbum

257 1822 355 1888 Dm
400 1846 433 1883 n
483 1822 766 1888 verbum
812 1820 1003 1885 Verbi
1061 1819 1409 1899 incarnati3
1460 1840 1493 1880 α
1531 1819 1805 1897 verbum

254 1930 535 1998 veritatis
585 1934 651 1993 et
700 1927 1066 2010 sapientiae3
1119 1927 1394 1993 verbum
1437 1926 1696 1991 virtutis
1743 1930 1808 1991 et

254 2038 580 2123 potentiae3
606 2037 882 2102 verbum
903 2035 1081 2113 vitae,
1104 2038 1169 2099 et
1202 2034 1473 2101 verbum
1490 2033 1741 2115 gratiae.
1764 2054 1796 2094 n

256 2146 410 2213 eum
454 2146 632 2210 enim
672 2144 783 2210 lex
823 2142 1115 2209 humana
1159 2143 1242 2208 sit
1276 2142 1644 2208 constitutio
1685 2159 1801 2225 po·

257 2256 408 2340 puli,
434 2274 568 2338 qua
589 2255 866 2337 majores
880 2255 1043 2317 natu
1061 2253 1414 2316 sanxerunt
1432 2250 1627 2314 simul
1652 2268 1802 2315 cum

260 2364 546 2450 plebibus
574 2362 848 2445 aliquid,
889 2360 1243 2425 secundum
1271 2358 1586 2424 Isidorum
1613 2363 1672 2437 ⁸3
1702 2359 1803 2422 le-

260 2493 401 2556 gem
442 2474 794 2556 Scripturas
840 2488 1038 2535 sacrae
1082 2468 1392 2553 sapientia
1445 2468 1557 2533 Dm
1604 2467 1802 2531 solius

262 2581 546 2662 instituit,
580 2580 788 2645 nihilo
814 2578 1288 2644 adinventionis
1315 2578 1621 2641 humanae
1648 2591 1802 2658 per-

265 2691 475 2768 mixto,
487 2689 711 2773 populi
727 2692 979 2753 tantum
998 2685 1290 2752 Hebraici
1308 2686 1386 2750 de
1405 2683 1803 2768 suscipienda

266 2797 399 2880 lege
430 2798 743 2881 requisito
769 2813 1119 2874 consensu,
1150 2795 1351 2879 ipsius
1390 2793 1554 2875 legis
1588 2793 1797 2875 impo-

270 2906 478 2970 nendae
520 2922 657 2970 non
699 2903 1014 2987 expressis
1050 2901 1329 2967 articulis
1344 2949 1361 2979 ,
1400 2905 1477 2964 ut
1521 2904 1692 2983 patet
1730 2899 1801 2963 16

275 3014 481 3082 Exodo
498 3021 542 3078 ⁸.
566 3013 645 3079 Et
666 3013 840 3097 quod
863 3010 1010 3093 plus
1033 3014 1146 3091 est,
1174 3010 1281 3075 lex
1301 3008 1573 3074 Mosaica
1590 3009 1800 3092 quoad

275 3122 761 3207 principaliorem
791 3123 935 3204 ejus
962 3122 1209 3203 partem
1237 3137 1278 3184 a
1305 3117 1433 3183 Deo
1455 3135 1571 3202 per
1595 3134 1795 3201 ange-

277 3228 450 3295 licum
481 3231 914 3296 ministerium
951 3229 1066 3294 toti
1114 3227 1351 3312 populo
1391 3227 1797 3292 sensibilibus

283 3340 471 3403 verbis
513 3357 844 3423 expressa,
901 3338 1101 3402 donec
1145 3335 1225 3400 ad
1276 3352 1500 3401 vocem
1541 3335 1799 3400 Domini

282 3449 515 3512 territus
555 3446 833 3531 populus
870 3435 1151 3527 rogaret,
1199 3447 1276 3509 ut
1317 3442 1399 3506 ab
1439 3461 1561 3512 ore
1594 3442 1796 3526 Moysi

287 3556 579 3620 residuum
641 3554 809 3636 legis
861 3553 1141 3630 audiret,
1207 3551 1566 3616 secundum
1621 3550 1797 3633 quod

288 3667 433 3744 patet
455 3664 518 3728 in
546 3662 799 3730 Exodo.
830 3660 987 3739 Quae
1017 3660 1271 3725 tandem
1302 3661 1385 3724 ob
1413 3659 1795 3742 perpetuita-

289 3773 399 3833 tem
435 3771 757 3836 memoriae
801 3771 872 3835 in
916 3768 1151 3832 tabulis
1194 3766 1459 3849 lapideis
1501 3766 1743 3848 legitur
1768 3766 1793 3802 ‘¹

292 3875 456 3942 fuisse
494 3878 842 3962 conscripta
887 3875 1171 3957 «digito
1215 3873 1327 3938 Dei
1371 3873 1528 3939 vivi.
1580 3895 1612 3932 n
1648 3872 1794 3938 Fuit

291 3985 481 4065 tertio,
521 3986 719 4051 verbo
765 3984 1059 4064 virtutis,
1108 3981 1316 4064 signis
1363 3984 1426 4045 et
1482 3980 1792 4063 prodigiis

292 4093 653 4172 confirmata3
684 4093 886 4174 signis
910 4092 1124 4172 legem
1150 4088 1676 4173 praecedentibus,
1706 4089 1792 4154 le-

292 4216 420 4278 gem
454 4200 1045 4277 concomitantibus,
1088 4197 1303 4279 legem
1335 4196 1786 4280 subsequenti·

290 4304 411 4372 bus.
428 4307 618 4390 Signa
631 4310 845 4390 legem
865 4306 1292 4391 praecedentia
1317 4305 1790 4388 praesagiebant

288 4410 427 4493 legis
449 4416 992 4500 approbationem;
1021 4414 1071 4477 si
1079 4431 1214 4495 gna
1237 4412 1456 4494 legem
1477 4413 1788 4478 concomi-

287 4524 455 4588 tantia
478 4524 838 4590 sanciebant
876 4523 1043 4604 legis
1072 4522 1564 4598 institutionem;
1596 4521 1789 4603 signa

285 4626 465 4711 legem
491 4631 941 4716 subsequentia
973 4627 1573 4709 conferebant‘legis
1597 4628 1787 4693 insti-

283 4739 416 4803 tutae
451 4743 509 4804 et
549 4738 920 4824 approbatae
954 4735 1536 4820 promulgationem
1551 4783 1572 4814 ,
1621 4735 1788 4800 sicut

282 4841 515 4912 habetur
542 4849 613 4912 in
645 4843 883 4913 Exodo
927 4844 1153 4909 diffuse
1197 4861 1312 4926 per
1365 4847 1591 4908 totum.
1638 4841 1785 4908 Fuit

280 4958 479 5033 quarto
523 4973 634 5039 per
677 4952 966 5018 Verbum
1024 4952 1437 5026 incarnatum,
1484 4969 1781 5017 consum-

280 5065 451 5143 mata,
479 5069 536 5129 et
562 5063 761 5132 verbo
788 5060 983 5129 Verbi
1007 5060 1316 5126 incarnati
1345 5061 1778 5144 promulgata,

267 5228 340 5351 ,ι’
362 5228 767 5353 *iffi-‘5⁶3
783 5224 1056 5348 1¹th
1087 5202 1639 5347 &felt-1²1¹&
1666 5234 1781 5346 *3¹52

261 5372 303 5434 ὃ,
330 5327 418 5426 etc..
440 5401 503 5414 —
538 5375 558 5404 ⁴
587 5317 734 5438 ¹:35⁸,
769 5332 1025 5435 hymel-3,
1057 5332 1162 5420 {ihs
1184 5367 1249 5432 V,
1289 5331 1352 5418 c?
1376 5332 1429 5417 κ’.
1452 5332 1517 5406 --ἴ
1551 5368 1570 5398 ⁸
1594 5332 1781 5434 ΕΞοάζ

256 5453 349 5508 xix,
370 5449 446 5499 21.
473 5473 537 5486 —
577 5446 598 5477 ⁸
632 5442 836 5508 Exod„
874 5452 975 5504 xx,
1008 5452 1154 5492 xxxxi
1188 5443 1241 5492 et
1276 5450 1457 5491 xxxiv.
1490 5465 1553 5478 —
1578 5441 1601 5478 '¹
1630 5440 1779 5505 ibid„

250 5523 481 5586 xxxi,18.
509 5545 574 5559 —
604 5520 625 5552 ⁸
662 5514 871 5578 Galat„
910 5525 982 5578 iv,
1009 5516 1056 5565 4.
1084 5537 1145 5553 -
1184 5513 1205 5544 ⁸
1231 5510 1342 5573 deb,
1382 5522 1570 5575 xxxvi,
1605 5514 1684 5565 22.
1718 5537 1780 5551 .-

1911 626 1981 689 16
2009 625 2561 691 consummatione
2602 624 3019 708 plenitudinis
3054 628 3451 711 temporum,

1906 732 2156 799 Christo
2197 731 2462 796 moralia
2503 732 2672 814 legis
2713 738 3069 818 exequente
3084 783 3100 816 ‚
3129 736 3456 818 judicialia

1905 845 2332 924 temperante,
2375 842 2917 906 caeremonialium
2961 844 3299 909 veritatem
3340 863 3453 910 ex-

1907 948 2164 1013 hibente
2178 999 2195 1029 ,
2214 948 2590 1030 figuralium
2608 951 2947 1016 veritatem
2974 952 3332 1018 elucidante
3354 975 3370 1017 z
3395 958 3458 1018 et

1906 1057 2049 1137 hoc,
2082 1057 2339 1139 quando
2364 1056 2385 1091 ⁸
2414 1080 2444 1117 α
2462 1057 2636 1121 misit
2654 1057 2819 1122 Deus
2846 1060 3056 1124 filium
3081 1080 3299 1140 suum,
3326 1061 3460 1126 fac-

1909 1169 2048 1230 tum
2068 1184 2152 1229 ex
2178 1164 2468 1243 muliere,
2498 1164 2739 1230 factum
2760 1167 2882 1231 sub
2905 1168 3079 1251 lege,
3101 1173 3175 1233 ut
3194 1189 3323 1250 eOS,
3347 1172 3458 1254 qui

1909 1275 2192 1357 sublege
2215 1280 2429 1355 erant,
2454 1277 2816 1342 redimeret.
2838 1301 2868 1338 ι)
2908 1302 2939 1339 a
2958 1278 3248 1345 Similem
3280 1300 3461 1345 nam-

1909 1401 2035 1466 que
2061 1384 2084 1419 9
2121 1400 2253 1446 666
2292 1383 2535 1449 habens
2579 1387 2648 1448 in
2697 1386 3176 1468 legislatoribus
3200 1411 3232 1449 ι)
3269 1389 3455 1471 Dans,

1909 1508 2107 1573 supra
2142 1490 2430 1556 debitum
2468 1511 2536 1557 se
2567 1492 2704 1575 legi
2732 1498 2956 1578 sponte
2989 1496 3297 1576 subdidit,
3328 1517 3461 1563 nou

1910 1600 2159 1662 tantum
2178 1604 2495 1681 quantum
2519 1602 2599 1667 ad
2626 1603 2971 1669 moralium
2989 1608 3457 1688 praeceptorum

1911 1709 2384 1791 executionem,
2417 1728 2648 1776 verum
2684 1712 2879 1777 etiam
2922 1712 3003 1777 ad
3028 1712 3459 1796 quorumdam

1910 1816 2292 1897 figuralium
2347 1818 2840 1902 susceptionem.
2901 1819 3462 1887 circumcisionem

1909 1942 2192 2008 namque
2216 1926 2260 1961 ¹⁰
2288 1927 2595 2010 suscepit,
2626 1931 2690 1992 et
2717 1929 2758 1967 ¹¹
2797 1949 2829 1990 α
2856 1928 3212 1993 secundum
3246 1926 3462 2011 legem

1911 2030 2148 2117 Moysi,
2179 2055 2211 2095 ιι
2250 2054 2399 2099 cum
2436 2036 2648 2120 typico
2695 2038 3003 2103 sacrificio
3045 2044 3463 2122 praesentatus

1910 2140 2029 2204 fuit
2058 2141 2415 2225 intemplo.
2437 2142 2518 2207 Et
2545 2147 2846 2226 quamvis
2872 2146 3166 2229 legamus
3193 2148 3262 2212 in
3293 2153 3464 2215 vete-

1909 2247 2092 2312 ribus
2119 2249 2400 2314 historiis
2418 2251 2461 2290 ¹²
2482 2252 2793 2333 quosdam
2819 2253 3072 2337 legibus
3096 2274 3164 2321 se
3190 2257 3464 2340 propriis

1910 2355 2290 2437 subdidisse,
2330 2361 2405 2422 ut
2444 2359 2526 2423 ad
2564 2359 2870 2426 institutae
2906 2362 3073 2443 legis
3109 2365 3458 2432 observan-

1910 2462 2067 2527 tiam
2112 2465 2401 2530 subditos
2450 2467 2710 2533 vinculo
2760 2469 3006 2535 fortiori
3051 2474 3461 2555 constringe·
3533 2554 3536 2559 .

1909 2573 2083 2649 rent,
2125 2589 2275 2636 cum
2311 2576 2528 2638 tamen
2561 2574 2640 2639 de
2679 2575 2826 2657 1636
2869 2579 3197 2642 communi
3225 2582 3457 2646 consti-

1908 2678 2061 2742 terit
2093 2679 2138 2714 ¹⁸
2161 2679 2562 2761 legislatores
2600 2688 2662 2747 et
2689 2684 3007 2767 principes
3033 2704 3164 2750 non
3198 2704 3337 2752 esse
3364 2688 3457 2753 le·

1910 2786 2104 2868 gibus
2131 2789 2410 2871 propriis
2440 2789 2519 2853 de
2544 2792 2914 2858 necessitate
2946 2793 3303 2878 subjectos;
3337 2799 3461 2862 hoc

1908 2898 2126 2960 tamen
2163 2897 2343 2961 nullo
2400 2899 2592 2964 modo
2649 2900 2811 2965 facto
2858 2901 3087 2966 Christi
3129 2921 3461 2988 compara-

1910 3003 2040 3068 bile
2082 3010 2217 3070 est:
2264 3006 2418 3089 quia
2460 3007 2553 3070 illi
2597 3007 2970 3096 delinquere
3012 3015 3340 3094 poterant,
3383 3034 3458 3080 ac

1908 3130 2023 3195 per
2049 3112 2173 3179 hoc
2199 3114 2584 3180 correctione
2609 3116 2770 3199 legis
2800 3118 3099 3201 egebant,
3130 3124 3192 3186 et
3218 3122 3457 3188 hones-

1905 3225 2049 3287 tum
2074 3225 2172 3285 est
2191 3226 2267 3286 ut
2292 3220 2456 3287 lator
2476 3223 2646 3305 legis
2672 3243 2808 3307 prae
2827 3228 3074 3291 caeteris
3102 3232 3455 3296 secundum

1906 3329 2085 3411 leges
2112 3330 2292 3395 vivat
2312 3352 2329 3408 ;
2376 3329 2660 3396 Christus
2700 3337 2946 3415 autem,
2985 3337 3099 3418 qui
3138 3336 3273 3419 legi
3321 3358 3457 3404 sese
3503 3317 3512 3326 ’

1906 3438 2206 3518 subdidit,
2237 3440 2308 3503 16
2335 3439 2564 3504 deitate
2590 3459 2845 3508 summe
2875 3444 3105 3524 bonuS,
3135 3445 3205 3509 in
3233 3446 3458 3511 huma·
3569 3463 3574 3466 ·

1903 3546 2103 3610 nitate
2132 3548 2481 3611 secundum
2511 3549 2921 3633 capacitatem
2946 3557 3254 3618 creaturae
3283 3574 3457 3619 sum-

1904 3671 2009 3719 me
2038 3655 2385 3737 perfectuS,
2422 3673 2543 3720 nec
2584 3656 2665 3720 ad
2703 3658 2950 3750 malum
2983 3663 3230 3742 poterat
3257 3662 3448 3726 decli·

1902 3779 2081 3842 nare,
2118 3781 2237 3828 nec
2264 3763 2620 3828 secundum
2646 3764 2964 3831 virtutum
2997 3769 3447 3852 intensionem,

1902 3871 2115 3953 quoad
2159 3871 2472 3953 seipsum,
2518 3871 2587 3934 in
2631 3873 2861 3953 gratiae
2908 3874 3077 3939 bono
3118 3879 3446 3958 proficere.

1901 3976 2168 4061 Propter
2193 3979 2365 4061 quod
2390 3979 2711 4060 regimine
2737 3979 2980 4045 nullius
3000 3981 3164 4064 legis
3189 3988 3446 4068 egebat,

1897 4087 2159 4150 unitum
2200 4087 2322 4150 sibi
2368 4086 2783 4169 personaliter
2841 4088 3081 4155 habens
3129 4094 3237 4174 jus
3284 4093 3451 4161 divi-

1897 4211 2090 4274 num,
2125 4194 2229 4260 vel
2255 4192 2421 4275 legis
2449 4199 2736 4273 aeternae‚
2769 4198 2832 4259 et
2850 4198 2964 4278 jus
2993 4202 3284 4267 naturale
3309 4203 3444 4268 vir-

1898 4305 2114 4367 tutum
2160 4302 2454 4367 omnium
2498 4302 2725 4367 ultima
2766 4304 3184 4388 completione
3223 4311 3444 4376 firma·

1896 4412 2058 4474 tum.
2110 4409 2312 4474 Aliter
2355 4411 2572 4474 autem
2618 4409 2906 4475 Christus
2955 4414 3226 4481 moralia
3279 4417 3447 4500 legis

1895 4515 2216 4599 implevit,
2263 4515 2528 4581 consilia
2570 4518 2970 4600 perfectionis
3009 4520 3334 4603 addendo,
3384 4531 3447 4590 ct

1894 4623 2250 4706 supplendo
2278 4642 2425 4707 quae
2453 4641 2588 4688 non
2615 4623 3140 4706 exprimebantur
3164 4628 3235 4693 in
3259 4630 3439 4713 lege,

1894 4732 2133 4797 scilicet
2167 4731 2588 4815 paupertatiS,
2631 4730 2965 4813 castitatis,
3002 4737 3124 4799 etc.
3162 4734 3446 4813 Qualiter

1894 4845 2115 4906 autem
2166 4838 2450 4906 Christus
2485 4836 2813 4922 Judicialia
2851 4843 3340 4927 temperaverit,
3380 4852 3445 4913 et

1892 4967 2008 5032 per
2057 4967 2452 5032 consequens
2496 4945 2821 5030 amplioris
2859 4949 3185 5018 charitatis
3226 4960 3438 5022 osten·
3564 4995 3578 5011 ·

1894 5057 2073 5123 sione
2103 5057 2462 5141 perfecerit,
2491 5057 2663 5138 patet
2689 5055 2757 5118 in
2797 5056 3094 5126 Matthoeo
3121 5061 3186 5143 ¹⁸,
3219 5064 3334 5128 ubi
3361 5066 3441 5132 de

1892 5164 2037 5247 lege
2089 5164 2341 5231 talionis
2394 5163 2629 5229 faciens
2688 5165 3080 5234 mentionem
3096 5218 3121 5252 ,
3184 5176 3318 5237 tam
3368 5174 3439 5241 in
3521 5169 3526 5174 ’

1895 5368 1938 5405 ¹⁰
1961 5367 2098 5430 Luc„
2136 5378 2193 5430 11,
2239 5369 2317 5419 21.
2344 5392 2409 5405 -
2448 5366 2490 5403 ¹¹
2519 5367 2668 5435 ibid„
2705 5373 2785 5422 22.
2821 5395 2885 5409 -
2927 5369 2967 5405 ¹⁸
2995 5373 3148 5438 Aug.⁸
3181 5372 3245 5424 de
3279 5373 3434 5425 Civit.

1893 5440 2014 5504 Dei,
2044 5440 2133 5491 lib.
2165 5441 2230 5505 V,
2267 5455 2316 5491 6.
2348 5452 2476 5492 xvn.
2515 5468 2578 5480 —
2610 5445 2657 5480 ¹⁸
2684 5446 2830 5509 corp.
2863 5445 2978 5510 jnr.
3007 5460 3140 5508 ean„
3185 5447 3262 5500 tit.
3309 5458 3433 5515 xxv,

1891 5525 1925 5576 q
1973 5523 2010 5575 1,
2038 5525 2086 5563 6.
2121 5524 2177 5578 x,
2204 5514 2235 5577 ἓ
2267 5514 2357 5564 His
2390 5514 2480 5566 ita.
2503 5541 2565 5554 —
2596 5517 2641 5555 ¹⁶
2667 5517 2874 5581 naith„
2902 5529 2948 5582 ν,
2979 5519 3060 5584 38,
3088 5522 3167 5571 39.
