4196 6294
1588 502 1877 569 PSALMI
1921 504 2249 576 LIII-LIV..

73 659 137 702 tio
192 658 288 701 ani-
317 647 554 713 animae
577 645 645 709 10
673 645 881 709 tribus
898 691 916 719 ‚
946 643 1113 708 sicut
1137 640 1354 707 anima
1379 639 1447 702 10
1471 638 1679 704 tribus
1706 656 1860 703 con-

97 732 200 775 m,

221 724 264 764 et

74 783 289 838 eorporis.
316 755 517 821 sistit:
550 754 618 817 in
646 752 949 835 superbia
968 799 987 830 ,
1020 769 1189 818 vana
1216 747 1454 830 gloria,
1490 750 1553 812 et
1593 747 1858 812 invidia.

319 862 619 928 Consistit
646 860 842 925 etiam
886 858 954 922 in
1001 858 1205 922 tribus
1241 855 1457 920 anima
1497 877 1512 919 :
1561 873 1714 917 nam
1767 857 1865 918 est

319 968 744 1046 rationabilis,
802 966 1137 1030 irascibilis
1162 1013 1181 1044 ,
1229 972 1292 1029 et
1331 963 1859 1045 concupiscibilis.

322 1079 687 1156 Rationem,
717 1079 898 1160 cujus
929 1075 1164 1139 sanitas
1189 1077 1284 1138 est
1308 1073 1595 1154 cognitio
1621 1072 1866 1136 verita-

320 1187 435 1266 tis,
477 1185 827 1267 corrumpit
862 1182 1189 1265 superbia;
1240 1179 1819 1262 concupiscentiam
1841 1226 1862 1257 ,

321 1312 490 1357 vana
522 1293 772 1374 gloria;
816 1290 1345 1367 irascibilitatem,
1391 1287 1656 1352 invidia.
1690 1286 1862 1351 Abo-

296 1402 590 1491 ‚minatio
610 1403 827 1463 autem
842 1397 1122 1462 consistit
1139 1398 1205 1459 in
1229 1398 1526 1478 quatuor,
1547 1412 1694 1477 quae
1716 1397 1868 1458 sunt

321 1507 689 1585 curiositaS,
720 1505 1100 1588 loquacitaS,
1129 1502 1465 1567 crudelitas
1486 1549 1506 1580 ,
1539 1500 1860 1583 voluptas.

323 1615 563 1698 Corpus
611 1615 680 1678 in
721 1616 998 1696 quatuor
1024 1610 1352 1675 elementis
1378 1657 1394 1688 ,
1441 1625 1588 1690 quae
1626 1608 1867 1671 habent

322 1741 459 1787 esse
487 1723 557 1785 in
579 1724 853 1804 quatuor
882 1719 1170 1801 partibus
1211 1716 1491 1781 hominis
1514 1761 1535 1792 ,
1579 1714 1862 1778 maxime

326 1832 654 1894 consistit:
684 1846 836 1892 0601
870 1827 941 1891 10
983 1826 1183 1891 oculis
1230 1824 1441 1906 ignis;
1479 1823 1548 1886 in
1596 1822 1867 1902 lingua,

326 1956 472 2021 quae
500 1955 723 2001 vocem
748 1937 1020 2015 format,
1051 1951 1202 1998 aer:
1242 1933 1309 1996 in
1336 1930 1636 1994 manibus
1657 1977 1676 2008 ,
1707 1948 1866 2012 qua-

327 2061 476 2108 rum
521 2043 774 2126 proprie
803 2046 1007 2107 tactus
1034 2045 1168 2117 est,
1213 2044 1385 2103 terra
1419 2059 1433 2102 z
1466 2038 1534 2100 in
1565 2037 1871 2118 genitali-

327 2153 451 2216 bus
469 2201 490 2232 ,
521 2171 709 2235 aqua.
743 2150 971 2217 Oculos
998 2153 1213 2213 autem
1235 2145 1587 2228 corrumpit
1615 2145 1872 2209 curiosi-

328 2266 456 2339 tas;
485 2259 594 2324 sed
620 2259 912 2341 linguam
954 2256 1331 2340 loquacitas,
1365 2271 1598 2319 manus
1645 2253 1869 2318 crude-

327 2369 513 2449 litas,
556 2369 859 2451 genitalia
895 2368 1211 2449 voluptas.
1257 2366 1362 2431 Sic
1387 2383 1545 2447 ergo
1581 2364 1873 2429 homines

331 2478 621 2560 corrupti
648 2483 800 2545 sunt
848 2477 918 2540 in
943 2475 1156 2540 anima
1175 2524 1196 2554 ,
1228 2478 1291 2539 et
1320 2471 1776 2540 abominabiles
1807 2471 1875 2534 in

283 2651 290 2662 ,
331 2603 616 2668 corpore.

412 2696 475 2756 4.
539 2694 765 2758 Omnes
814 2691 1321 2757 declinaverunt.
1367 2688 1448 2752 Hi
1494 2691 1757 2771 peccant
1807 2688 1876 2752 in

332 2798 784 2863 committendo
838 2798 856 2834 ¹
904 2797 1070 2862 unde
1140 2820 1155 2860 ι
1219 2796 1750 2873 Declinaverunt3
1805 2794 1877 2858 in

333 2907 680 2972 omittendo
711 2954 729 2983 ‚
783 2906 953 2971 unde
1004 2906 1106 2987 (v.
1156 2905 1235 2987 5)
1276 2924 1293 2968 ε
1331 2906 1687 2987 operantur
1737 2905 1871 2969 ini-

333 3016 680 3096 quitatem
707 3032 789 3077 ex
814 3012 1160 3092 voluntate,
1177 3010 1377 3076 unde:
1411 3011 1544 3092 Qui
1570 3009 1877 3078 devorant

325 3123 564 3206 plebem
595 3139 840 3203 meam3
878 3120 1128 3187 assidue
1162 3142 1176 3185 ε
1209 3122 1378 3189 sicut
1405 3136 1615 3187 escam
1653 3120 1872 3202 panis.

633 3367 1038 3438 PSALMUS
1081 3368 1351 3438 DAVID
1397 3368 1564 3436 LIII.

411 3561 661 3625 Titulus
686 3559 944 3625 Psalmi.
993 3566 1054 3624 2.
1099 3559 1366 3641 ziphaei,
1415 3556 1600 3641 quasi
1641 3557 1879 3621 floren-

331 3676 448 3736 tes.
498 3669 662 3735 Nota
693 3693 707 3733 :
759 3669 830 3733 In
860 3670 1017 3734 flore
1042 3669 1168 3732 tria
1210 3670 1392 3746 sunt,
1422 3664 1831 3749 pulchritudo
1857 3713 1873 3743 ‚

332 3798 509 3863 speS,
540 3778 870 3843 delectatio
887 3800 904 3856 ;
934 3781 996 3842 et
1023 3777 1176 3859 quia
1195 3775 1334 3840 haec
1350 3774 1474 3838 tria
1491 3773 1883 3838 conveniunt

334 3889 520 3952 malis
541 3935 558 3966 ,
590 3887 732 3952 ideo
771 3886 1071 3950 dicuntur
1096 3884 1415 3948 florentes.
1461 3879 1881 3945 PulchrItudo

334 3995 433 4054 est
473 3991 542 4053 in
592 3988 1081 4072 temporalibus,
1119 3986 1291 4051 unde
1335 3985 1459 4049 hoc
1486 3983 1504 4020 ¹
1545 4006 1561 4048 2
1618 4007 1647 4043 α
1675 3982 1881 4048 Homo

336 4116 487 4163 cum
515 4098 586 4162 in
618 4098 862 4161 honore
887 4097 1080 4173 esset,
1103 4111 1236 4158 non
1263 4089 1608 4169 intellexit3
1640 4113 1671 4150 11
1697 4110 1840 4173 spes
1859 4139 1878 4171 ‚

337 4206 508 4272 unde
530 4208 554 4241 ²
590 4224 607 4267 :
656 4228 688 4265 α
718 4202 1011 4285 Speravit
1058 4202 1127 4265 in
1176 4199 1586 4265 multitudine
1627 4198 1882 4263 divitia-

337 4330 489 4376 rum
509 4328 818 4389 suarum;
845 4331 877 4369 1)
906 4308 1254 4386 delectatio,
1277 4307 1449 4372 unde
1472 4308 1594 4372 hoc
1616 4308 1681 4371 ³:
1717 4331 1746 4367 c
1767 4304 1883 4373 Vae

341 4420 523 4484 vobis
548 4417 886 4496 divitibus,
932 4415 1044 4500 qui
1093 4414 1343 4481 habetis
1389 4399 1884 4480 consolationem

338 4526 538 4609 hujus
566 4524 817 4589 mundi.
848 4545 879 4583 n
967 4577 979 4591 .

423 4639 482 4700 3.
531 4635 735 4712 Deus,
777 4634 855 4699 in
889 4633 1146 4699 nomine
1188 4637 1293 4699 tuo
1320 4629 1571 4698 salvum
1615 4647 1711 4698 me
1754 4632 1882 4711 fac.

342 4743 506 4809 Petit
548 4743 784 4807 animae
825 4742 1101 4823 gratiam
1122 4789 1143 4820 ,
1184 4740 1354 4805 unde
1413 4760 1429 4804 ε
1486 4738 1748 4807 Salvum
1790 4758 1886 4808 me

338 4853 487 4933 Γαίῃ
522 4849 791 4933 justItiae
837 4847 1112 4929 gloriam
1141 4894 1162 4925 ,
1204 4847 1376 4912 unde
1414 4868 1431 4910 2
1486 4846 1724 4915 Judica
1761 4866 1883 4915 me.

341 4960 417 5024 In
457 4959 790 5025 collatione
831 4956 1061 5039 gratiae
1105 4974 1267 5038 opus
1311 4958 1408 5021 est
1454 4956 1888 5022 misericordia

343 5068 663 5144 maxima,
711 5083 860 5149 quae
897 5063 1086 5128 modo
1133 5067 1407 5143 regnat,
1456 5062 1627 5127 unde
1676 5063 1827 5128 dicit
1867 5088 1882 5131 z

342 5176 426 5241 In
467 5177 734 5242 virtute.
782 5171 959 5252 Ergo
993 5170 1170 5234 *bene
1195 5169 1527 5250 distinxit,
1575 5174 1650 5234 ut
1692 5171 1890 5237 mise-

413 5306 423 5334 ·
456 5301 591 5353 Psal.
621 5310 805 5363 xmin,
836 5300 915 5362 13,
945 5300 1026 5348 21.
1046 5322 1110 5335 -
1131 5295 1154 5329 ²
1180 5293 1325 5357 ibid„
1354 5296 1401 5344 7.
1429 5319 1484 5333 --
1512 5295 1531 5326 ³
1554 5296 1689 5358 Luc„
1712 5309 1784 5360 vi,
1807 5301 1889 5350 24.

342 5402 407 5418 -
435 5375 456 5411 δ
481 5375 648 5437 Joan„
683 5384 793 5431 xm.
828 5373 904 5421 13.
949 5396 1012 5408 -
1046 5370 1065 5401 ⁸
1097 5366 1237 5420 Psal.
1276 5378 1459 5431 xxxxv,
1499 5370 1576 5420 13.
1603 5395 1667 5408 -
1709 5370 1731 5404 ⁸
1757 5372 1890 5433 Act..

343 5462 452 5513 xn,
484 5453 561 5502 11.
586 5473 650 5487 -
684 5447 702 5477 ²
731 5442 867 5497 Psal.
906 5455 1019 5507 cur,
1054 5443 1134 5496 ιο.
1168 5466 1231 5480 -·-
1264 5440 1287 5475 ⁸
1315 5439 1454 5491 Ρεαι.
1488 5452 1695 5505 Lxxvu,
1724 5444 1802 5494 30.
1828 5467 1890 5481 -

346 5527 366 5555 ⁹
394 5521 532 5575 Psal.
561 5531 692 5583 xva,
720 5521 797 5572 46.
825 5542 884 5559 -·-
917 5519 952 5549 ¹·
974 5518 1094 5579 180„
1123 5527 1199 5576 lx,
1226 5517 1274 5566 2.

3396 519 3516 580 223

1970 641 2249 705 ricordia
2291 642 2371 707 ad
2407 644 2795 712 infusionem
2839 646 3071 728 gratiae
3089 693 3110 726 ,
3146 647 3399 730 justitia
3435 649 3518 713 ad

1968 747 2368 815 collationem
2407 752 2633 833 gloriae
2670 755 3002 820 referatur.
3039 754 3127 820 De
3154 756 3361 837 primo
3410 773 3514 820 os-

1970 857 2175 921 tendit
2212 876 2279 922 se
2318 862 2694 927 exauditum
2729 863 2811 927 iri
2834 911 2852 940 ,
2884 864 3057 928 unde
3099 863 3224 927 1106
3254 864 3352 945 (v.
3382 864 3463 946 6)
3494 886 3509 926 :

1968 965 2135 1030 Deus
2165 965 2440 1047 adiuvat
2465 986 2584 1035 me.
2615 969 2703 1035 De
2729 970 3009 1035 secundo
3041 988 3059 1033 t
3089 971 3174 1037 Et
3199 971 3516 1037 Dominus

1971 1079 2296 1154 susceptor
2313 1080 2405 1141 est
2430 1077 2667 1142 animoe
2688 1093 2866 1144 meoe.
2897 1076 2978 1141 Ut
3004 1076 3288 1158 primum
3314 1078 3519 1141 confe-

1970 1183 2111 1259 rat,
2144 1199 2184 1243 a
2210 1187 2463 1262 peccato
2493 1185 2572 1264 (a)
2600 1185 2867 1264 avertit,
2894 1184 3065 1248 unde
3101 1183 3226 1249 hoc
3253 1184 3271 1265 (
3296 1203 3361 1251 v.
3394 1187 3429 1244 7
3450 1185 3507 1264 >z

1972 1290 2201 1354 Averte
2229 1290 2421 1355 mala.
2444 1289 2524 1355 Ut
2542 1292 2893 1357 secundum
2917 1291 3233 1369 conferat,
3261 1310 3302 1355 a
3326 1309 3520 1374 poena

1972 1396 2187 1478 eripit,
2220 1397 2391 1462 unde
2428 1398 2552 1464 hoc
2583 1405 2684 1481 (v.
2715 1400 2791 1482 9)
2832 1422 2848 1464 ε
2886 1399 2993 1464 Ex
3028 1400 3205 1467 omni
3241 1399 3520 1465 tribula-

1974 1503 2149 1570 tione
2175 1506 2477 1585 eripuisti
2523 1524 2640 1574 me.
2673 1507 2918 1588 Εἰρμός
2952 1511 3089 1586 est,
3136 1506 3391 1588 quando
3418 1524 3521 1570 se-

1974 1612 2101 1676 ries
2119 1613 2332 1677 omnis
2352 1617 2639 1681 tenorem
2666 1633 2863 1680 suum
2882 1632 3087 1697 usque
3113 1614 3195 1679 ad
3218 1613 3520 1678 ultimum

1975 1722 2218 1798 servat,
2248 1720 2429 1784 nulla
2456 1741 2671 1801 causa,
2703 1721 2809 1787 vel
2836 1739 3111 1804 persona
3138 1724 3384 1785 mutata
3398 1768 3417 1796 ‚
3448 1724 3522 1783 ut

1975 1825 2073 1888 hic
2101 1847 2117 1888 z
2152 1829 2354 1905 Deus,
2387 1829 2456 1892 in
2484 1829 2738 1895 nomine
2765 1833 2873 1894 tuo
2896 1878 2914 1908 ‚
2945 1846 3149 1911 usque
3175 1828 3261 1892 ibi
3292 1828 3375 1909 (v.
3406 1828 3464 1907 6)
3496 1849 3513 1891 :

1977 1933 2059 1999 Ec
2078 1948 2209 2000 non
2224 1941 2686 2016 proposuerunt
2708 1937 2904 2002 Deum
2927 1938 3002 2004 in
3023 1941 3358 2018 conspectu
3376 1951 3517 2003 suo.

1977 2038 2128 2105 Orat
2176 2042 2350 2106 enim
2391 2042 2707 2126 Propheta
2754 2062 2889 2109 non
2927 2048 3176 2109 mutata
3208 2062 3367 2109 voce
3382 2091 3403 2122 ,
3445 2049 3521 2108 ut

1975 2149 2080 2213 hic
2115 2172 2131 2215 z
2165 2152 2249 2217 Ec
2281 2169 2413 2218 non
2434 2161 2898 2235 proposuerunt
2940 2156 3139 2220 Deum
3186 2158 3336 2220 ante
3374 2169 3521 2220 con-

1977 2263 2259 2339 spectum
2298 2275 2487 2327 suum
2503 2309 2525 2340 ,
2575 2265 2651 2326 ut
2688 2262 2929 2326 auxilio
2967 2260 3077 2326 Dei
3112 2262 3193 2325 ab
3237 2262 3525 2326 hostibus

1977 2363 2379 2431 liberaretur.

2264 2612 2666 2683 PSALMUS
2712 2614 2983 2684 DAVlD
3029 2614 3199 2684 LIV.

2062 2806 2124 2867 2.
2155 2804 2462 2888 Exaudi,
2506 2806 2672 2871 Deus
2696 2855 2715 2885 ,
2760 2808 3108 2874 orationem
3143 2822 3370 2872 meam.
3420 2805 3529 2871 Est

1985 2912 2189 2976 oratio
2216 2931 2414 2995 quam
2442 2912 2610 2977 Deus
2636 2914 2978 2995 approbat,
3010 2931 3155 2996 quae
3175 2919 3270 2978 est
3290 2912 3529 2978 scilicet

1983 3039 2175 3085 causa
2200 3022 2393 3086 etiam
2420 3025 2696 3086 causata.
2731 3021 2840 3085 Est
2865 3021 3067 3085 oratio
3107 3039 3304 3104 quam
3331 3020 3523 3086 susti-

1984 3133 2116 3208 net,
2147 3147 2293 3211 quae
2312 3132 2514 3194 estex
2542 3127 2932 3194 infirmitate.
2962 3127 3074 3193 Est
3098 3128 3299 3193 oratio
3328 3145 3527 3211 quam

1986 3238 2370 3317 contemnit,
2402 3255 2548 3320 quae
2577 3241 2673 3301 est
2719 3255 2835 3319 pro
2862 3236 3339 3320 temporalibus,
3389 3235 3529 3300 Pri-

1986 3363 2161 3410 mam
2185 3345 2351 3411 Deus
2375 3363 2627 3428 semper
2651 3345 2867 3422 audit,
2902 3345 2956 3408 si
2985 3345 3180 3410 bomo
3211 3345 3314 3426 pie
3341 3347 3522 3422 oret,
3606 3422 3613 3433 ,

1985 3471 2102 3536 pro
2130 3471 2230 3532 se,
2259 3457 2322 3516 et
2348 3456 2847 3534 perseveranter,
2879 3456 2944 3515 et
2974 3451 3056 3516 ad
3082 3452 3376 3531 salutem,
3406 3470 3523 3516 un·
3592 3434 3613 3447 ⁹

1986 3560 2065 3623 de
2091 3560 2216 3624 1106
2237 3558 2259 3593 ⁸
2286 3576 2303 3622 ε
2335 3581 2371 3620 c
2395 3549 2715 3641 Quidquid
2735 3558 3038 3640 petieritis
3056 3563 3301 3640 patrem
3322 3559 3389 3622 in
3416 3577 3525 3623 no-

1986 3667 2162 3731 mine
2188 3685 2369 3744 me0,
2400 3665 2575 3730 dabit
2601 3667 2806 3730 vobis».
2826 3686 2858 3724 11
2898 3664 3216 3742 Quoniam
3248 3683 3399 3729 cum
3440 3667 3519 3730 fit

1989 3776 2191 3840 oratio
2218 3793 2335 3858 pro
2358 3773 2484 3839 alio
2501 3822 2520 3852 ,
2551 3776 2615 3838 et
2642 3791 2773 3837 non
2797 3791 2880 3836 ex
2906 3773 3209 3837 charitate
3225 3820 3241 3849 ‚
3270 3791 3399 3837 non
3427 3792 3531 3837 ex-

1989 3883 2251 3948 auditur
2279 3901 2394 3964 pro
2421 3882 2530 3946 illo
2558 3899 2677 3964 pro
2701 3898 2831 3963 000
2862 3884 3117 3957 oratur;
3148 3884 3222 3943 01
3246 3862 3525 3959 Samuel,

1989 4009 2106 4074 pro
2151 3991 2340 4056 Saule
2374 4008 2506 4054 non
2540 3988 2878 4054 exauditus
2897 4036 2917 4065 ,
2965 3988 3127 4052 dixit
3159 3993 3181 4027 ⁵
3211 4009 3226 4051 :
3266 4010 3297 4048 α
3320 3986 3532 4054 Oratio

1991 4117 2137 4164 mea
2171 4099 2241 4162 in
2269 4098 2419 4162 sinu
2458 4114 2602 4162 meo
2646 4099 3075 4162 convertetur.
3105 4118 3137 4153 n
3174 4094 3533 4161 Secundam

1990 4206 2345 4271 orationem
2372 4221 2503 4269 non
2529 4219 2781 4299 semper
2808 4202 2988 4266 audit
3021 4202 3189 4268 Deus
3205 4250 3227 4282 ,
3261 4207 3335 4268 ut
3360 4203 3533 4267 Chri-

1991 4317 2126 4378 stus
2149 4331 2279 4378 non
2300 4312 2424 4376 fuit
2444 4310 2811 4388 exauditus,
2835 4309 3090 4392 quando
3116 4310 3293 4393 petiit
3314 4314 3416 4389 ut,
3451 4329 3535 4375 ex

1995 4420 2367 4485 infirmitate
2404 4420 2480 4501 (b)
2499 4468 2517 4499 ‚
2544 4437 2678 4483 non
2705 4421 3095 4496 moreretur3
3149 4418 3534 4501 quandoque

1992 4529 2195 4608 audit,
2219 4532 2292 4593 ut
2320 4526 2585 4593 Petrum
2600 4527 2622 4560 ⁸
2647 4547 2663 4589 ε
2688 4524 2899 4590 «Nunc
2919 4525 3050 4590 scio
3064 4543 3235 4605 vere,
3250 4526 3406 4609 quia
3422 4525 3536 4588 mi-

1994 4636 2077 4700 sit
2104 4635 2414 4704 Dominus
2440 4633 2750 4715 angelum
2788 4651 3003 4713 suum,
3031 4656 3062 4692 1)
3098 4637 3219 4697 616.
3259 4630 3537 4697 Tertiam

1994 4744 2380 4829 quandoque
2407 4743 2624 4821 audit,
2652 4741 2823 4807 unde
2852 4741 3010 4806 illud
3027 4742 3049 4778 ‘¹
3085 4760 3102 4804 ε
3138 4739 3531 4821 «Petierunt,

1996 4856 2061 4917 et
2088 4851 2266 4917 venit
2277 4851 2575 4915 coturnix
2594 4898 2610 4930 ,
2634 4872 2665 4909 1>
2690 4853 2753 4915 61
2770 4849 2792 4884 ⁸
2825 4870 2841 4913 :
2868 4873 2900 4910 α
2917 4847 3143 4913 Adhuc
3169 4865 3330 4912 escae
3357 4853 3542 4912 erant

1997 4961 2064 5025 in
2100 4978 2210 5025 ore
2269 4958 2633 5040 ipsorum.»
2688 4955 3082 5039 Quandoque
3140 4972 3271 5020 non
3315 4955 3537 5034 audit,

1998 5067 2172 5131 unde
2216 5066 2339 5130 hoc
2363 5071 2386 5106 ⁹
2429 5088 2444 5129 :
2486 5089 2518 5128 α
2544 5065 2995 5129 clamaverunt
3029 5063 3111 5128 ad
3158 5063 3535 5144 Dominum,

1999 5179 2063 5240 et
2077 5192 2209 5238 non
2228 5172 2553 5238 exaudivit
2570 5190 2678 5237 eos
2687 5194 2739 5238 ,11
2763 5174 2837 5254 (c)
2862 5171 2973 5237 Est
2986 5171 3170 5254 regio
3182 5171 3541 5237 communis

2000 5289 2132 5349 tam
2149 5284 2492 5363 bonorum,
2518 5301 2717 5367 quam
2745 5283 3089 5362 malorum,
3124 5282 3294 5347 unde
3310 5282 3536 5346 1106101

2065 5450 2133 5513 (a)
2165 5450 2247 5501 Αἱ.
2280 5449 2400 5501 add.
2419 5463 2493 5501 se.
2508 5474 2571 5487 —
2585 5449 2659 5515 (b)
2681 5450 2799 5515 ιη.
2821 5444 2967 5514 petiit
2984 5462 3050 5500 ex
3068 5448 3378 5512 infirmitate,
3392 5451 3466 5499 ut.
3486 5472 3538 5485 --

2004 5524 2066 5588 (c)
2089 5525 2230 5587 nnec,
2251 5536 2368 5587 qum
2383 5526 2687 5587 sequuntur,
2707 5521 2879 5586 potius
2894 5521 3030 5572 refer
3050 5521 3114 5572 ad
3134 5520 3319 5571 Psalm-
3339 5531 3441 5584 ew,
3463 5520 3541 5570 ⁴4.
