4196 6294
1614 462 1975 530 PSALMUS
2020 465 2281 532 CXVIII.

346 599 700 660 venditionis
726 598 969 657 moralis
1009 615 1251 659 causam
1298 598 1699 672 materialem3
1731 602 1774 657 Α
1805 617 1891 657 ca-

347 700 599 762 lumniis,
642 697 931 769 quantum
984 695 1063 753 ad
1117 695 1422 753 elisionem
1447 737 1467 767 ,
1505 710 1611 751 seu
1653 710 1891 752 causam

346 789 690 861 formalem3
726 791 1016 846 Hominum
1033 832 1053 862 ,
1094 793 1383 863 quantum
1418 787 1499 845 ad
1539 787 1889 858 elidentem,

346 900 453 942 seu
479 899 721 942 causam
749 883 1139 956 efficientem3
1191 889 1256 940 Ut
1284 882 1582 941 mstodiam
1628 883 1892 940 marzdata

347 984 472 1051 tua,
502 981 793 1053 quantum
819 979 898 1036 ad
930 978 1202 1037 effectum
1241 982 1699 1052 consequentem
1720 1020 1738 1049 ,
1785 995 1891 1036 seu

350 1088 591 1131 causam
615 1072 880 1130 finalem.

884 1293 1217 1338 vastemus
1260 1296 1357 1337 vu.

423 1453 548 1508 135.
589 1453 800 1508 Faciem
828 1455 980 1507 tuam
1006 1452 1293 1521 illumina,
1323 1453 1432 1508 etc.
1463 1452 1732 1521 Quonam
1759 1465 1888 1508 mo·

351 1545 430 1603 do
459 1544 750 1619 sapientia
778 1544 983 1602 divina
1010 1545 1200 1616 iustos
1228 1545 1467 1617 dirigit,
1497 1549 1551 1602 et
1580 1544 1758 1602 etiam
1787 1544 1892 1601 eli-

348 1655 445 1696 sos
473 1638 683 1712 erigit,
714 1639 777 1695 in
804 1637 1043 1696 duobus
1070 1638 1382 1711 praemissis
1411 1638 1680 1696 versibus
1707 1638 1890 1697 enite-

348 1735 453 1792 scit
461 1753 479 1806 3
511 1749 774 1807 quonam
799 1737 975 1807 pacto
1004 1750 1189 1790 caecos
1215 1733 1543 1804 illuminat,
1570 1734 1666 1791 hic
1694 1749 1892 1791 corus-

350 1831 461 1885 cat.
531 1827 881 1901 Plerumque
945 1827 1195 1884 Domino
1240 1827 1605 1902 permittente
1628 1870 1649 1898 ,
1695 1828 1893 1886 bonus

350 1923 573 1982 activus
597 1937 705 1996 per
731 1937 999 1980 amorem
1022 1927 1412 1993 terrenorum,
1432 1922 1601 1996 quasi
1631 1921 1893 1980 calorem

348 2020 704 2087 stercorum,
742 2019 1098 2089 excoecatur3
1148 2016 1255 2074 sed
1300 2016 1590 2090 denique,
1641 2016 1889 2074 Domino

348 2111 613 2169 visitante
636 2152 654 2180 ,
694 2125 803 2184 per
846 2125 1113 2168 amaram
1166 2110 1716 2184 compunctionem,
1771 2114 1892 2168 tan-

348 2221 533 2279 quam
558 2203 708 2262 fellis
733 2203 1073 2262 unctionem
1099 2245 1119 2273 ,
1150 2205 1407 2271 curatur,
1438 2207 1493 2261 et
1523 2202 1601 2261 ad
1630 2203 1893 2278 specula-

349 2299 568 2358 tionem
621 2298 946 2356 coelestium
994 2301 1324 2356 revocatur.
1387 2297 1472 2355 Ad
1523 2297 1639 2355 hoc
1689 2298 1849 2355 enim
1871 2341 1891 2370 ,

349 2392 514 2467 quod
542 2391 868 2449 obscuritas
897 2391 1200 2466 sapientiae
1225 2407 1334 2466 per
1380 2390 1895 2465 contemplationis

345 2485 770 2561 perspicaciam
797 2484 1145 2557 declaretur,
1192 2488 1426 2560 oportet
1452 2487 1619 2560 quod
1647 2485 1893 2559 impuri-

349 2583 433 2639 tas
458 2578 858 2653 intelligentiae
885 2595 993 2654 per
1039 2579 1511 2652 compunctionis
1564 2579 1894 2637 amaritiem

349 2677 687 2752 depuretur.
719 2674 839 2734 Sub
867 2674 1065 2748 figura
1122 2675 1253 2732 talis
1298 2674 1435 2733 caeci
1480 2675 1714 2734 videtur
1753 2679 1892 2734 Pro·

345 2771 521 2845 pheta
547 2769 805 2844 precari,
835 2767 1001 2842 quod
1032 2768 1236 2826 divina
1265 2769 1598 2827 declaretur
1624 2769 1891 2827 obscuri·

347 2867 468 2935 tas,
500 2869 557 2923 et
588 2865 853 2923 humana
894 2865 1213 2939 depuretur
1259 2865 1584 2940 impuritas.
1629 2867 1783 2923 Sicut
1822 2881 1895 2922 ex

350 2958 516 3016 dictis
544 2957 783 3029 eminet,
813 2974 1018 3017 versus
1046 2959 1152 3016 iste
1182 2963 1438 3034 quatuor
1462 2958 1719 3017 continet
1751 2978 1765 3016 ε
1793 2959 1895 3017 ob-

348 3051 679 3109 scuritatem
703 3094 722 3123 ,
768 3055 826 3108 et
868 3052 997 3125 ejus
1045 3052 1536 3124 declarationem3
1584 3052 1894 3126 impurita-

348 3149 494 3219 tem,
531 3150 589 3204 et
627 3146 755 3219 ejus
782 3145 1252 3222 depurationem.
1302 3146 1633 3206 obscuritas
1673 3151 1897 3223 spectat

348 3239 427 3298 ad
454 3238 831 3313 sapientiam3
872 3239 1223 3310 declarati0,
1263 3239 1342 3298 ad
1381 3235 1896 3314 contemplationis

348 3333 773 3409 perspicaciam
798 3352 815 3404 3
867 3334 1204 3409 impuritaS,
1268 3334 1348 3392 ad
1396 3333 1841 3407 intelligentiam
1871 3355 1888 3408 3

351 3428 694 3504 depuratio,
718 3429 798 3487 ad
823 3429 1294 3504 compunctionis
1321 3429 1667 3488 amaritiem.

848 3585 1132 3642 Articulus
1167 3588 1395 3657 primus.

422 3710 687 3770 Primum
705 3751 726 3783 ,
763 3710 982 3769 scilicet
1008 3710 1422 3768 obscuritatem
1451 3710 1783 3784 sapientiae,
1810 3712 1895 3768 in·

352 3806 621 3877 sinuanS,
649 3803 732 3862 ait
762 3824 776 3862 ε
807 3806 1020 3862 Faciem
1047 3811 1217 3862 tuam.
1263 3807 1488 3864 Revera
1530 3820 1640 3877 per
1682 3804 1897 3862 faciem

350 3902 712 3975 significatur
739 3900 1053 3974 sapientia,
1081 3904 1324 3975 propter
1379 3899 1490 3956 tria
1531 3898 1702 3957 faciei
1745 3899 1897 3957 acci-

353 3996 583 4067 dentia,
625 4011 756 4069 quae
805 3998 940 4052 sunt
974 3995 1243 4065 scientia,
1291 3993 1507 4067 gratia,
1544 3994 1893 4052 reverentia.

352 4090 509 4148 Sicut
537 4089 696 4148 enim
721 4089 906 4146 homo
937 4088 1190 4146 exterior
1217 4086 1576 4158 notificatur,
1605 4087 1897 4160 gratifica-

353 4188 465 4256 tur,
500 4185 932 4258 magnificatur,
981 4186 1225 4258 propter
1266 4181 1438 4240 faciei
1468 4183 1743 4251 ³carnalis
1781 4182 1899 4240 ele-

352 4278 648 4351 gantiam3
678 4277 762 4334 sic
783 4277 966 4335 homo
987 4278 1249 4347 interior,
1263 4281 1507 4351 propter
1523 4276 1892 4351 sapientiam.

356 4376 432 4428 De
449 4371 644 4446 primo
669 4371 817 4429 dixit
833 4374 1058 4443 Moyses
1082 4370 1328 4427 Domino
1354 4369 1369 4402 ¹
1393 4388 1407 4427 ε
1434 4390 1462 4423 α
1480 4370 1732 4430 Ostende
1752 4372 1898 4429 mihi

350 4469 561 4528 faciem
581 4473 772 4540 tuam,
797 4471 864 4526 ut
883 4468 1069 4526 sciam
1098 4471 1153 4525 te
1177 4486 1190 4526 :
1212 4489 1240 4524 »υ
1277 4484 1411 4526 ecce
1432 4468 1606 4527 faciei
1632 4469 1893 4528 scientia.

355 4568 429 4621 De
456 4562 717 4621 secundo
744 4578 963 4636 sponsa
994 4562 1140 4620 dixit
1165 4562 1243 4620 ad
1262 4579 1548 4636 sponsum
1568 4561 1591 4594 ²
1617 4581 1630 4620 ε
1654 4584 1681 4617 α
1700 4563 1898 4621 Facies

353 4660 453 4714 tua
493 4656 675 4730 plena
714 4659 800 4713 est
832 4655 1195 4729 gratiarum:
1227 4677 1257 4711 n
1300 4672 1434 4714 ecce
1478 4656 1648 4714 faciei
1687 4657 1893 4729 gratia.

352 4753 430 4808 De
456 4749 627 4808 tertio
646 4751 669 4785 ⁸
700 4767 765 4806 t«
783 4750 1202 4823 Reveritusque
1228 4749 1444 4807 faciem
1470 4766 1702 4822 meam,
1727 4750 1899 4809 scidi-

351 4844 421 4901 sti
451 4842 794 4901 vestimenta
843 4845 972 4913 tua,
1017 4846 1073 4900 et
1113 4842 1326 4900 flevisti
1364 4858 1567 4902 coram
1611 4861 1708 4902 me
1719 4862 1738 4915 3
1783 4860 1896 4917 ego

351 4953 594 5012 quoque
622 4936 899 4995 exaudivi
926 4939 1016 5008 te,
1047 4936 1186 4994 dicit
1212 4937 1495 4996 Dominus
1522 4956 1537 4994 ε
1570 4959 1600 4994 n
1631 4953 1767 4996 ecce
1813 4939 1898 4997 fa·

353 5031 461 5090 ciei
508 5029 853 5089 reverentia.
903 5034 1031 5087 Haec
1084 5035 1169 5088 est
1207 5030 1386 5088 facies
1432 5030 1669 5103 divina,
1714 5048 1897 5107 quam

354 5125 550 5199 angeli
575 5124 751 5182 nobis
777 5124 1000 5193 velant,
1024 5140 1160 5181 cum
1182 5124 1605 5184 meditantibus
1630 5126 1902 5195 divinam

353 5218 700 5294 sapientiam
727 5233 851 5277 non
877 5216 1176 5290 revelant,
1197 5218 1346 5276 sicut
1370 5220 1719 5294 prophetico
1747 5221 1897 5295 figu-

418 5348 437 5382 ί
460 5347 639 5409 Emod„
663 5359 853 5407 mm,
877 5349 952 5396 13.
971 5372 1033 5384 -
1052 5346 1069 5376 ²
1088 5345 1254 5408 Esth„
1284 5356 1370 5407 κν,
1404 5347 1478 5395 17.
1499 5372 1559 5384 -
1582 5347 1605 5382 ³
1627 5348 1669 5397 11
1694 5347 1894 5409 Par-ol..

357 5430 533 5483 xnus,
574 5420 651 5470 27.
691 5444 752 5456 —
790 5421 807 5449 ⁴
852 5420 972 5475 Iso..
1009 5428 1089 5481 vl,
1136 5422 1182 5469 2.
1221 5443 1280 5454 -
1318 5419 1339 5452 ⁸
1372 5417 1507 5468 Psal.
1549 5431 1687 5483 xvu,
1726 5422 1805 5470 32.
1838 5448 1893 5458 —

3423 476 3535 537 491

2000 605 2163 661 ratur
2190 602 2431 677 eloquio
2448 646 2466 674 ‚
2497 603 2603 661 ubi
2625 603 2882 677 legimus
2906 602 2928 637 ⁸
2958 623 2972 662 ε
3000 625 3028 659 α
3048 605 3285 665 Duabus
3311 606 3420 666 alis
3443 623 3542 666 ve-

2000 695 2205 755 labant
2230 695 2441 755 faciem
2470 697 2616 770 ejus.
2646 717 2674 750 n

2477 857 2762 913 Articulus
2787 858 3062 914 secundus.

2075 980 2442 1052 Secundum,
2472 980 2693 1044 scilicet
2719 981 3181 1041 declarationem
3196 1026 3216 1054 ,
3241 983 3541 1057 indicans,

2002 1072 2197 1146 inquit
2228 1091 2242 1130 ε
2272 1075 2552 1130 illumina.
2588 1073 2821 1133 Faciem
2866 1076 3089 1150 quippe
3128 1075 3360 1135 Domini
3386 1075 3547 1134 velut

2001 1167 2259 1226 velatam
2284 1169 2431 1243 petit
2457 1169 2822 1241 illuminari,
2854 1170 3170 1228 obscuram
3197 1170 3546 1244 sapientiam

2004 1260 2292 1320 declarari
2308 1283 2326 1335 3
2359 1263 2527 1337 quod
2574 1262 2823 1321 efficitur
2860 1280 2969 1338 per
3017 1264 3247 1322 tertiam
3290 1267 3548 1322 contem-

2001 1355 2281 1429 plationis
2310 1356 2637 1429 actionem,
2667 1373 2851 1432 quam
2880 1356 3131 1416 dicimus
3166 1357 3546 1417 illuminatio·

2002 1465 2160 1508 nem.
2193 1449 2294 1507 Hic
2320 1452 2490 1524 potes
2517 1455 2753 1521 notare,
2783 1451 2950 1525 quod
2989 1450 3294 1524 tripliciter
3319 1452 3547 1509 contin-

2002 1542 2086 1615 git
2108 1542 2469 1615 illuminare,
2499 1545 2721 1602 scilicet
2746 1543 3128 1619 deponendO,
3149 1543 3545 1618 disponend0,

2004 1637 2382 1712 exponendO.
2426 1638 2621 1696 Primo
2659 1639 2842 1696 modo
2871 1637 3237 1696 illuminatur
3262 1637 3545 1709 ignoran-

2002 1731 2082 1788 tia
2092 1751 2110 1802 3
2143 1732 2437 1803 secundo,
2466 1731 2880 1805 intelligentia3
2912 1731 3100 1802 tertio,
3130 1730 3437 1805 sapientia.
3469 1735 3547 1791 De

2000 1824 2198 1898 primo
2226 1824 2442 1884 dicitur
2483 1842 2585 1885 ore
2624 1826 2971 1901 prophetico
2999 1826 3021 1862 ⁸
3052 1845 3066 1883 ε
3105 1845 3133 1880 α
3156 1826 3428 1885 Illumina
3461 1829 3548 1885 te-

2004 1919 2222 1976 nebras
2249 1934 2414 1978 meas
2446 1939 2461 1978 ;
2489 1941 2518 1975 n
2552 1937 2685 1979 ecce
2711 1920 3065 1984 illuminatio
3094 1920 3443 1996 depositiva.
3468 1923 3548 1979 De

2003 2013 2268 2072 secundo
2298 2014 2570 2073 scribitur
2592 2015 2746 2088 stylo
2776 2015 3050 2074 davidico
3074 2017 3096 2052 ⁸
3129 2035 3144 2073 :
3172 2037 3199 2069 α
3218 2018 3302 2073 Tu
3325 2015 3548 2073 illumi-

2003 2123 2154 2166 nans
2174 2111 2478 2168 lucernam
2501 2126 2701 2168 meam
2724 2129 2737 2166 :
2759 2130 2788 2165 n
2816 2127 2950 2169 ecce
2969 2110 3324 2169 illuminatio
3352 2110 3549 2186 dispo-

2003 2202 2193 2260 sitiva.
2234 2207 2312 2262 De
2356 2204 2523 2262 tertio
2566 2204 2778 2277 legitur
2804 2203 2828 2237 ⁷
2860 2224 2874 2262 ε
2912 2224 2941 2258 α
2967 2205 3339 2274 Doctrinam,
3377 2205 3548 2281 quasi

2003 2297 2420 2356 antelucanum
2440 2342 2456 2369 ,
2482 2287 2759 2357 illumino
2795 2317 2861 2355 ε»
2894 2315 3028 2357 ecce
3066 2299 3421 2358 illuminatio
3449 2316 3548 2358 ex-

2001 2390 2277 2465 positiva.
2310 2395 2429 2451 Hoc
2455 2392 2642 2451 modo
2670 2392 2922 2451 sumitur
2958 2396 3276 2451 illuminare
3315 2393 3379 2451 in
3413 2409 3551 2467 pro-

2002 2487 2217 2560 posito.
2691 2507 2699 2516 ·
2800 2513 2806 2518 ·

2500 2559 2790 2632 Articulus
2834 2561 3047 2617 tertius.

2076 2674 2330 2734 Tertium
2353 2718 2375 2747 ,
2431 2676 2650 2735 scilicet
2701 2676 3100 2751 impuritatem
3145 2676 3544 2750 intelligentiae

2005 2768 2353 2843 designans,
2379 2769 2564 2828 dixit:
2596 2771 2770 2843 Super
2793 2786 3003 2828 servum
3032 2774 3212 2842 tuum,
3256 2770 3429 2844 quasi
3455 2786 3546 2828 se-

2004 2868 2299 2923 cretorum
2344 2869 2582 2923 tuorum
2629 2866 2895 2923 nescium
2910 2885 2928 2939 3
2978 2865 3120 2940 quia
3137 2909 3155 2937 ,
3210 2866 3359 2924 sicut
3399 2866 3544 2939 legi·

2003 2975 2138 3016 mus
2174 2958 2196 2994 ⁸
2232 2977 2247 3016 ε
2284 2977 2314 3012 α
2344 2959 2555 3017 Servus
2601 2959 2785 3018 nescit
2834 2959 2983 3034 quid
3035 2958 3212 3018 faciat
3264 2959 3545 3019 dominus

2004 3052 2150 3125 ejus,
2181 3073 2211 3108 u
2247 3053 2409 3111 Unde
2442 3069 2551 3129 per
2575 3070 2813 3112 servum
2840 3052 3032 3111 innuit
3070 3053 3345 3111 servilem
3381 3059 3437 3112 et
3462 3054 3548 3111 in-

2004 3145 2358 3221 dispositum
2384 3146 2765 3206 intellectum.
2796 3147 2896 3206 llic
2922 3153 3115 3223 potest
3138 3147 3350 3221 notari,
3381 3150 3548 3223 quod

2003 3242 2160 3299 servi
2190 3242 2464 3300 dicuntur
2490 3242 2646 3299 male
2676 3241 2974 3316 dispositi,
3004 3247 3293 3317 quantum
3319 3244 3399 3302 ad
3425 3243 3549 3302 vim

2003 3335 2419 3393 rationabilem
2446 3378 2465 3407 ,
2538 3335 3060 3409 concupiscibilem
3092 3380 3113 3407 ,
3167 3337 3544 3397 irascibilem.

2005 3428 2293 3497 Quocirca
2319 3444 2444 3486 non
2471 3430 2751 3504 competit
2779 3429 2863 3487 eis
2889 3429 3141 3504 eloquiis
3167 3429 3420 3505 erudiri,
3450 3432 3549 3489 de-

2006 3520 2156 3579 liciis
2186 3521 2456 3594 enutriri,
2503 3522 2783 3580 dominiis
2810 3522 3098 3597 insigniri.
3141 3526 3216 3581 De
3252 3524 3449 3598 primo
3477 3528 3500 3563 ⁹
3531 3545 3545 3583 :

2012 3636 2040 3669 α
2064 3618 2276 3674 Servus
2306 3616 2501 3674 verbis
2527 3632 2651 3674 non
2678 3621 2872 3691 potest
2896 3616 3116 3675 erudiri
3135 3659 3155 3688 ,
3179 3636 3208 3671 »
3261 3622 3549 3691 quantum

2006 3710 2086 3769 ad
2128 3709 2577 3785 dispositionem
2609 3709 2996 3769 rationabilis,
3041 3711 3116 3768 De
3144 3711 3410 3769 secundo
3436 3714 3481 3748 ¹⁰
3531 3731 3547 3769 :

2011 3827 2039 3859 α
2051 3806 2160 3875 Qui
2182 3805 2429 3863 delicate
2450 3822 2486 3862 a
2503 3804 2755 3879 pueritia
2773 3821 2880 3863 sua
2898 3802 3079 3862 nutrit
3095 3820 3334 3862 servum
3350 3821 3546 3877 suum,

2005 3903 2213 3973 postea
2238 3899 2446 3957 sentiet
2473 3915 2611 3957 cum
2638 3902 3050 3957 contumacem
3066 3940 3086 3970 ,
3103 3918 3131 3951 n
3158 3902 3448 3971 quantum
3468 3900 3549 3956 ad

2008 3993 2459 4068 dispositionem
2478 3993 2969 4068 concupiscibilis.
2998 3995 3074 4051 De
3103 3992 3330 4068 tertioff¹
3347 4013 3404 4049 :a
3420 3996 3549 4052 Non

2007 4087 2220 4145 decent
2245 4087 2488 4146 stultum
2528 4087 2782 4158 delicioe,
2826 4102 2935 4144 nec
2979 4103 3219 4145 servum
3254 4087 3547 4145 dominari
3615 4160 3620 4165 ὗ

2005 4180 2404 4255 principibus,
2435 4201 2463 4236 »
2505 4183 2793 4255 quantum
2835 4179 2916 4238 ad
2951 4180 3401 4255 dispositionem
3431 4180 3548 4238 ira·

2005 4274 2246 4333 scibilis.
2824 4343 2834 4354 ,

2505 4352 2785 4409 Articulus
2813 4354 3060 4423 quartus.

2076 4469 2360 4537 Quartum
2377 4511 2398 4541 ,
2426 4456 2646 4526 scilicet
2685 4466 3137 4542 depurationem
3164 4464 3544 4537 coadunans,

2007 4562 2310 4621 concludit
2353 4583 2368 4620 ι
2411 4567 2480 4621 Et
2507 4564 2926 4635 justificationes
2966 4566 3087 4617 tuas
3120 4562 3246 4618 doce
3283 4576 3385 4618 me.
3423 4561 3547 4617 lstae

2005 4671 2269 4730 namque
2291 4655 2736 4730 justificationes
2763 4658 2900 4712 sunt
2938 4653 3149 4711 animae
3183 4651 3546 4728 purificatio-

2006 4765 2112 4807 nes
2131 4792 2151 4821 ,
2179 4751 2259 4808 ad
2285 4750 2756 4825 compunctionis
2782 4748 3114 4807 amaritiem
3153 4746 3506 4821 pertinentes
3525 4789 3545 4818 ,

2010 4860 2161 4917 quas
2187 4845 2331 4919 petit
2369 4843 2602 4916 doceri,
2629 4844 2745 4902 hoc
2773 4846 2886 4915 est,
2922 4845 3219 4918 quantum
3246 4840 3327 4899 ad
3353 4839 3547 4898 varias

2005 4937 2191 5013 ipsius
2220 4938 2576 4996 differentias
2606 4936 2937 4995 admoneri.
2969 4937 3070 4994 llic
3094 4938 3265 5009 potes
3299 4937 3506 4993 notare
3524 4975 3545 5006 ,

2007 5032 2176 5107 quod
2214 5031 2494 5090 Dominus
2533 5031 2766 5089 videtur
2802 5030 3106 5105 tripliciter
3128 5029 3252 5087 haec
3280 5029 3494 5087 docere
3527 5048 3542 5087 z

2006 5125 2284 5184 videlicet
2310 5125 2585 5184 docendo
2623 5141 2735 5183 nos
2770 5140 2972 5195 orare,
3009 5124 3282 5199 plorare,
3309 5122 3373 5181 in
3399 5138 3546 5195 agro

2007 5220 2275 5294 corporis
2301 5218 2610 5293 laborare3
2633 5223 2924 5295 quatenus
2945 5217 3288 5294 purificetur
3315 5217 3546 5277 orando

2006 5346 2186 5397 ⁶1bid.
2221 5373 2284 5383 -
2321 5346 2337 5379 ⁷
2376 5346 2559 5409 Becli„
2596 5360 2738 5411 xxrv,
2777 5349 2859 5397 vt.
2892 5372 2955 5385 —
2989 5346 3012 5382 ⁸
3048 5348 3211 5405 Joan„
3252 5356 3337 5408 xv,
3384 5349 3458 5396 15.
3484 5372 3547 5383 -

2006 5422 2026 5449 ⁹
2051 5422 2215 5485 Pron„
2245 5430 2391 5483 1111,
2428 5422 2502 5471 19.
2528 5446 2581 5457 -
2622 5421 2661 5456 ²·
2688 5419 2837 5485 lbid.,
2865 5423 2945 5472 21.
2969 5444 3034 5457 —-
3068 5420 3101 5453 ¹¹
3131 5419 3299 5484 Prov„
3325 5428 3436 5482 xix,
3469 5420 3545 5469 10.
