4196 6294
1583 449 1947 517 PSALMUS
1989 451 2250 518 cxvln.

3389 460 3504 524 3111

1521 768 1836 830 ALTERA
1889 768 2322 830 EXPOSITIO

1086 973 1682 1059 EJUSDEM
1765 974 2240 1062 PSALMI
2334 975 2751 1063 CXVIII
2842 1009 2847 1014 ·

1700 1445 2151 1513 ARGUMENTUM

1589 1584 1700 1651 (Ex
1729 1584 1941 1637 editione
1977 1585 2261 1650 Vaticana.)

398 1730 522 1790 Quae
557 1732 611 1781 et
645 1728 893 1793 temporis
924 1728 1165 1780 diuturno
1201 1742 1296 1778 usu
1307 1764 1326 1792 ,
1363 1731 1415 1779 et
1455 1727 1687 1779 omnium
1724 1728 2069 1793 comprobatae
2105 1741 2360 1781 consensu
2397 1729 2571 1780 multis
2610 1728 2797 1781 abhinc
2833 1729 2983 1781 annis
3019 1730 3073 1781 in
3104 1731 3272 1783 lucem
3306 1726 3512 1798 prodiit.

338 1804 486 1865 Quod
522 1805 566 1856 si
605 1804 837 1869 pluribus
870 1805 1059 1870 scripta
1088 1809 1193 1868 est,
1232 1818 1387 1870 quam
1422 1804 1684 1870 superior,
1720 1805 1771 1857 id
1804 1818 1912 1857 non
1946 1805 2173 1857 alienum
2212 1807 2293 1857 est
2322 1819 2356 1857 a
2383 1819 2647 1859 eacramm
2680 1806 2964 1858 litterarum
2997 1806 3386 1876 interpretibus,
3425 1810 3514 1876 qui

338 1894 693 1946 saepenumero
722 1881 902 1936 eadem
928 1881 1083 1934 modo
1109 1880 1300 1944 fusius,
1328 1880 1485 1934 modo
1512 1881 1722 1946 brevius
1747 1881 2081 1948 explicarunt.

917 2107 1287 2167 PROLOGUS.

721 2256 932 2313 Titulus
965 2258 1208 2314 Psalmi:
1240 2256 1499 2314 Alleluia.

343 2381 354 2392 '
415 2388 721 2460 ¹Alleluiu,
771 2391 890 2445 laus
926 2395 978 2447 et
1005 2391 1213 2463 qlon'a,
1252 2395 1304 2446 et
1328 2393 1504 2447 virtus
1536 2391 1641 2446 Deo
1676 2393 1872 2447 nostro.

340 2480 478 2550 Quis
498 2480 721 2554 tituluS,
742 2482 876 2556 quis
900 2486 1162 2553 ornatus,
1182 2482 1317 2556 quis
1344 2480 1563 2541 fructus
1587 2484 1879 2540 astruatur

338 2577 638 2651 praesentis
673 2578 920 2653 psalmi,
949 2578 1286 2651 apostolicis
1318 2578 1663 2637 instruimur
1693 2578 1878 2636 docu-

340 2672 572 2729 mentis.
598 2671 821 2730 Titulus
851 2675 1073 2746 spectat
1107 2671 1186 2729 ad
1213 2687 1452 2731 causam
1480 2673 1875 2744 materialem,

342 2771 584 2825 ornatus
603 2766 683 2826 ad
703 2766 1051 2839 formalem,
1077 2766 1298 2824 fructus
1326 2766 1405 2825 ad
1431 2765 1690 2826 finalem.

845 2925 1124 2982 Articulus
1152 2927 1387 2998 primus.

415 3053 707 3120 Quantum
735 3051 814 3109 ad
839 3051 1119 3125 primum,
1145 3050 1226 3109 ait
1246 3039 1588 3125 Apostolus:
1617 3052 1880 3123 Alleluia,

345 3145 410 3204 id
442 3150 556 3216 est,
596 3145 852 3203 Laudate
880 3144 1213 3203 Dominum.
1244 3149 1388 3204 Ecce
1430 3143 1784 3203 clarissimus
1812 3144 1885 3202 ti-

344 3240 545 3297 tulus:
591 3256 725 3298 ecce
771 3239 1091 3297 clarissima
1130 3238 1377 3298 materia
1421 3238 1635 3313 psalmi
1683 3239 1880 3311 hujus.

346 3333 487 3401 Quis
520 3334 682 3391 enim
714 3333 930 3391 clarior
967 3333 1205 3405 tituluS,
1247 3349 1432 3407 quam
1470 3332 1600 3390 laus
1643 3331 1887 3391 diviua?

347 3441 483 3499 quae
511 3426 728 3484 clarior
767 3426 1044 3497 materia,
1073 3442 1257 3501 quam
1292 3425 1615 3485 laudabilis
1639 3441 1887 3485 conver·

345 3519 590 3578 sationis
626 3519 937 3578 doctrina?
969 3523 1038 3578 Et
1070 3524 1245 3591 nota,
1286 3519 1454 3594 quod
1494 3518 1643 3578 sicut
1677 3518 1888 3593 legitur

347 3612 410 3671 in
429 3613 745 3687 Scriptura,
764 3615 1025 3683 Alleluia,
1051 3612 1174 3671 sive
1198 3612 1554 3673 laudationis
1577 3612 1889 3672 dominicae

344 3705 661 3764 harmonia
689 3710 775 3764 est
801 3705 1081 3777 dicenda,
1110 3706 1412 3778 iteranda,
1449 3706 1774 3766 cantanda:
1803 3706 1889 3764 uti

344 3798 630 3859 referatur
649 3798 828 3859 dictio
848 3800 930 3859 ad
955 3800 1336 3872 intellectum,
1358 3799 1584 3859 iteratio
1612 3800 1691 3858 ad
1718 3799 1890 3859 affec·

346 3895 497 3965 tum,
526 3893 780 3951 cantatio
809 3893 890 3951 ad
917 3893 1189 3952 effectum
1205 3914 1223 3950 ε
1252 3893 1394 3968 quia
1422 3893 1753 3952 secundum
1772 3893 1890 3952 elo·

347 3987 558 4061 quium
592 3986 910 4044 tullianum
937 3990 996 4058 ¹,
1041 3986 1273 4045 dulcior
1311 3990 1399 4045 est
1443 3990 1759 4046 concentus
1796 4002 1890 4045 ac·

349 4085 539 4153 tuum,
569 4096 751 4156 quam
768 4097 1078 4140 sonorum.
1097 4083 1177 4139 De
1202 4081 1467 4155 primo⁸z
1493 4099 1523 4135 α
1544 4080 1893 4140 Ceciderunt

349 4174 818 4248 vigintiquatuor
838 4175 1120 4248 senioreS,
1145 4178 1205 4232 et
1227 4177 1483 4248 quatuor
1507 4173 1808 4246 animalia,
1833 4176 1894 4232 et

350 4268 753 4327 adoraverunt
772 4268 1092 4329 sedentem
1127 4283 1306 4342 super
1341 4268 1654 4338 thronum,
1694 4265 1893 4324 dicen·

351 4365 477 4419 tes:
510 4365 716 4433 Amen,
759 4361 1000 4420 alleluia
1023 4380 1039 4419 ε
1059 4381 1087 4417 n
1124 4361 1221 4418 hic
1262 4360 1474 4419 dicitur
1513 4362 1737 4418 alleluia
1769 4360 1893 4418 dic·

352 4455 513 4513 tione
543 4454 918 4514 intellectiva.
951 4458 1031 4514 De
1058 4454 1322 4514 secundo
1350 4470 1532 4530 supra
1558 4453 1771 4512 eodem
1797 4470 1895 4512 ca-

355 4548 548 4623 pitulo
582 4548 668 4606 sic
701 4548 954 4607 habetur
978 4550 1038 4606 ⁴:
1083 4570 1112 4602 «
1145 4552 1357 4608 lterum
1393 4548 1703 4606 dixerunt:
1747 4547 1897 4605 Alle-

353 4641 498 4701 luia.
525 4661 555 4697 »
589 4642 690 4700 iiic
726 4641 969 4700 iteratur
999 4641 1240 4700 alleluia
1264 4642 1568 4702 iteratione
1605 4641 1892 4700 affectiva.

357 4739 436 4794 De
451 4736 620 4794 tertio
641 4737 661 4773 ⁸
677 4753 692 4793 :
711 4755 740 4790 α
754 4738 862 4793 Per
887 4735 1052 4792 vicos
1078 4740 1210 4794 tuos
1228 4736 1469 4795 alleluia
1484 4735 1815 4794 cantabitur
1831 4753 1845 4793 :
1862 4753 1892 4789 n

357 4829 456 4887 hic
479 4833 744 4891 cantatur
768 4826 1013 4888 alleluia
1041 4828 1371 4890 cantatione
1397 4829 1685 4889 effectiva.

827 4989 1119 5048 Articulus
1151 4989 1428 5047 secundus.

423 5115 720 5188 Quantumj
728 5112 1144 5172 adsecundum
1156 5112 1643 5187 additapostolus
1664 5113 1901 5184 :«Laus,

364 5212 424 5269 et
445 5208 657 5281 gloria,
681 5211 741 5268 et
764 5207 978 5269 virtus:
1007 5226 1040 5265 κ
1070 5222 1206 5268 ecce
1230 5205 1419 5285 trinus
1442 5209 1707 5267 ornatus.
1737 5205 1902 5265 Unde

432 5408 452 5443 1
493 5408 658 5472 Apoe„
703 5421 824 5472 m,
866 5413 916 5460 ι.
952 5433 1015 5447 -
1057 5408 1078 5438 ²
1113 5405 1171 5458 m
1209 5370 1314 5469 est',
1352 5403 1498 5455 ‘raim
1538 5403 1815 5457 Ciceronis.
1842 5430 1906 5443 -

1984 2107 2219 2166 videtur
2252 2108 2358 2167 iste
2381 2107 2647 2183 psalmus
2673 2109 2846 2184 quasi
2871 2110 3056 2169 trinus
3085 2113 3143 2169 et
3164 2125 3348 2183 unus,
3378 2111 3520 2185 quia

1982 2202 2171 2261 uinus
2211 2204 2446 2274 ornatu,
2488 2200 2597 2260 sed
2635 2217 2787 2260 unus
2822 2206 3091 2265 tractatu.
3132 2204 3377 2264 Trinitas
3410 2205 3520 2265 ista

1983 2296 2329 2371 perhibetur
2360 2297 2673 2356 consistere
2699 2299 2763 2356 in
2804 2296 3015 2371 laude,
3051 2298 3272 2373 gloria,
3319 2301 3378 2357 et
3401 2297 3520 2357 vir·

1984 2392 2135 2448 tute:
2163 2389 2438 2450 videlicet
2462 2390 2525 2448 in
2551 2390 2729 2450 laude
2756 2391 3226 2463 mensurationis,
3251 2391 3314 2449 in
3330 2391 3522 2465 gloria

1984 2483 2435 2556 numerationiS,
2472 2485 2536 2542 in
2561 2485 2772 2543 virtute
2806 2483 3269 2559 ponderationis.
3298 2487 3522 2545 Mensu-

1983 2582 2149 2636 ratur
2175 2577 2333 2635 enim
2355 2579 2706 2651 geometrice
2730 2577 2949 2637 circulo
2978 2577 3355 2639 elementario
3368 2597 3387 2653 3
3412 2596 3522 2639 nu-

1986 2675 2247 2732 meratur
2269 2663 2626 2733 arithmetice
2654 2689 2904 2733 numero
2929 2673 3235 2734 octonario
3246 2693 3266 2749 ;
3295 2675 3521 2749 ponde·

1986 2769 2153 2826 ratur
2176 2766 2430 2840 musice,
2467 2767 2591 2826 sive
2616 2767 2883 2841 metrice,
2916 2768 3059 2842 quia
3094 2770 3282 2827 metra
3308 2768 3523 2827 dicitur
3620 2789 3759 2834 κω..

1989 2858 2267 2934 (Iuaedam
2320 2860 2544 2918 musica
2594 2860 2941 2920 harmonico
2992 2862 3220 2935 pedum
3265 2863 3518 2922 senario,
3548 2853 3671 2907 quid·

1989 2953 2221 3021 Quanta
2260 2951 2334 3009 sit
2369 2953 2499 3012 laus
2544 2953 2748 3012 circuli
2787 2955 3208 3028 mensurantiS,
3247 2960 3407 3030 patet
3448 2972 3523 3015 ex

1989 3045 2181 3119 figura
2209 3045 2692 3118 deiformissima,
2720 3048 2864 3122 quia
2897 3048 3359 3122 simplicissima,
3382 3051 3526 3124 quia

1988 3139 2437 3215 perfectissima,
2480 3140 2623 3217 quia
2657 3141 3058 3216 capacissima,
3104 3141 3247 3218 quia
3283 3143 3526 3203 nobilis-

1993 3234 2163 3293 sima.
2204 3237 2430 3304 Quanta
2468 3234 2660 3308 gloria
2697 3236 2771 3294 sit
2809 3237 3093 3296 octonarii
3133 3239 3524 3312 numerantis,

1992 3327 2181 3403 liquet
2202 3344 2277 3387 ex
2303 3344 2396 3401 eo,
2427 3328 2594 3404 quod
2621 3329 2715 3387 bis
2734 3328 2857 3388 duo
2889 3329 2982 3390 bis
3007 3331 3202 3390 valent
3228 3335 3393 3400 octo,
3421 3332 3527 3391 ubi

1994 3439 2278 3482 numerus
2303 3438 2459 3481 unus
2482 3426 2540 3481 et
2561 3422 2790 3496 primus
2815 3439 2923 3498 per
2947 3440 3290 3497 processum
3317 3424 3529 3482 binum

1993 3516 2061 3574 fit
2084 3518 2293 3575 trinus„
2320 3518 2547 3586 Quanta
2572 3515 2646 3574 sit
2670 3516 2854 3576 virtus
2875 3517 3091 3576 senarii
3121 3517 3528 3593 ponderantiS,

1996 3613 2244 3685 apparet
2266 3610 2330 3669 in
2355 3625 2450 3684 eo,
2478 3609 2648 3685 quod
2673 3625 2955 3669 numerus
2976 3611 3286 3685 perfectus,
3313 3617 3373 3671 et
3398 3629 3531 3688 per·

1993 3702 2285 3763 sectorum
2305 3703 2563 3778 primus,
2600 3702 2819 3763 trinam
2855 3703 3064 3778 recipit
3097 3703 3530 3765 distinctionem

1993 3801 2211 3871 proeter
2235 3813 2533 3856 excessum
2573 3799 2631 3854 et
2667 3795 3137 3856 diminutionem.
3183 3800 3250 3857 Et
3284 3801 3427 3859 nota
3453 3801 3530 3859 de

1995 3888 2252 3949 trinitate
2286 3890 2510 3961 laudis,
2540 3888 2744 3963 gloriae
2770 3893 2828 3948 et
2855 3888 3109 3964 virtutiS‚
3141 3891 3308 3965 quod
3343 3895 3533 3967 potest

1998 3982 2218 4041 divinis
2242 3982 2511 4057 adaptari
2536 3982 2839 4057 personis,
2867 3984 3010 4058 quia
3044 3984 3194 4043 sicut
3229 4002 3305 4044 ex
3342 3988 3532 4063 Scrip-

1997 4076 2144 4135 turis
2168 4076 2492 4149 colligitur,
2533 4075 2666 4134 laus
2692 4075 2874 4149 Patri,
2912 4076 3102 4150 gloria
3140 4078 3322 4153 ffilio,
3347 4080 3533 4141 virtus

1997 4169 2234 4244 Spiritui
2260 4171 2462 4228 sancto
2487 4169 2860 4228 adscribitur.

2069 4262 2332 4321 Primum
2355 4265 2516 4337 patet
2539 4278 2649 4337 per
2671 4262 2822 4321 illud
2846 4262 3133 4338 Sapientis
3153 4264 3459 4341 eloquium
3472 4269 3530 4326 ⁸:

2007 4375 2036 4410 α
2063 4356 2218 4415 Patri
2243 4357 2514 4414 omnium
2539 4357 2614 4431 (α)
2647 4355 3030 4418 decantantes
3060 4359 3291 4420 laudes.
3326 4380 3359 4417 ιο
3384 4366 3533 4421 Ecce

1999 4448 2131 4510 laus
2156 4449 2309 4508 Patri
2334 4448 2646 4523 adscripta.
3332 4472 3341 4481 ·

2070 4543 2412 4601 Secundum
2450 4542 2638 4617 liquet
2685 4558 2796 4618 per
2839 4543 2991 4604 illud
3035 4548 3445 4622 evangelicum
3470 4551 3529 4608 ἐ

2007 4655 2038 4692 α
2063 4636 2333 4695 Vidimus
2369 4636 2622 4709 gloriam
2658 4639 2818 4710 ejus,
2846 4639 3108 4711 gloriam
3134 4643 3305 4716 quasi
3334 4642 3540 4716 unige-

2001 4729 2110 4789 niti
2136 4746 2174 4788 a
2197 4732 2402 4787 Patre:
2431 4750 2461 4785 ιι
2493 4745 2629 4789 ecce
2654 4730 2846 4804 gloria
2870 4732 3017 4792 Filio
3042 4733 3337 4793 attributa.

2070 4824 2330 4882 Tertium
2381 4827 2626 4898 apparet
2673 4840 2784 4898 per
2832 4823 2985 4883 illud
3034 4827 3450 4902 propheticum
3472 4830 3537 4888 ⁸:

2011 4934 2042 4971 α
2070 4916 2285 4990 Spiritu
2314 4915 2433 4979 oris
2457 4916 2614 4989 ejus,
2643 4918 2839 4976 omnis
2860 4919 3046 4979 virtus
3072 4915 3318 4981 eorum:
3344 4943 3375 4978 n
3407 4939 3543 4984 ecce

2003 5010 2190 5070 virtus
2215 5008 2451 5084 Spiritui
2474 5012 2680 5071 sancto
2707 5010 2964 5074 addicta.

2009 5169 2028 5200 ³
2054 5168 2228 5233 Apoe„
2250 5178 2345 5231 vu,
2374 5170 2450 5225 11.
2481 5192 2535 5202 ——
2567 5167 2590 5202 δ
2612 5166 2787 5231 Apoc„
2810 5178 2923 5235 xlx,
2943 5171 2992 5220 3.
3013 5194 3077 5208 --
3104 5171 3123 5200 ⁵
3155 5168 3290 5235 Tob„
3315 5182 3435 5234 ¹11¹.
3461 5178 3542 5239 22.

2007 5264 2072 5278 —
2116 5240 2138 5273 ⁸
2174 5238 2315 5303 Sap„
2361 5248 2524 5303 xvm,
2563 5240 2610 5289 9.
2651 5264 2715 5276 -
2764 5239 2782 5269 ⁹
2824 5238 2990 5302 lom„
3032 5251 3084 5303 1,
3122 5243 3195 5294 14.
3240 5268 3303 5282 —
3343 5242 3367 5280 ⁸
3402 5238 3542 5297 Psal.

2003 5321 2181 5374 mu,
2206 5310 2256 5359 e.

2073 5402 2144 5466 (a)
2183 5398 2331 5464 neq.
2358 5398 2563 5451 pamm
2589 5398 2711 5464 jam.
