<?xml version="1.0" encoding="UTF-8"?>
<!DOCTYPE html PUBLIC "-//W3C//DTD XHTML 1.0 Transitional//EN"
    "http://www.w3.org/TR/xhtml1/DTD/xhtml1-transitional.dtd">
<html xmlns="http://www.w3.org/1999/xhtml" xml:lang="en" lang="en">
 <head>
  <title>
</title>
<meta http-equiv="Content-Type" content="text/html;charset=utf-8" />
  <meta name='ocr-system' content='tesseract 3.04.00' />
  <meta name='ocr-capabilities' content='ocr_page ocr_carea ocr_par ocr_line ocrx_word'/>
</head>
<body>
  <div class='ocr_page' id='page_1' title='image "./srecardinalissb00cargoog_0543.png"; bbox 0 0 4196 6294; ppageno 0'>
   <div class='ocr_carea' id='block_1_1' title="bbox 1565 508 2229 578">
    <p class='ocr_par' dir='ltr' id='par_1_1' title="bbox 1565 508 2229 578">
     <span class='ocr_line' id='line_1_1' title="bbox 1565 508 2229 578; baseline 0.002 -3"><span class='ocrx_word' id='word_1_1' title='bbox 1565 508 1926 577; x_wconf 83' lang='lat' dir='ltr'><strong>PSALMUS</strong></span> <span class='ocrx_word' id='word_1_2' title='bbox 1972 510 2205 578; x_wconf 82' lang='lat' dir='ltr'>CXVIII</span> <span class='ocrx_word' id='word_1_3' title='bbox 2213 559 2229 577; x_wconf 95' lang='lat'><strong>.</strong></span> 
     </span>
    </p>
   </div>
   <div class='ocr_carea' id='block_1_2' title="bbox 947 708 1204 775">
    <p class='ocr_par' dir='ltr' id='par_1_2' title="bbox 947 708 1204 775">
     <span class='ocr_line' id='line_1_2' title="bbox 947 708 1204 775; baseline -0.012 -15"><span class='ocrx_word' id='word_1_4' title='bbox 947 708 1204 775; x_wconf 85' lang='lat' dir='ltr'><strong>Epilogus.</strong></span> 
     </span>
    </p>
   </div>
   <div class='ocr_carea' id='block_1_3' title="bbox 308 831 1850 1666">
    <p class='ocr_par' dir='ltr' id='par_1_3' title="bbox 308 831 1850 1666">
     <span class='ocr_line' id='line_1_3' title="bbox 308 831 1844 909; baseline -0.001 -16"><span class='ocrx_word' id='word_1_5' title='bbox 308 835 325 884; x_wconf 64' lang='grc' dir='ltr'>ἶ</span> <span class='ocrx_word' id='word_1_6' title='bbox 379 837 498 893; x_wconf 80' lang='lat' dir='ltr'><strong>Hoc</strong></span> <span class='ocrx_word' id='word_1_7' title='bbox 540 839 645 907; x_wconf 86' lang='lat' dir='ltr'><strong>est,</strong></span> <span class='ocrx_word' id='word_1_8' title='bbox 693 834 858 909; x_wconf 93' lang='lat' dir='ltr'><strong>quod</strong></span> <span class='ocrx_word' id='word_1_9' title='bbox 887 833 1101 892; x_wconf 87' lang='lat' dir='ltr'><strong>dicitur</strong></span> <span class='ocrx_word' id='word_1_10' title='bbox 1144 849 1253 909; x_wconf 90' lang='lat' dir='ltr'><strong>per</strong></span> <span class='ocrx_word' id='word_1_11' title='bbox 1292 831 1844 909; x_wconf 74' lang='lat' dir='ltr'>psalmographum,</span> 
     </span>
     <span class='ocr_line' id='line_1_4' title="bbox 309 928 1846 1004; baseline 0 -18"><span class='ocrx_word' id='word_1_12' title='bbox 309 931 595 1003; x_wconf 88' lang='lat' dir='ltr'><strong>tanquam</strong></span> <span class='ocrx_word' id='word_1_13' title='bbox 646 928 840 987; x_wconf 86' lang='lat' dir='ltr'><strong>virum</strong></span> <span class='ocrx_word' id='word_1_14' title='bbox 885 929 1154 1004; x_wconf 65' lang='lat' dir='ltr'><strong>aequitate</strong></span> <span class='ocrx_word' id='word_1_15' title='bbox 1205 928 1477 987; x_wconf 89' lang='lat' dir='ltr'><strong>adultum</strong></span> <span class='ocrx_word' id='word_1_16' title='bbox 1498 971 1518 1001; x_wconf 96' lang='lat'><strong>,</strong></span> <span class='ocrx_word' id='word_1_17' title='bbox 1573 944 1846 1003; x_wconf 89' lang='lat' dir='ltr'><strong>asperna-</strong></span> 
     </span>
     <span class='ocr_line' id='line_1_5' title="bbox 310 1021 1847 1097; baseline 0 -16"><span class='ocrx_word' id='word_1_18' title='bbox 310 1028 498 1082; x_wconf 85' lang='lat' dir='ltr'><strong>torem</strong></span> <span class='ocrx_word' id='word_1_19' title='bbox 542 1022 994 1097; x_wconf 82' lang='lat' dir='ltr'><strong>temporalium,</strong></span> <span class='ocrx_word' id='word_1_20' title='bbox 1049 1026 1106 1081; x_wconf 91' lang='lat' dir='ltr'><strong>et</strong></span> <span class='ocrx_word' id='word_1_21' title='bbox 1157 1021 1621 1096; x_wconf 82' lang='lat' dir='ltr'><strong>amplexatorem</strong></span> <span class='ocrx_word' id='word_1_22' title='bbox 1650 1038 1847 1082; x_wconf 91' lang='lat' dir='ltr'><strong>mora-</strong></span> 
     </span>
     <span class='ocr_line' id='line_1_6' title="bbox 308 1118 1847 1194; baseline 0.002 -20"><span class='ocrx_word' id='word_1_23' title='bbox 308 1118 457 1176; x_wconf 89' lang='lat' dir='ltr'><strong>lium</strong></span> <span class='ocrx_word' id='word_1_24' title='bbox 488 1137 501 1175; x_wconf 90' lang='lat'>:</span> <span class='ocrx_word' id='word_1_25' title='bbox 539 1121 757 1192; x_wconf 76' lang='lat' dir='ltr'><strong><em>Propter</em></strong></span> <span class='ocrx_word' id='word_1_26' title='bbox 782 1136 866 1191; x_wconf 84' lang='lat' dir='ltr'><strong>ea,</strong></span> <span class='ocrx_word' id='word_1_27' title='bbox 896 1121 1186 1194; x_wconf 88' lang='lat' dir='ltr'><strong>quantum</strong></span> <span class='ocrx_word' id='word_1_28' title='bbox 1213 1118 1293 1178; x_wconf 86' lang='lat' dir='ltr'><strong>ad</strong></span> <span class='ocrx_word' id='word_1_29' title='bbox 1320 1118 1685 1192; x_wconf 87' lang='lat' dir='ltr'><strong>temporalia,</strong></span> <span class='ocrx_word' id='word_1_30' title='bbox 1714 1135 1847 1193; x_wconf 82' lang='lat' dir='ltr'><strong>quae</strong></span> 
     </span>
     <span class='ocr_line' id='line_1_7' title="bbox 311 1213 1848 1288; baseline 0 -18"><span class='ocrx_word' id='word_1_31' title='bbox 311 1214 588 1288; x_wconf 87' lang='lat' dir='ltr'><strong>despecta</strong></span> <span class='ocrx_word' id='word_1_32' title='bbox 597 1233 616 1286; x_wconf 86' lang='lat'>3</span> <span class='ocrx_word' id='word_1_33' title='bbox 660 1214 747 1271; x_wconf 76' lang='lat' dir='ltr'><strong>Ad</strong></span> <span class='ocrx_word' id='word_1_34' title='bbox 772 1217 955 1272; x_wconf 76' lang='lat' dir='ltr'><strong>omnia</strong></span> <span class='ocrx_word' id='word_1_35' title='bbox 984 1213 1247 1271; x_wconf 80' lang='lat' dir='ltr'><strong>mandata</strong></span> <span class='ocrx_word' id='word_1_36' title='bbox 1281 1217 1377 1270; x_wconf 81' lang='lat' dir='ltr'><strong>tua</strong></span> <span class='ocrx_word' id='word_1_37' title='bbox 1390 1255 1411 1284; x_wconf 95' lang='lat'><strong>,</strong></span> <span class='ocrx_word' id='word_1_38' title='bbox 1451 1216 1742 1287; x_wconf 87' lang='lat' dir='ltr'><strong>quantum</strong></span> <span class='ocrx_word' id='word_1_39' title='bbox 1768 1213 1848 1270; x_wconf 91' lang='lat' dir='ltr'><strong>ad</strong></span> 
     </span>
     <span class='ocr_line' id='line_1_8' title="bbox 310 1306 1849 1383; baseline -0.001 -18"><span class='ocrx_word' id='word_1_40' title='bbox 310 1307 563 1367; x_wconf 88' lang='lat' dir='ltr'><strong>moralia</strong></span> <span class='ocrx_word' id='word_1_41' title='bbox 580 1351 598 1381; x_wconf 96' lang='lat'><strong>,</strong></span> <span class='ocrx_word' id='word_1_42' title='bbox 628 1324 762 1383; x_wconf 78' lang='lat' dir='ltr'><strong>quae</strong></span> <span class='ocrx_word' id='word_1_43' title='bbox 790 1307 1035 1378; x_wconf 81' lang='lat' dir='ltr'><strong>dilecta3</strong></span> <span class='ocrx_word' id='word_1_44' title='bbox 1078 1308 1393 1379; x_wconf 73' lang='lat' dir='ltr'><strong>Diriqebar,</strong></span> <span class='ocrx_word' id='word_1_45' title='bbox 1437 1311 1724 1382; x_wconf 89' lang='lat' dir='ltr'><strong>quantum</strong></span> <span class='ocrx_word' id='word_1_46' title='bbox 1769 1306 1849 1364; x_wconf 91' lang='lat' dir='ltr'><strong>ad</strong></span> 
     </span>
     <span class='ocr_line' id='line_1_9' title="bbox 309 1400 1849 1475; baseline 0 -17"><span class='ocrx_word' id='word_1_47' title='bbox 309 1402 622 1460; x_wconf 78' lang='lat' dir='ltr'><strong>rationalia</strong></span> <span class='ocrx_word' id='word_1_48' title='bbox 651 1401 964 1473; x_wconf 86' lang='lat' dir='ltr'><strong>desideria,</strong></span> <span class='ocrx_word' id='word_1_49' title='bbox 993 1418 1125 1475; x_wconf 69' lang='lat' dir='ltr'><strong>quae</strong></span> <span class='ocrx_word' id='word_1_50' title='bbox 1153 1400 1373 1459; x_wconf 87' lang='lat' dir='ltr'><strong>directa</strong></span> <span class='ocrx_word' id='word_1_51' title='bbox 1389 1421 1408 1471; x_wconf 75' lang='grc' dir='ltr'><strong><em>ς</em></strong></span> <span class='ocrx_word' id='word_1_52' title='bbox 1443 1402 1661 1458; x_wconf 86' lang='lat' dir='ltr'><strong><em>Omnem</em></strong></span> <span class='ocrx_word' id='word_1_53' title='bbox 1701 1405 1849 1458; x_wconf 76' lang='lat' dir='ltr'><strong>viam</strong></span> 
     </span>
     <span class='ocr_line' id='line_1_10' title="bbox 308 1493 1850 1570; baseline -0.001 -17"><span class='ocrx_word' id='word_1_54' title='bbox 308 1500 548 1570; x_wconf 78' lang='lat' dir='ltr'><strong>iniquam</strong></span> <span class='ocrx_word' id='word_1_55' title='bbox 591 1497 715 1555; x_wconf 77' lang='lat' dir='ltr'><strong>odio</strong></span> <span class='ocrx_word' id='word_1_56' title='bbox 754 1499 962 1568; x_wconf 77' lang='lat' dir='ltr'><strong>habui,</strong></span> <span class='ocrx_word' id='word_1_57' title='bbox 1017 1499 1305 1570; x_wconf 90' lang='lat' dir='ltr'><strong>quantum</strong></span> <span class='ocrx_word' id='word_1_58' title='bbox 1362 1495 1440 1553; x_wconf 92' lang='lat' dir='ltr'><strong>ad</strong></span> <span class='ocrx_word' id='word_1_59' title='bbox 1487 1493 1850 1554; x_wconf 80' lang='lat' dir='ltr'><strong>irrationalia</strong></span> 
     </span>
     <span class='ocr_line' id='line_1_11' title="bbox 311 1589 1085 1666; baseline 0.001 -19"><span class='ocrx_word' id='word_1_60' title='bbox 311 1589 624 1665; x_wconf 89' lang='lat' dir='ltr'><strong>desideria,</strong></span> <span class='ocrx_word' id='word_1_61' title='bbox 653 1607 787 1666; x_wconf 83' lang='lat' dir='ltr'><strong>quae</strong></span> <span class='ocrx_word' id='word_1_62' title='bbox 806 1593 1085 1651; x_wconf 89' lang='lat' dir='ltr'><strong>correcta.</strong></span> 
     </span>
    </p>
   </div>
   <div class='ocr_carea' id='block_1_4' title="bbox 626 1830 1527 1890">
    <p class='ocr_par' dir='ltr' id='par_1_4' title="bbox 626 1830 1527 1890">
     <span class='ocr_line' id='line_1_12' title="bbox 626 1830 1527 1890; baseline -0.006 0"><span class='ocrx_word' id='word_1_63' title='bbox 626 1832 1138 1890; x_wconf 78' lang='lat' dir='ltr'>CAPITULUM</span> <span class='ocrx_word' id='word_1_64' title='bbox 1201 1830 1527 1888; x_wconf 78' lang='lat' dir='ltr'><strong>NONUM.</strong></span> 
     </span>
    </p>
   </div>
   <div class='ocr_carea' id='block_1_5' title="bbox 785 2017 1373 2063">
    <p class='ocr_par' dir='ltr' id='par_1_5' title="bbox 785 2017 1373 2063">
     <span class='ocr_line' id='line_1_13' title="bbox 785 2017 1373 2063; baseline -0.003 -2"><span class='ocrx_word' id='word_1_65' title='bbox 785 2018 1117 2063; x_wconf 71' lang='lat' dir='ltr'><strong>vensicums</strong></span> <span class='ocrx_word' id='word_1_66' title='bbox 1150 2017 1373 2060; x_wconf 70' lang='lat' dir='ltr'><strong>PRmUS.</strong></span> 
     </span>
    </p>
   </div>
   <div class='ocr_carea' id='block_1_6' title="bbox 308 2159 1859 3366">
    <p class='ocr_par' dir='ltr' id='par_1_6' title="bbox 308 2159 1859 3366">
     <span class='ocr_line' id='line_1_14' title="bbox 389 2159 1851 2228; baseline -0.003 -8"><span class='ocrx_word' id='word_1_67' title='bbox 389 2166 508 2223; x_wconf 81' lang='lat'><strong>¹29.</strong></span> <span class='ocrx_word' id='word_1_68' title='bbox 572 2162 860 2219; x_wconf 80' lang='lat' dir='ltr'><strong>Mirabilia</strong></span> <span class='ocrx_word' id='word_1_69' title='bbox 913 2162 1221 2217; x_wconf 68' lang='lat' dir='ltr'><strong>testimonia</strong></span> <span class='ocrx_word' id='word_1_70' title='bbox 1273 2167 1398 2228; x_wconf 81' lang='lat' dir='ltr'><strong>tua,</strong></span> <span class='ocrx_word' id='word_1_71' title='bbox 1453 2162 1559 2215; x_wconf 88' lang='lat' dir='ltr'><strong>etc.</strong></span> <span class='ocrx_word' id='word_1_72' title='bbox 1619 2159 1851 2216; x_wconf 86' lang='lat' dir='ltr'><strong>Nonum</strong></span> 
     </span>
     <span class='ocr_line' id='line_1_15' title="bbox 314 2252 1850 2331; baseline -0.002 -17"><span class='ocrx_word' id='word_1_73' title='bbox 314 2256 636 2331; x_wconf 89' lang='lat' dir='ltr'><strong>capitulum</strong></span> <span class='ocrx_word' id='word_1_74' title='bbox 671 2254 903 2329; x_wconf 78' lang='lat' dir='ltr'><strong>incipit,</strong></span> <span class='ocrx_word' id='word_1_75' title='bbox 946 2257 1003 2312; x_wconf 91' lang='lat' dir='ltr'><strong>et</strong></span> <span class='ocrx_word' id='word_1_76' title='bbox 1055 2270 1284 2312; x_wconf 91' lang='lat' dir='ltr'><strong>nonum</strong></span> <span class='ocrx_word' id='word_1_77' title='bbox 1325 2252 1617 2311; x_wconf 82' lang='lat' dir='ltr'><strong>ferculum</strong></span> <span class='ocrx_word' id='word_1_78' title='bbox 1666 2252 1850 2311; x_wconf 89' lang='lat' dir='ltr'><strong>intro-</strong></span> 
     </span>
     <span class='ocr_line' id='line_1_16' title="bbox 314 2346 1853 2423; baseline -0.002 -15"><span class='ocrx_word' id='word_1_79' title='bbox 314 2351 503 2409; x_wconf 87' lang='lat' dir='ltr'><strong>mittit.</strong></span> <span class='ocrx_word' id='word_1_80' title='bbox 555 2353 618 2408; x_wconf 88' lang='lat' dir='ltr'><strong>ln</strong></span> <span class='ocrx_word' id='word_1_81' title='bbox 662 2348 997 2423; x_wconf 66' lang='lat' dir='ltr'><strong>praejacenti</strong></span> <span class='ocrx_word' id='word_1_82' title='bbox 1045 2347 1301 2422; x_wconf 87' lang='lat' dir='ltr'><strong>capitulo</strong></span> <span class='ocrx_word' id='word_1_83' title='bbox 1348 2349 1697 2422; x_wconf 84' lang='lat' dir='ltr'><strong>praesentata</strong></span> <span class='ocrx_word' id='word_1_84' title='bbox 1744 2346 1853 2405; x_wconf 88' lang='lat' dir='ltr'><strong>fuit</strong></span> 
     </span>
     <span class='ocr_line' id='line_1_17' title="bbox 312 2434 1854 2515; baseline -0.003 -13"><span class='ocrx_word' id='word_1_85' title='bbox 312 2444 660 2502; x_wconf 77' lang='lat' dir='ltr'><strong>voluntariae</strong></span> <span class='ocrx_word' id='word_1_86' title='bbox 697 2443 1034 2502; x_wconf 90' lang='lat' dir='ltr'><strong>temeritatis</strong></span> <span class='ocrx_word' id='word_1_87' title='bbox 1075 2434 1460 2514; x_wconf 83' lang='lat' dir='ltr'><strong>intermissio;</strong></span> <span class='ocrx_word' id='word_1_88' title='bbox 1490 2441 1554 2499; x_wconf 90' lang='lat' dir='ltr'><strong>in</strong></span> <span class='ocrx_word' id='word_1_89' title='bbox 1578 2442 1854 2515; x_wconf 74' lang='lat' dir='ltr'><strong>praesenti</strong></span> 
     </span>
     <span class='ocr_line' id='line_1_18' title="bbox 316 2534 1853 2613; baseline 0.001 -21"><span class='ocrx_word' id='word_1_90' title='bbox 316 2554 457 2596; x_wconf 86' lang='lat' dir='ltr'><strong>vero</strong></span> <span class='ocrx_word' id='word_1_91' title='bbox 509 2539 895 2613; x_wconf 66' lang='lat' dir='ltr'><strong>praesentatur</strong></span> <span class='ocrx_word' id='word_1_92' title='bbox 942 2535 1268 2609; x_wconf 74' lang='lat' dir='ltr'><strong>Judiciarioe</strong></span> <span class='ocrx_word' id='word_1_93' title='bbox 1330 2534 1652 2593; x_wconf 87' lang='lat' dir='ltr'><strong>severitatis</strong></span> <span class='ocrx_word' id='word_1_94' title='bbox 1712 2551 1853 2609; x_wconf 88' lang='lat' dir='ltr'><strong>pro-</strong></span> 
     </span>
     <span class='ocr_line' id='line_1_19' title="bbox 314 2628 1856 2706; baseline -0.002 -17"><span class='ocrx_word' id='word_1_95' title='bbox 314 2632 533 2691; x_wconf 82' lang='lat' dir='ltr'><strong>missio.</strong></span> <span class='ocrx_word' id='word_1_96' title='bbox 586 2635 652 2691; x_wconf 85' lang='lat' dir='ltr'><strong>Et</strong></span> <span class='ocrx_word' id='word_1_97' title='bbox 697 2634 858 2706; x_wconf 83' lang='lat' dir='ltr'><strong>patet</strong></span> <span class='ocrx_word' id='word_1_98' title='bbox 901 2630 1127 2688; x_wconf 83' lang='lat' dir='ltr'><strong>ordinis</strong></span> <span class='ocrx_word' id='word_1_99' title='bbox 1172 2630 1362 2701; x_wconf 92' lang='lat' dir='ltr'><strong>ratio,</strong></span> <span class='ocrx_word' id='word_1_100' title='bbox 1407 2628 1693 2704; x_wconf 91' lang='lat' dir='ltr'><strong>quoniam</strong></span> <span class='ocrx_word' id='word_1_101' title='bbox 1744 2629 1856 2686; x_wconf 86' lang='lat' dir='ltr'><strong>ista</strong></span> 
     </span>
     <span class='ocr_line' id='line_1_20' title="bbox 311 2722 1855 2798; baseline -0.001 -16"><span class='ocrx_word' id='word_1_102' title='bbox 311 2724 625 2798; x_wconf 89' lang='lat' dir='ltr'><strong>promissio</strong></span> <span class='ocrx_word' id='word_1_103' title='bbox 655 2726 741 2782; x_wconf 83' lang='lat' dir='ltr'><strong>est</strong></span> <span class='ocrx_word' id='word_1_104' title='bbox 765 2722 925 2781; x_wconf 90' lang='lat' dir='ltr'><strong>illius</strong></span> <span class='ocrx_word' id='word_1_105' title='bbox 957 2723 1401 2782; x_wconf 82' lang='lat' dir='ltr'><strong>intermissionis</strong></span> <span class='ocrx_word' id='word_1_106' title='bbox 1429 2722 1684 2782; x_wconf 84' lang='lat' dir='ltr'><strong>occasio.</strong></span> <span class='ocrx_word' id='word_1_107' title='bbox 1708 2726 1855 2781; x_wconf 89' lang='lat' dir='ltr'><strong>Nam</strong></span> 
     </span>
     <span class='ocr_line' id='line_1_21' title="bbox 312 2815 1854 2893; baseline 0 -18"><span class='ocrx_word' id='word_1_108' title='bbox 312 2834 746 2893; x_wconf 87' lang='lat' dir='ltr'><strong>nonnunquam</strong></span> <span class='ocrx_word' id='word_1_109' title='bbox 804 2818 1200 2877; x_wconf 80' lang='lat' dir='ltr'><strong>intermittitur</strong></span> <span class='ocrx_word' id='word_1_110' title='bbox 1253 2817 1458 2891; x_wconf 85' lang='lat' dir='ltr'><strong>flagitii</strong></span> <span class='ocrx_word' id='word_1_111' title='bbox 1520 2815 1813 2876; x_wconf 86' lang='lat' dir='ltr'><strong>temeritas</strong></span> <span class='ocrx_word' id='word_1_112' title='bbox 1834 2859 1854 2887; x_wconf 91' lang='lat'><strong>,</strong></span> 
     </span>
     <span class='ocr_line' id='line_1_22' title="bbox 313 2910 1857 2987; baseline -0.001 -17"><span class='ocrx_word' id='word_1_113' title='bbox 313 2913 598 2981; x_wconf 80' lang='lat' dir='ltr'><strong>quoniam</strong></span> <span class='ocrx_word' id='word_1_114' title='bbox 624 2912 983 2987; x_wconf 85' lang='lat' dir='ltr'><strong>promittitur</strong></span> <span class='ocrx_word' id='word_1_115' title='bbox 1004 2911 1214 2985; x_wconf 87' lang='lat' dir='ltr'><strong>judicii</strong></span> <span class='ocrx_word' id='word_1_116' title='bbox 1242 2911 1542 2970; x_wconf 85' lang='lat' dir='ltr'><strong>severitas.</strong></span> <span class='ocrx_word' id='word_1_117' title='bbox 1571 2910 1857 2970; x_wconf 90' lang='lat' dir='ltr'><strong>Promittit</strong></span> 
     </span>
     <span class='ocr_line' id='line_1_23' title="bbox 311 3005 1855 3080; baseline 0.001 -15"><span class='ocrx_word' id='word_1_118' title='bbox 311 3010 510 3065; x_wconf 90' lang='lat' dir='ltr'><strong>autem</strong></span> <span class='ocrx_word' id='word_1_119' title='bbox 552 3005 837 3064; x_wconf 87' lang='lat' dir='ltr'><strong>Dominus</strong></span> <span class='ocrx_word' id='word_1_120' title='bbox 878 3005 1113 3079; x_wconf 71' lang='lat' dir='ltr'><strong>justitiae</strong></span> <span class='ocrx_word' id='word_1_121' title='bbox 1171 3007 1542 3065; x_wconf 84' lang='lat' dir='ltr'><strong>severitatem</strong></span> <span class='ocrx_word' id='word_1_122' title='bbox 1594 3021 1703 3080; x_wconf 88' lang='lat' dir='ltr'><strong>per</strong></span> <span class='ocrx_word' id='word_1_123' title='bbox 1762 3022 1855 3066; x_wconf 87' lang='lat' dir='ltr'><strong>sa-</strong></span> 
     </span>
     <span class='ocr_line' id='line_1_24' title="bbox 308 3099 1856 3177; baseline 0.001 -18"><span class='ocrx_word' id='word_1_124' title='bbox 308 3100 544 3177; x_wconf 82' lang='lat' dir='ltr'><strong>pientioe</strong></span> <span class='ocrx_word' id='word_1_125' title='bbox 586 3100 892 3160; x_wconf 88' lang='lat' dir='ltr'><strong>veritatem</strong></span> <span class='ocrx_word' id='word_1_126' title='bbox 935 3118 950 3159; x_wconf 72' lang='grc' dir='ltr'>ε</span> <span class='ocrx_word' id='word_1_127' title='bbox 1003 3099 1261 3175; x_wconf 89' lang='lat' dir='ltr'><strong>ideoque</strong></span> <span class='ocrx_word' id='word_1_128' title='bbox 1307 3099 1570 3175; x_wconf 89' lang='lat' dir='ltr'><strong>primum</strong></span> <span class='ocrx_word' id='word_1_129' title='bbox 1616 3104 1856 3160; x_wconf 89' lang='lat' dir='ltr'><strong>octona-</strong></span> 
     </span>
     <span class='ocr_line' id='line_1_25' title="bbox 312 3195 1858 3272; baseline 0.001 -18"><span class='ocrx_word' id='word_1_130' title='bbox 312 3195 469 3255; x_wconf 90' lang='lat' dir='ltr'><strong>rium</strong></span> <span class='ocrx_word' id='word_1_131' title='bbox 528 3202 780 3272; x_wconf 89' lang='lat' dir='ltr'><strong>occupat</strong></span> <span class='ocrx_word' id='word_1_132' title='bbox 829 3197 1043 3255; x_wconf 88' lang='lat' dir='ltr'><strong>veritas</strong></span> <span class='ocrx_word' id='word_1_133' title='bbox 1098 3197 1395 3271; x_wconf 62' lang='lat' dir='ltr'><strong>sapientiai</strong></span> <span class='ocrx_word' id='word_1_134' title='bbox 1411 3217 1430 3271; x_wconf 86' lang='lat'>3</span> <span class='ocrx_word' id='word_1_135' title='bbox 1497 3198 1858 3269; x_wconf 88' lang='lat' dir='ltr'><strong>secundum,</strong></span> 
     </span>
     <span class='ocr_line' id='line_1_26' title="bbox 313 3290 1859 3366; baseline 0.001 -18"><span class='ocrx_word' id='word_1_136' title='bbox 313 3291 591 3350; x_wconf 87' lang='lat' dir='ltr'><strong>severitas</strong></span> <span class='ocrx_word' id='word_1_137' title='bbox 630 3290 883 3364; x_wconf 80' lang='lat' dir='ltr'><strong>justitiae.</strong></span> <span class='ocrx_word' id='word_1_138' title='bbox 933 3291 1097 3351; x_wconf 89' lang='lat' dir='ltr'><strong>Unde</strong></span> <span class='ocrx_word' id='word_1_139' title='bbox 1145 3307 1268 3349; x_wconf 92' lang='lat' dir='ltr'><strong>non</strong></span> <span class='ocrx_word' id='word_1_140' title='bbox 1322 3292 1579 3351; x_wconf 88' lang='lat' dir='ltr'><strong>absurde</strong></span> <span class='ocrx_word' id='word_1_141' title='bbox 1631 3292 1859 3366; x_wconf 90' lang='lat' dir='ltr'><strong>primus</strong></span> 
     </span>
    </p>
   </div>
   <div class='ocr_carea' id='block_1_7' title="bbox 64 3384 1860 3471">
    <p class='ocr_par' dir='ltr' id='par_1_7' title="bbox 64 3384 1860 3471">
     <span class='ocr_line' id='line_1_27' title="bbox 64 3384 1860 3471; baseline 0.003 -29"><span class='ocrx_word' id='word_1_142' title='bbox 64 3401 164 3444; x_wconf 68' lang='lat' dir='ltr'><strong>rho</strong></span> <span class='ocrx_word' id='word_1_143' title='bbox 176 3398 286 3455; x_wconf 78' lang='lat' dir='ltr'><strong>qnid</strong></span> <span class='ocrx_word' id='word_1_144' title='bbox 314 3384 652 3444; x_wconf 88' lang='lat' dir='ltr'><strong>octonarius</strong></span> <span class='ocrx_word' id='word_1_145' title='bbox 691 3385 951 3444; x_wconf 88' lang='lat' dir='ltr'><strong>initiatur</strong></span> <span class='ocrx_word' id='word_1_146' title='bbox 1006 3386 1083 3445; x_wconf 92' lang='lat' dir='ltr'><strong>ab</strong></span> <span class='ocrx_word' id='word_1_147' title='bbox 1112 3385 1227 3444; x_wconf 91' lang='lat' dir='ltr'><strong>hac</strong></span> <span class='ocrx_word' id='word_1_148' title='bbox 1278 3385 1467 3445; x_wconf 88' lang='lat' dir='ltr'><strong>littera</strong></span> <span class='ocrx_word' id='word_1_149' title='bbox 1520 3386 1670 3471; x_wconf 72' lang='lat' dir='ltr'><strong>Phe,</strong></span> <span class='ocrx_word' id='word_1_150' title='bbox 1727 3402 1860 3460; x_wconf 82' lang='lat' dir='ltr'><strong>quae</strong></span> 
     </span>
    </p>
   </div>
   <div class='ocr_carea' id='block_1_8' title="bbox 313 3477 1860 3554">
    <p class='ocr_par' dir='ltr' id='par_1_8' title="bbox 313 3477 1860 3554">
     <span class='ocr_line' id='line_1_28' title="bbox 313 3477 1860 3554; baseline 0.001 -18"><span class='ocrx_word' id='word_1_151' title='bbox 313 3477 725 3554; x_wconf 87' lang='lat' dir='ltr'><strong>interpretatur</strong></span> <span class='ocrx_word' id='word_1_152' title='bbox 779 3496 836 3537; x_wconf 82' lang='lat' dir='ltr'><strong>os</strong></span> <span class='ocrx_word' id='word_1_153' title='bbox 884 3480 962 3537; x_wconf 88' lang='lat' dir='ltr'><strong>ab</strong></span> <span class='ocrx_word' id='word_1_154' title='bbox 1015 3497 1142 3553; x_wconf 82' lang='lat' dir='ltr'><strong>ore;</strong></span> <span class='ocrx_word' id='word_1_155' title='bbox 1200 3479 1342 3553; x_wconf 90' lang='lat' dir='ltr'><strong>quia</strong></span> <span class='ocrx_word' id='word_1_156' title='bbox 1389 3479 1604 3538; x_wconf 89' lang='lat' dir='ltr'><strong>veritas</strong></span> <span class='ocrx_word' id='word_1_157' title='bbox 1658 3484 1745 3539; x_wconf 89' lang='lat' dir='ltr'><strong>est</strong></span> <span class='ocrx_word' id='word_1_158' title='bbox 1792 3496 1860 3538; x_wconf 91' lang='lat' dir='ltr'><strong>os</strong></span> 
     </span>
    </p>
   </div>
   <div class='ocr_carea' id='block_1_9' title="bbox 124 3575 1856 3650">
    <p class='ocr_par' dir='ltr' id='par_1_9' title="bbox 124 3575 1856 3650">
     <span class='ocr_line' id='line_1_29' title="bbox 124 3575 1856 3650; baseline 0.001 -17"><span class='ocrx_word' id='word_1_159' title='bbox 124 3581 266 3640; x_wconf 74' lang='lat' dir='ltr'><strong>sade.</strong></span> <span class='ocrx_word' id='word_1_160' title='bbox 313 3575 654 3650; x_wconf 82' lang='lat' dir='ltr'><strong>sapientise3</strong></span> <span class='ocrx_word' id='word_1_161' title='bbox 684 3575 1013 3633; x_wconf 88' lang='lat' dir='ltr'><strong>secundum</strong></span> <span class='ocrx_word' id='word_1_162' title='bbox 1044 3581 1111 3645; x_wconf 82' lang='lat' dir='ltr'><strong>(a)</strong></span> <span class='ocrx_word' id='word_1_163' title='bbox 1153 3579 1351 3633; x_wconf 88' lang='lat' dir='ltr'><strong>autem</strong></span> <span class='ocrx_word' id='word_1_164' title='bbox 1379 3590 1416 3633; x_wconf 90' lang='lat' dir='ltr'><strong>a</strong></span> <span class='ocrx_word' id='word_1_165' title='bbox 1441 3575 1591 3633; x_wconf 90' lang='lat' dir='ltr'><strong>Sade</strong></span> <span class='ocrx_word' id='word_1_166' title='bbox 1627 3575 1819 3635; x_wconf 86' lang='lat' dir='ltr'><strong>littera</strong></span> <span class='ocrx_word' id='word_1_167' title='bbox 1837 3618 1856 3649; x_wconf 92' lang='lat'><strong>,</strong></span> 
     </span>
    </p>
   </div>
   <div class='ocr_carea' id='block_1_10' title="bbox 312 3668 1864 5351">
    <p class='ocr_par' dir='ltr' id='par_1_10' title="bbox 312 3668 1864 5351">
     <span class='ocr_line' id='line_1_30' title="bbox 315 3668 1857 3744; baseline 0.002 -18"><span class='ocrx_word' id='word_1_168' title='bbox 315 3686 450 3744; x_wconf 66' lang='lat' dir='ltr'><strong>quae</strong></span> <span class='ocrx_word' id='word_1_169' title='bbox 488 3670 899 3744; x_wconf 84' lang='lat' dir='ltr'><strong>interpretatur</strong></span> <span class='ocrx_word' id='word_1_170' title='bbox 930 3670 1176 3742; x_wconf 79' lang='lat' dir='ltr'><strong>justitia.</strong></span> <span class='ocrx_word' id='word_1_171' title='bbox 1216 3668 1434 3726; x_wconf 83' lang='lat' dir='ltr'><strong>Veritas</strong></span> <span class='ocrx_word' id='word_1_172' title='bbox 1476 3685 1718 3744; x_wconf 91' lang='lat' dir='ltr'><strong>quoque</strong></span> <span class='ocrx_word' id='word_1_173' title='bbox 1762 3685 1857 3729; x_wconf 86' lang='lat' dir='ltr'><strong>sa·</strong></span> 
     </span>
     <span class='ocr_line' id='line_1_31' title="bbox 312 3763 1859 3838; baseline 0.001 -17"><span class='ocrx_word' id='word_1_174' title='bbox 312 3764 543 3837; x_wconf 66' lang='lat' dir='ltr'><strong>pientiae</strong></span> <span class='ocrx_word' id='word_1_175' title='bbox 592 3763 970 3837; x_wconf 85' lang='lat' dir='ltr'><strong>distinguitur</strong></span> <span class='ocrx_word' id='word_1_176' title='bbox 1024 3764 1087 3822; x_wconf 94' lang='lat' dir='ltr'><strong>in</strong></span> <span class='ocrx_word' id='word_1_177' title='bbox 1140 3763 1567 3837; x_wconf 77' lang='lat' dir='ltr'><strong>speculativam</strong></span> <span class='ocrx_word' id='word_1_178' title='bbox 1586 3807 1605 3836; x_wconf 93' lang='lat'><strong>,</strong></span> <span class='ocrx_word' id='word_1_179' title='bbox 1662 3764 1859 3838; x_wconf 88' lang='lat' dir='ltr'><strong>primo</strong></span> 
     </span>
     <span class='ocr_line' id='line_1_32' title="bbox 316 3858 1858 3935; baseline 0.001 -19"><span class='ocrx_word' id='word_1_180' title='bbox 316 3859 692 3932; x_wconf 85' lang='lat' dir='ltr'><strong>quaternario</strong></span> <span class='ocrx_word' id='word_1_181' title='bbox 729 3858 1151 3935; x_wconf 82' lang='lat' dir='ltr'><strong>conjugatam3</strong></span> <span class='ocrx_word' id='word_1_182' title='bbox 1184 3865 1241 3915; x_wconf 90' lang='lat' dir='ltr'><strong>et</strong></span> <span class='ocrx_word' id='word_1_183' title='bbox 1268 3858 1540 3930; x_wconf 82' lang='lat' dir='ltr'><strong>activam,</strong></span> <span class='ocrx_word' id='word_1_184' title='bbox 1570 3858 1858 3917; x_wconf 89' lang='lat' dir='ltr'><strong>secunda-</strong></span> 
     </span>
     <span class='ocr_line' id='line_1_33' title="bbox 314 3952 1860 4028; baseline 0.001 -18"><span class='ocrx_word' id='word_1_185' title='bbox 314 3953 405 4010; x_wconf 93' lang='lat' dir='ltr'><strong>rio</strong></span> <span class='ocrx_word' id='word_1_186' title='bbox 432 3953 502 4026; x_wconf 87' lang='lat' dir='ltr'><strong>(b)</strong></span> <span class='ocrx_word' id='word_1_187' title='bbox 533 3953 889 4028; x_wconf 80' lang='lat' dir='ltr'><strong>copulatam.</strong></span> <span class='ocrx_word' id='word_1_188' title='bbox 921 3953 1148 4012; x_wconf 89' lang='lat' dir='ltr'><strong>Primus</strong></span> <span class='ocrx_word' id='word_1_189' title='bbox 1176 3952 1586 4028; x_wconf 88' lang='lat' dir='ltr'><strong>quaternarius</strong></span> <span class='ocrx_word' id='word_1_190' title='bbox 1616 3952 1860 4028; x_wconf 88' lang='lat' dir='ltr'><strong>quadri-</strong></span> 
     </span>
     <span class='ocr_line' id='line_1_34' title="bbox 314 4046 1859 4123; baseline 0 -18"><span class='ocrx_word' id='word_1_191' title='bbox 314 4047 596 4121; x_wconf 85' lang='lat' dir='ltr'><strong>partitur3</strong></span> <span class='ocrx_word' id='word_1_192' title='bbox 641 4047 783 4123; x_wconf 88' lang='lat' dir='ltr'><strong>quia</strong></span> <span class='ocrx_word' id='word_1_193' title='bbox 811 4047 1025 4105; x_wconf 83' lang='lat' dir='ltr'><strong>divinae</strong></span> <span class='ocrx_word' id='word_1_194' title='bbox 1053 4048 1270 4106; x_wconf 86' lang='lat' dir='ltr'><strong>veritas</strong></span> <span class='ocrx_word' id='word_1_195' title='bbox 1297 4046 1598 4122; x_wconf 83' lang='lat' dir='ltr'><strong>sapientiae</strong></span> <span class='ocrx_word' id='word_1_196' title='bbox 1624 4047 1859 4123; x_wconf 91' lang='lat' dir='ltr'><strong>sapien-</strong></span> 
     </span>
     <span class='ocr_line' id='line_1_35' title="bbox 316 4141 1861 4216; baseline 0.002 -19"><span class='ocrx_word' id='word_1_197' title='bbox 316 4141 474 4199; x_wconf 87' lang='lat' dir='ltr'><strong>tibus</strong></span> <span class='ocrx_word' id='word_1_198' title='bbox 514 4142 843 4200; x_wconf 90' lang='lat' dir='ltr'><strong>secundum</strong></span> <span class='ocrx_word' id='word_1_199' title='bbox 871 4157 1111 4201; x_wconf 89' lang='lat' dir='ltr'><strong>carnem</strong></span> <span class='ocrx_word' id='word_1_200' title='bbox 1149 4141 1568 4213; x_wconf 87' lang='lat' dir='ltr'><strong>absconditur,</strong></span> <span class='ocrx_word' id='word_1_201' title='bbox 1596 4141 1861 4216; x_wconf 90' lang='lat' dir='ltr'><strong>parvulis</strong></span> 
     </span>
     <span class='ocr_line' id='line_1_36' title="bbox 318 4235 1859 4311; baseline 0 -19"><span class='ocrx_word' id='word_1_202' title='bbox 318 4235 664 4305; x_wconf 86' lang='lat' dir='ltr'><strong>ostenditur,</strong></span> <span class='ocrx_word' id='word_1_203' title='bbox 686 4253 795 4311; x_wconf 91' lang='lat' dir='ltr'><strong>per</strong></span> <span class='ocrx_word' id='word_1_204' title='bbox 826 4235 1156 4295; x_wconf 87' lang='lat' dir='ltr'><strong>orationem</strong></span> <span class='ocrx_word' id='word_1_205' title='bbox 1184 4236 1513 4306; x_wconf 87' lang='lat' dir='ltr'><strong>attrahitur,</strong></span> <span class='ocrx_word' id='word_1_206' title='bbox 1543 4251 1651 4310; x_wconf 87' lang='lat' dir='ltr'><strong>per</strong></span> <span class='ocrx_word' id='word_1_207' title='bbox 1677 4235 1859 4293; x_wconf 87' lang='lat' dir='ltr'><strong>dilec-</strong></span> 
     </span>
     <span class='ocr_line' id='line_1_37' title="bbox 316 4317 1860 4405; baseline 0.001 -19"><span class='ocrx_word' id='word_1_208' title='bbox 316 4317 871 4405; x_wconf 67' lang='lat' dir='ltr'><strong>tionem&#39;accipitur,</strong></span> <span class='ocrx_word' id='word_1_209' title='bbox 902 4330 1052 4388; x_wconf 89' lang='lat' dir='ltr'><strong>sicut</strong></span> <span class='ocrx_word' id='word_1_210' title='bbox 1071 4330 1165 4389; x_wconf 90' lang='lat' dir='ltr'><strong>bis</strong></span> <span class='ocrx_word' id='word_1_211' title='bbox 1191 4329 1347 4388; x_wconf 87' lang='lat' dir='ltr'><strong>binis</strong></span> <span class='ocrx_word' id='word_1_212' title='bbox 1374 4329 1643 4387; x_wconf 90' lang='lat' dir='ltr'><strong>versibus</strong></span> <span class='ocrx_word' id='word_1_213' title='bbox 1669 4329 1860 4403; x_wconf 88' lang='lat' dir='ltr'><strong>aperi-</strong></span> 
     </span>
     <span class='ocr_line' id='line_1_38' title="bbox 318 4422 1858 4499; baseline 0.001 -19"><span class='ocrx_word' id='word_1_214' title='bbox 318 4426 430 4481; x_wconf 91' lang='lat' dir='ltr'><strong>tur.</strong></span> <span class='ocrx_word' id='word_1_215' title='bbox 481 4423 707 4482; x_wconf 88' lang='lat' dir='ltr'><strong>Primus</strong></span> <span class='ocrx_word' id='word_1_216' title='bbox 753 4440 959 4483; x_wconf 90' lang='lat' dir='ltr'><strong>versus</strong></span> <span class='ocrx_word' id='word_1_217' title='bbox 1006 4422 1320 4499; x_wconf 81' lang='lat' dir='ltr'><strong>praetendit</strong></span> <span class='ocrx_word' id='word_1_218' title='bbox 1369 4422 1719 4497; x_wconf 87' lang='lat' dir='ltr'><strong>sapientiam</strong></span> <span class='ocrx_word' id='word_1_219' title='bbox 1766 4438 1858 4481; x_wconf 90' lang='lat' dir='ltr'><strong>sa-</strong></span> 
     </span>
     <span class='ocr_line' id='line_1_39' title="bbox 317 4516 1861 4591; baseline 0.001 -17"><span class='ocrx_word' id='word_1_220' title='bbox 317 4517 612 4591; x_wconf 90' lang='lat' dir='ltr'><strong>pientibus</strong></span> <span class='ocrx_word' id='word_1_221' title='bbox 678 4519 1021 4578; x_wconf 90' lang='lat' dir='ltr'><strong>memoratis</strong></span> <span class='ocrx_word' id='word_1_222' title='bbox 1097 4516 1510 4577; x_wconf 83' lang='lat' dir='ltr'><strong>absconditam</strong></span> <span class='ocrx_word' id='word_1_223' title='bbox 1532 4560 1552 4590; x_wconf 96' lang='lat'><strong>,</strong></span> <span class='ocrx_word' id='word_1_224' title='bbox 1617 4521 1861 4591; x_wconf 88' lang='lat' dir='ltr'><strong>propter</strong></span> 
     </span>
     <span class='ocr_line' id='line_1_40' title="bbox 319 4609 1862 4688; baseline 0 -18"><span class='ocrx_word' id='word_1_225' title='bbox 319 4613 876 4688; x_wconf 88' lang='lat' dir='ltr'><strong>contemplationem</strong></span> <span class='ocrx_word' id='word_1_226' title='bbox 918 4612 1359 4687; x_wconf 90' lang='lat' dir='ltr'><strong>incompletam.</strong></span> <span class='ocrx_word' id='word_1_227' title='bbox 1405 4613 1553 4669; x_wconf 91' lang='lat' dir='ltr'><strong>Cum</strong></span> <span class='ocrx_word' id='word_1_228' title='bbox 1595 4609 1755 4669; x_wconf 89' lang='lat' dir='ltr'><strong>enim</strong></span> <span class='ocrx_word' id='word_1_229' title='bbox 1797 4610 1862 4670; x_wconf 91' lang='lat' dir='ltr'><strong>in</strong></span> 
     </span>
     <span class='ocr_line' id='line_1_41' title="bbox 320 4705 1863 4783; baseline -0.001 -17"><span class='ocrx_word' id='word_1_230' title='bbox 320 4707 829 4783; x_wconf 87' lang='lat' dir='ltr'><strong>contemplationis</strong></span> <span class='ocrx_word' id='word_1_231' title='bbox 855 4707 1093 4780; x_wconf 86' lang='lat' dir='ltr'><strong>negotio</strong></span> <span class='ocrx_word' id='word_1_232' title='bbox 1127 4705 1505 4781; x_wconf 82' lang='lat' dir='ltr'><strong>quadruplex</strong></span> <span class='ocrx_word' id='word_1_233' title='bbox 1528 4705 1863 4765; x_wconf 85' lang='lat' dir='ltr'><strong>inveniatur</strong></span> 
     </span>
     <span class='ocr_line' id='line_1_42' title="bbox 320 4799 1864 4875; baseline -0.001 -15"><span class='ocrx_word' id='word_1_234' title='bbox 320 4802 470 4861; x_wconf 89' lang='lat' dir='ltr'><strong>actio</strong></span> <span class='ocrx_word' id='word_1_235' title='bbox 490 4843 511 4875; x_wconf 91' lang='lat'><strong>,</strong></span> <span class='ocrx_word' id='word_1_236' title='bbox 539 4802 758 4860; x_wconf 90' lang='lat' dir='ltr'><strong>scilicet</strong></span> <span class='ocrx_word' id='word_1_237' title='bbox 800 4799 1115 4860; x_wconf 85' lang='lat' dir='ltr'><strong>admiratio</strong></span> <span class='ocrx_word' id='word_1_238' title='bbox 1136 4841 1156 4871; x_wconf 96' lang='lat'><strong>,</strong></span> <span class='ocrx_word' id='word_1_239' title='bbox 1197 4799 1615 4874; x_wconf 88' lang='lat' dir='ltr'><strong>perscrutatio,</strong></span> <span class='ocrx_word' id='word_1_240' title='bbox 1644 4799 1864 4858; x_wconf 91' lang='lat' dir='ltr'><strong>illumi-</strong></span> 
     </span>
     <span class='ocr_line' id='line_1_43' title="bbox 319 4890 1862 4970; baseline 0.001 -18"><span class='ocrx_word' id='word_1_241' title='bbox 319 4897 480 4956; x_wconf 86' lang='lat' dir='ltr'><strong>natio</strong></span> <span class='ocrx_word' id='word_1_242' title='bbox 497 4940 517 4970; x_wconf 96' lang='lat'><strong>,</strong></span> <span class='ocrx_word' id='word_1_243' title='bbox 557 4895 902 4969; x_wconf 86' lang='lat' dir='ltr'><strong>delectatio;</strong></span> <span class='ocrx_word' id='word_1_244' title='bbox 945 4894 1222 4953; x_wconf 87' lang='lat' dir='ltr'><strong>videntur</strong></span> <span class='ocrx_word' id='word_1_245' title='bbox 1249 4890 1719 4968; x_wconf 84' lang='lat' dir='ltr'><strong>contemplativis</strong></span> <span class='ocrx_word' id='word_1_246' title='bbox 1756 4911 1862 4953; x_wconf 82' lang='lat' dir='ltr'><strong>sae-</strong></span> 
     </span>
     <span class='ocr_line' id='line_1_44' title="bbox 322 4988 1864 5066; baseline 0.002 -20"><span class='ocrx_word' id='word_1_247' title='bbox 322 4990 618 5050; x_wconf 89' lang='lat' dir='ltr'><strong>cularibus</strong></span> <span class='ocrx_word' id='word_1_248' title='bbox 655 4991 789 5049; x_wconf 71' lang='lat' dir='ltr'><strong>duae</strong></span> <span class='ocrx_word' id='word_1_249' title='bbox 823 4988 1059 5066; x_wconf 70' lang='lat' dir='ltr'><strong>primm,</strong></span> <span class='ocrx_word' id='word_1_250' title='bbox 1090 4988 1558 5063; x_wconf 87' lang='lat' dir='ltr'><strong>contemplativis</strong></span> <span class='ocrx_word' id='word_1_251' title='bbox 1594 4988 1864 5063; x_wconf 79' lang='lat' dir='ltr'><strong>spiritua-</strong></span> 
     </span>
     <span class='ocr_line' id='line_1_45' title="bbox 321 5083 1860 5159; baseline 0.001 -19"><span class='ocrx_word' id='word_1_252' title='bbox 321 5083 477 5143; x_wconf 88' lang='lat' dir='ltr'><strong>libus</strong></span> <span class='ocrx_word' id='word_1_253' title='bbox 546 5087 679 5144; x_wconf 82' lang='lat' dir='ltr'><strong>duoe</strong></span> <span class='ocrx_word' id='word_1_254' title='bbox 730 5083 1067 5145; x_wconf 68' lang='lat' dir='ltr'><strong>novissimae</strong></span> <span class='ocrx_word' id='word_1_255' title='bbox 1090 5127 1112 5157; x_wconf 92' lang='lat'><strong>,</strong></span> <span class='ocrx_word' id='word_1_256' title='bbox 1169 5083 1453 5142; x_wconf 84' lang='lat' dir='ltr'><strong>divinitus</strong></span> <span class='ocrx_word' id='word_1_257' title='bbox 1506 5084 1797 5159; x_wconf 74' lang='lat' dir='ltr'><strong>deputatae</strong></span> <span class='ocrx_word' id='word_1_258' title='bbox 1844 5102 1860 5142; x_wconf 72' lang='grc' dir='ltr'><em>ε</em></span> 
     </span>
     <span class='ocr_line' id='line_1_46' title="bbox 322 5175 1862 5254; baseline 0 -15"><span class='ocrx_word' id='word_1_259' title='bbox 322 5175 488 5254; x_wconf 74' lang='lat' dir='ltr'><strong>quod</strong></span> <span class='ocrx_word' id='word_1_260' title='bbox 526 5180 657 5239; x_wconf 88' lang='lat' dir='ltr'><strong>luce</strong></span> <span class='ocrx_word' id='word_1_261' title='bbox 702 5179 918 5240; x_wconf 88' lang='lat' dir='ltr'><strong>clarius</strong></span> <span class='ocrx_word' id='word_1_262' title='bbox 959 5179 1219 5239; x_wconf 88' lang='lat' dir='ltr'><strong>declarat</strong></span> <span class='ocrx_word' id='word_1_263' title='bbox 1256 5176 1753 5253; x_wconf 85' lang='lat' dir='ltr'><strong>Psalmographus</strong></span> <span class='ocrx_word' id='word_1_264' title='bbox 1799 5178 1862 5239; x_wconf 93' lang='lat' dir='ltr'><strong>in</strong></span> 
     </span>
     <span class='ocr_line' id='line_1_47' title="bbox 319 5273 1860 5351; baseline -0.001 -19"><span class='ocrx_word' id='word_1_265' title='bbox 319 5289 575 5348; x_wconf 89' lang='lat' dir='ltr'><strong>persona</strong></span> <span class='ocrx_word' id='word_1_266' title='bbox 613 5275 823 5335; x_wconf 90' lang='lat' dir='ltr'><strong>talium</strong></span> <span class='ocrx_word' id='word_1_267' title='bbox 868 5273 1256 5351; x_wconf 89' lang='lat' dir='ltr'><strong>sapientium,</strong></span> <span class='ocrx_word' id='word_1_268' title='bbox 1300 5273 1491 5333; x_wconf 89' lang='lat' dir='ltr'><strong>taliter</strong></span> <span class='ocrx_word' id='word_1_269' title='bbox 1547 5273 1808 5334; x_wconf 90' lang='lat' dir='ltr'><strong>elocutus</strong></span> <span class='ocrx_word' id='word_1_270' title='bbox 1845 5292 1860 5331; x_wconf 91' lang='lat'>:</span> 
     </span>
    </p>
   </div>
   <div class='ocr_carea' id='block_1_11' title="bbox 328 5395 1863 5534">
    <p class='ocr_par' dir='ltr' id='par_1_11' title="bbox 328 5395 1863 5534">
     <span class='ocr_line' id='line_1_48' title="bbox 386 5395 1863 5465; baseline 0 -17"><span class='ocrx_word' id='word_1_271' title='bbox 386 5399 400 5428; x_wconf 78' lang='lat'><strong>¹</strong></span> <span class='ocrx_word' id='word_1_272' title='bbox 430 5396 568 5449; x_wconf 76' lang='lat' dir='ltr'><strong>Psal.</strong></span> <span class='ocrx_word' id='word_1_273' title='bbox 594 5398 714 5463; x_wconf 90' lang='lat' dir='ltr'><strong>hoc,</strong></span> <span class='ocrx_word' id='word_1_274' title='bbox 742 5402 820 5453; x_wconf 84' lang='lat'><strong>18.</strong></span> <span class='ocrx_word' id='word_1_275' title='bbox 846 5425 911 5437; x_wconf 93' lang='lat'>—</span> <span class='ocrx_word' id='word_1_276' title='bbox 938 5399 957 5429; x_wconf 88' lang='lat'>²</span> <span class='ocrx_word' id='word_1_277' title='bbox 984 5396 1166 5465; x_wconf 61' lang='lat' dir='ltr'><strong>Boc-IL,</strong></span> <span class='ocrx_word' id='word_1_278' title='bbox 1196 5409 1276 5463; x_wconf 80' lang='lat'><strong>11,</strong></span> <span class='ocrx_word' id='word_1_279' title='bbox 1303 5400 1351 5449; x_wconf 77' lang='lat'><strong>4.</strong></span> <span class='ocrx_word' id='word_1_280' title='bbox 1384 5421 1449 5435; x_wconf 91' lang='lat'>—</span> <span class='ocrx_word' id='word_1_281' title='bbox 1477 5396 1497 5427; x_wconf 83' lang='lat'>⁸</span> <span class='ocrx_word' id='word_1_282' title='bbox 1528 5395 1673 5448; x_wconf 72' lang='lat' dir='ltr'><strong>Psal.</strong></span> <span class='ocrx_word' id='word_1_283' title='bbox 1697 5409 1778 5462; x_wconf 87' lang='lat' dir='ltr'><strong>cv,</strong></span> <span class='ocrx_word' id='word_1_284' title='bbox 1810 5400 1863 5448; x_wconf 82' lang='lat'><strong>7.</strong></span> 
     </span>
     <span class='ocr_line' id='line_1_49' title="bbox 328 5467 1858 5534; baseline 0 -13"><span class='ocrx_word' id='word_1_285' title='bbox 328 5494 381 5505; x_wconf 89' lang='lat'>—</span> <span class='ocrx_word' id='word_1_286' title='bbox 403 5468 623 5534; x_wconf 75' lang='lat' dir='ltr'><strong>⁴·Dion.,</strong></span> <span class='ocrx_word' id='word_1_287' title='bbox 650 5472 711 5521; x_wconf 85' lang='lat' dir='ltr'><strong>de</strong></span> <span class='ocrx_word' id='word_1_288' title='bbox 738 5472 860 5523; x_wconf 80' lang='lat' dir='ltr'><strong>Coel.</strong></span> <span class='ocrx_word' id='word_1_289' title='bbox 892 5473 1054 5534; x_wconf 67' lang='lat' dir='ltr'><strong>Hier„</strong></span> <span class='ocrx_word' id='word_1_290' title='bbox 1082 5486 1128 5522; x_wconf 89' lang='lat' dir='ltr'><strong>c.</strong></span> <span class='ocrx_word' id='word_1_291' title='bbox 1161 5482 1197 5522; x_wconf 86' lang='lat'><strong>1.</strong></span> <span class='ocrx_word' id='word_1_292' title='bbox 1219 5497 1282 5509; x_wconf 93' lang='grc'>-</span> <span class='ocrx_word' id='word_1_293' title='bbox 1309 5472 1332 5508; x_wconf 80' lang='lat'>⁸</span> <span class='ocrx_word' id='word_1_294' title='bbox 1352 5467 1489 5521; x_wconf 77' lang='lat' dir='ltr'><strong>Psal.</strong></span> <span class='ocrx_word' id='word_1_295' title='bbox 1512 5468 1634 5533; x_wconf 86' lang='lat' dir='ltr'><strong>hoc,</strong></span> <span class='ocrx_word' id='word_1_296' title='bbox 1662 5472 1770 5521; x_wconf 78' lang='lat'><strong>119.</strong></span> <span class='ocrx_word' id='word_1_297' title='bbox 1805 5496 1858 5507; x_wconf 88' lang='lat'>-</span> 
     </span>
    </p>
   </div>
   <div class='ocr_carea' id='block_1_12' title="bbox 3377 521 3496 583">
    <p class='ocr_par' dir='ltr' id='par_1_12' title="bbox 3377 521 3496 583">
     <span class='ocr_line' id='line_1_50' title="bbox 3377 521 3496 583; baseline 0 0"><span class='ocrx_word' id='word_1_298' title='bbox 3377 521 3496 583; x_wconf 75' lang='lat'><strong>483</strong></span> 
     </span>
    </p>
   </div>
   <div class='ocr_carea' id='block_1_13' title="bbox 1954 646 3500 1195">
    <p class='ocr_par' dir='ltr' id='par_1_13' title="bbox 1954 646 3500 1195">
     <span class='ocr_line' id='line_1_51' title="bbox 1955 646 3499 722; baseline 0.003 -16"><span class='ocrx_word' id='word_1_299' title='bbox 1955 649 2260 719; x_wconf 77' lang='lat' dir='ltr'><strong>Mirabilia,</strong></span> <span class='ocrx_word' id='word_1_300' title='bbox 2290 648 2424 719; x_wconf 71' lang='lat' dir='ltr'><strong>etc„</strong></span> <span class='ocrx_word' id='word_1_301' title='bbox 2453 647 2625 721; x_wconf 86' lang='lat' dir='ltr'><strong>quasi</strong></span> <span class='ocrx_word' id='word_1_302' title='bbox 2662 646 2914 720; x_wconf 84' lang='lat' dir='ltr'><strong>diceret3</strong></span> <span class='ocrx_word' id='word_1_303' title='bbox 2953 649 3121 722; x_wconf 89' lang='lat' dir='ltr'><strong>quod</strong></span> <span class='ocrx_word' id='word_1_304' title='bbox 3147 651 3385 710; x_wconf 87' lang='lat' dir='ltr'><strong>testatus</strong></span> <span class='ocrx_word' id='word_1_305' title='bbox 3412 657 3499 711; x_wconf 86' lang='lat' dir='ltr'><strong>est</strong></span> 
     </span>
     <span class='ocr_line' id='line_1_52' title="bbox 1954 740 3492 814; baseline 0.004 -16"><span class='ocrx_word' id='word_1_306' title='bbox 1954 743 2137 814; x_wconf 79' lang='lat' dir='ltr'><strong>DeuS,</strong></span> <span class='ocrx_word' id='word_1_307' title='bbox 2183 740 2428 808; x_wconf 84' lang='lat' dir='ltr'><strong>miratus</strong></span> <span class='ocrx_word' id='word_1_308' title='bbox 2473 743 2531 800; x_wconf 86' lang='lat' dir='ltr'><strong>et</strong></span> <span class='ocrx_word' id='word_1_309' title='bbox 2577 744 2864 801; x_wconf 89' lang='lat' dir='ltr'><strong>scrutatus</strong></span> <span class='ocrx_word' id='word_1_310' title='bbox 2901 746 2987 801; x_wconf 89' lang='lat' dir='ltr'><strong>est</strong></span> <span class='ocrx_word' id='word_1_311' title='bbox 3028 743 3262 803; x_wconf 87' lang='lat' dir='ltr'><strong>animus</strong></span> <span class='ocrx_word' id='word_1_312' title='bbox 3304 762 3492 804; x_wconf 86' lang='lat' dir='ltr'><strong>meus.</strong></span> 
     </span>
     <span class='ocr_line' id='line_1_53' title="bbox 1954 835 3500 912; baseline 0.005 -19"><span class='ocrx_word' id='word_1_313' title='bbox 1954 839 2159 893; x_wconf 89' lang='lat' dir='ltr'><strong>Nonne</strong></span> <span class='ocrx_word' id='word_1_314' title='bbox 2196 835 2364 893; x_wconf 87' lang='lat' dir='ltr'><strong>vides</strong></span> <span class='ocrx_word' id='word_1_315' title='bbox 2392 840 2588 896; x_wconf 88' lang='lat' dir='ltr'><strong>actum</strong></span> <span class='ocrx_word' id='word_1_316' title='bbox 2622 837 2923 911; x_wconf 89' lang='lat' dir='ltr'><strong>duplicem</strong></span> <span class='ocrx_word' id='word_1_317' title='bbox 2954 838 3322 912; x_wconf 68' lang='lat' dir='ltr'><strong>interiectum</strong></span> <span class='ocrx_word' id='word_1_318' title='bbox 3348 841 3500 900; x_wconf 89' lang='lat' dir='ltr'><strong>inter</strong></span> 
     </span>
     <span class='ocr_line' id='line_1_54' title="bbox 1954 928 3498 1005; baseline 0.005 -19"><span class='ocrx_word' id='word_1_319' title='bbox 1954 928 2315 987; x_wconf 88' lang='lat' dir='ltr'><strong>intellectum</strong></span> <span class='ocrx_word' id='word_1_320' title='bbox 2349 933 2407 988; x_wconf 91' lang='lat' dir='ltr'><strong>et</strong></span> <span class='ocrx_word' id='word_1_321' title='bbox 2434 931 2561 1003; x_wconf 89' lang='lat' dir='ltr'><strong>ejus</strong></span> <span class='ocrx_word' id='word_1_322' title='bbox 2602 931 2929 1005; x_wconf 73' lang='lat' dir='ltr'><strong>obJectum3</strong></span> <span class='ocrx_word' id='word_1_323' title='bbox 2959 936 3016 991; x_wconf 90' lang='lat' dir='ltr'><strong>et</strong></span> <span class='ocrx_word' id='word_1_324' title='bbox 3042 933 3498 994; x_wconf 84' lang='lat' dir='ltr'><strong>admirationem</strong></span> 
     </span>
     <span class='ocr_line' id='line_1_55' title="bbox 1958 1024 3500 1102; baseline 0.006 -22"><span class='ocrx_word' id='word_1_325' title='bbox 1958 1024 2015 1080; x_wconf 91' lang='lat' dir='ltr'><strong>et</strong></span> <span class='ocrx_word' id='word_1_326' title='bbox 2041 1024 2566 1096; x_wconf 87' lang='lat' dir='ltr'><strong>perscrutationem</strong></span> <span class='ocrx_word' id='word_1_327' title='bbox 2584 1068 2605 1098; x_wconf 91' lang='lat'><strong>,</strong></span> <span class='ocrx_word' id='word_1_328' title='bbox 2632 1026 2783 1084; x_wconf 85' lang='lat' dir='ltr'><strong>inter</strong></span> <span class='ocrx_word' id='word_1_329' title='bbox 2815 1026 3262 1100; x_wconf 83' lang='lat' dir='ltr'><strong>intelligentiam</strong></span> <span class='ocrx_word' id='word_1_330' title='bbox 3280 1071 3302 1102; x_wconf 95' lang='lat'><strong>,</strong></span> <span class='ocrx_word' id='word_1_331' title='bbox 3328 1032 3500 1089; x_wconf 90' lang='lat' dir='ltr'><strong>natu-</strong></span> 
     </span>
     <span class='ocr_line' id='line_1_56' title="bbox 1957 1115 3068 1195; baseline 0.003 -21"><span class='ocrx_word' id='word_1_332' title='bbox 1957 1115 2168 1190; x_wconf 89' lang='lat' dir='ltr'><strong>ralem,</strong></span> <span class='ocrx_word' id='word_1_333' title='bbox 2197 1120 2255 1175; x_wconf 88' lang='lat' dir='ltr'><strong>et</strong></span> <span class='ocrx_word' id='word_1_334' title='bbox 2275 1116 2624 1192; x_wconf 89' lang='lat' dir='ltr'><strong>sapientiam</strong></span> <span class='ocrx_word' id='word_1_335' title='bbox 2650 1119 3015 1195; x_wconf 86' lang='lat' dir='ltr'><strong>spiritualem</strong></span> <span class='ocrx_word' id='word_1_336' title='bbox 3038 1122 3068 1177; x_wconf 73' lang='lat' dir='ltr'><strong>‘t</strong></span> 
     </span>
    </p>
   </div>
   <div class='ocr_carea' id='block_1_14' title="bbox 2457 1280 3003 1353">
    <p class='ocr_par' dir='ltr' id='par_1_14' title="bbox 2457 1280 3003 1353">
     <span class='ocr_line' id='line_1_57' title="bbox 2457 1280 3003 1353; baseline 0.005 -19"><span class='ocrx_word' id='word_1_337' title='bbox 2457 1280 2734 1336; x_wconf 74' lang='lat' dir='ltr'><strong>Articulus</strong></span> <span class='ocrx_word' id='word_1_338' title='bbox 2771 1283 3003 1353; x_wconf 78' lang='lat' dir='ltr'><strong>primus.</strong></span> 
     </span>
    </p>
   </div>
   <div class='ocr_carea' id='block_1_15' title="bbox 1960 1400 3508 2973">
    <p class='ocr_par' dir='ltr' id='par_1_15' title="bbox 1960 1400 3508 2973">
     <span class='ocr_line' id='line_1_58' title="bbox 2030 1400 3504 1483; baseline 0.006 -25"><span class='ocrx_word' id='word_1_339' title='bbox 2030 1400 2120 1459; x_wconf 84' lang='lat' dir='ltr'><strong>Ad</strong></span> <span class='ocrx_word' id='word_1_340' title='bbox 2165 1405 2362 1460; x_wconf 90' lang='lat' dir='ltr'><strong>actum</strong></span> <span class='ocrx_word' id='word_1_341' title='bbox 2412 1419 2554 1477; x_wconf 88' lang='lat' dir='ltr'><strong>ergo</strong></span> <span class='ocrx_word' id='word_1_342' title='bbox 2601 1403 3007 1463; x_wconf 90' lang='lat' dir='ltr'><strong>admirationis</strong></span> <span class='ocrx_word' id='word_1_343' title='bbox 3040 1408 3291 1478; x_wconf 88' lang='lat' dir='ltr'><strong>spectat,</strong></span> <span class='ocrx_word' id='word_1_344' title='bbox 3335 1409 3504 1483; x_wconf 89' lang='lat' dir='ltr'><strong>quod</strong></span> 
     </span>
     <span class='ocr_line' id='line_1_59' title="bbox 1962 1486 3502 1576; baseline 0.006 -24"><span class='ocrx_word' id='word_1_345' title='bbox 1962 1497 2157 1552; x_wconf 83' lang='lat' dir='ltr'><strong>cantat</strong></span> <span class='ocrx_word' id='word_1_346' title='bbox 2184 1514 2200 1553; x_wconf 71' lang='grc' dir='ltr'><strong><em>ε</em></strong></span> <span class='ocrx_word' id='word_1_347' title='bbox 2226 1486 2550 1569; x_wconf 73' lang='grc' dir='ltr'><strong>Ὴίναὸἰῑία,</strong></span> <span class='ocrx_word' id='word_1_348' title='bbox 2579 1498 2721 1572; x_wconf 89' lang='lat' dir='ltr'><strong>quia</strong></span> <span class='ocrx_word' id='word_1_349' title='bbox 2747 1497 3046 1558; x_wconf 87' lang='lat' dir='ltr'><strong>mirabilia</strong></span> <span class='ocrx_word' id='word_1_350' title='bbox 3076 1515 3203 1559; x_wconf 90' lang='lat' dir='ltr'><strong>non</strong></span> <span class='ocrx_word' id='word_1_351' title='bbox 3229 1500 3502 1576; x_wconf 86' lang='lat' dir='ltr'><strong>dixisset,</strong></span> 
     </span>
     <span class='ocr_line' id='line_1_60' title="bbox 1960 1587 3504 1665; baseline 0.007 -20"><span class='ocrx_word' id='word_1_352' title='bbox 1960 1587 2073 1646; x_wconf 86' lang='lat' dir='ltr'><strong>nisi</strong></span> <span class='ocrx_word' id='word_1_353' title='bbox 2094 1589 2394 1649; x_wconf 90' lang='lat' dir='ltr'><strong>miseratio</strong></span> <span class='ocrx_word' id='word_1_354' title='bbox 2422 1592 2830 1665; x_wconf 81' lang='lat' dir='ltr'><strong>praecessisset.</strong></span> <span class='ocrx_word' id='word_1_355' title='bbox 2860 1592 3018 1651; x_wconf 87' lang='lat' dir='ltr'><strong>Talia</strong></span> <span class='ocrx_word' id='word_1_356' title='bbox 3039 1593 3339 1654; x_wconf 86' lang='lat' dir='ltr'><strong>mirabilia</strong></span> <span class='ocrx_word' id='word_1_357' title='bbox 3366 1602 3504 1656; x_wconf 84' lang='lat' dir='ltr'><strong>sunt</strong></span> 
     </span>
     <span class='ocr_line' id='line_1_61' title="bbox 1960 1685 3503 1766; baseline 0.006 -25"><span class='ocrx_word' id='word_1_358' title='bbox 1960 1685 2146 1744; x_wconf 84' lang='lat' dir='ltr'><strong>verba</strong></span> <span class='ocrx_word' id='word_1_359' title='bbox 2171 1685 2418 1759; x_wconf 86' lang='lat' dir='ltr'><strong>legalia,</strong></span> <span class='ocrx_word' id='word_1_360' title='bbox 2446 1687 2776 1745; x_wconf 90' lang='lat' dir='ltr'><strong>secundum</strong></span> <span class='ocrx_word' id='word_1_361' title='bbox 2800 1686 3107 1748; x_wconf 88' lang='lat' dir='ltr'><strong>historiam</strong></span> <span class='ocrx_word' id='word_1_362' title='bbox 3130 1694 3368 1766; x_wconf 87' lang='lat' dir='ltr'><strong>aperta,</strong></span> <span class='ocrx_word' id='word_1_363' title='bbox 3395 1693 3503 1751; x_wconf 89' lang='lat' dir='ltr'><strong>sed</strong></span> 
     </span>
     <span class='ocr_line' id='line_1_62' title="bbox 1960 1778 3504 1862; baseline 0.007 -27"><span class='ocrx_word' id='word_1_364' title='bbox 1960 1778 2290 1837; x_wconf 85' lang='lat' dir='ltr'><strong>secundum</strong></span> <span class='ocrx_word' id='word_1_365' title='bbox 2314 1779 2606 1839; x_wconf 89' lang='lat' dir='ltr'><strong>theoriam</strong></span> <span class='ocrx_word' id='word_1_366' title='bbox 2644 1785 2867 1855; x_wconf 87' lang='lat' dir='ltr'><strong>operta.</strong></span> <span class='ocrx_word' id='word_1_367' title='bbox 2899 1785 2966 1841; x_wconf 86' lang='lat' dir='ltr'><strong>Et</strong></span> <span class='ocrx_word' id='word_1_368' title='bbox 2998 1787 3142 1843; x_wconf 88' lang='lat' dir='ltr'><strong>nota</strong></span> <span class='ocrx_word' id='word_1_369' title='bbox 3174 1785 3332 1844; x_wconf 88' lang='lat' dir='ltr'><strong>circa</strong></span> <span class='ocrx_word' id='word_1_370' title='bbox 3355 1802 3504 1862; x_wconf 82' lang='lat' dir='ltr'><strong>prae·</strong></span> 
     </span>
     <span class='ocr_line' id='line_1_63' title="bbox 1962 1872 3503 1957; baseline 0.006 -27"><span class='ocrx_word' id='word_1_371' title='bbox 1962 1872 2119 1932; x_wconf 83' lang='lat' dir='ltr'><strong>dicta</strong></span> <span class='ocrx_word' id='word_1_372' title='bbox 2145 1873 2464 1947; x_wconf 87' lang='lat' dir='ltr'><strong>mirabilia,</strong></span> <span class='ocrx_word' id='word_1_373' title='bbox 2485 1875 2652 1950; x_wconf 91' lang='lat' dir='ltr'><strong>quod</strong></span> <span class='ocrx_word' id='word_1_374' title='bbox 2681 1876 3140 1951; x_wconf 87' lang='lat' dir='ltr'><strong>contemplanda</strong></span> <span class='ocrx_word' id='word_1_375' title='bbox 3161 1884 3298 1939; x_wconf 89' lang='lat' dir='ltr'><strong>sunt</strong></span> <span class='ocrx_word' id='word_1_376' title='bbox 3322 1895 3503 1957; x_wconf 91' lang='lat' dir='ltr'><strong>prop-</strong></span> 
     </span>
     <span class='ocr_line' id='line_1_64' title="bbox 1960 1967 3504 2048; baseline 0.006 -23"><span class='ocrx_word' id='word_1_377' title='bbox 1960 1971 2047 2025; x_wconf 91' lang='lat' dir='ltr'><strong>ter</strong></span> <span class='ocrx_word' id='word_1_378' title='bbox 2082 1967 2194 2026; x_wconf 87' lang='lat' dir='ltr'><strong>tria</strong></span> <span class='ocrx_word' id='word_1_379' title='bbox 2224 1987 2238 2026; x_wconf 76' lang='grc' dir='ltr'><strong><em>ε</em></strong></span> <span class='ocrx_word' id='word_1_380' title='bbox 2281 1968 2424 2044; x_wconf 91' lang='lat' dir='ltr'><strong>quia</strong></span> <span class='ocrx_word' id='word_1_381' title='bbox 2459 1968 2637 2043; x_wconf 83' lang='lat' dir='ltr'><strong>lecta3</strong></span> <span class='ocrx_word' id='word_1_382' title='bbox 2677 1970 2822 2045; x_wconf 90' lang='lat' dir='ltr'><strong>quia</strong></span> <span class='ocrx_word' id='word_1_383' title='bbox 2857 1974 3036 2046; x_wconf 82' lang='lat' dir='ltr'><strong>tecta3</strong></span> <span class='ocrx_word' id='word_1_384' title='bbox 3076 1973 3218 2048; x_wconf 92' lang='lat' dir='ltr'><strong>quia</strong></span> <span class='ocrx_word' id='word_1_385' title='bbox 3254 1990 3378 2034; x_wconf 91' lang='lat' dir='ltr'><strong>non</strong></span> <span class='ocrx_word' id='word_1_386' title='bbox 3412 1975 3504 2033; x_wconf 91' lang='lat' dir='ltr'><strong>in-</strong></span> 
     </span>
     <span class='ocr_line' id='line_1_65' title="bbox 1961 2063 3504 2143; baseline 0.006 -22"><span class='ocrx_word' id='word_1_387' title='bbox 1961 2063 2192 2121; x_wconf 88' lang='lat' dir='ltr'><strong>tellecta</strong></span> <span class='ocrx_word' id='word_1_388' title='bbox 2219 2083 2237 2119; x_wconf 82' lang='lat'><em>=</em></span> <span class='ocrx_word' id='word_1_389' title='bbox 2278 2064 2564 2139; x_wconf 91' lang='lat' dir='ltr'><strong>quoniam</strong></span> <span class='ocrx_word' id='word_1_390' title='bbox 2599 2065 2664 2124; x_wconf 88' lang='lat' dir='ltr'><strong>in</strong></span> <span class='ocrx_word' id='word_1_391' title='bbox 2698 2065 3008 2140; x_wconf 88' lang='lat' dir='ltr'><strong>Scripturis</strong></span> <span class='ocrx_word' id='word_1_392' title='bbox 3051 2067 3368 2143; x_wconf 82' lang='lat' dir='ltr'><strong>leguntur,</strong></span> <span class='ocrx_word' id='word_1_393' title='bbox 3397 2072 3504 2130; x_wconf 86' lang='lat' dir='ltr'><strong>sed</strong></span> 
     </span>
     <span class='ocr_line' id='line_1_66' title="bbox 1962 2156 3505 2231; baseline 0.006 -18"><span class='ocrx_word' id='word_1_394' title='bbox 1962 2156 2168 2230; x_wconf 83' lang='lat' dir='ltr'><strong>figuris</strong></span> <span class='ocrx_word' id='word_1_395' title='bbox 2211 2160 2523 2231; x_wconf 88' lang='lat' dir='ltr'><strong>teguntur,</strong></span> <span class='ocrx_word' id='word_1_396' title='bbox 2563 2161 2623 2217; x_wconf 90' lang='lat' dir='ltr'><strong>et</strong></span> <span class='ocrx_word' id='word_1_397' title='bbox 2664 2159 2743 2218; x_wconf 90' lang='lat' dir='ltr'><strong>ab</strong></span> <span class='ocrx_word' id='word_1_398' title='bbox 2789 2158 3185 2220; x_wconf 85' lang='lat' dir='ltr'><strong>intellectibus</strong></span> <span class='ocrx_word' id='word_1_399' title='bbox 3234 2162 3505 2223; x_wconf 85' lang='lat' dir='ltr'><strong>obscuris</strong></span> 
     </span>
     <span class='ocr_line' id='line_1_67' title="bbox 1961 2251 3506 2332; baseline 0.006 -24"><span class='ocrx_word' id='word_1_400' title='bbox 1961 2264 2086 2308; x_wconf 92' lang='lat' dir='ltr'><strong>non</strong></span> <span class='ocrx_word' id='word_1_401' title='bbox 2111 2251 2536 2325; x_wconf 82' lang='lat' dir='ltr'><strong>intelliguntur.</strong></span> <span class='ocrx_word' id='word_1_402' title='bbox 2565 2254 2644 2310; x_wconf 88' lang='lat' dir='ltr'><strong>De</strong></span> <span class='ocrx_word' id='word_1_403' title='bbox 2674 2253 2872 2328; x_wconf 90' lang='lat' dir='ltr'><strong>primo</strong></span> <span class='ocrx_word' id='word_1_404' title='bbox 2910 2254 3111 2313; x_wconf 86' lang='lat' dir='ltr'><strong>scribit</strong></span> <span class='ocrx_word' id='word_1_405' title='bbox 3135 2256 3506 2332; x_wconf 74' lang='lat' dir='ltr'><strong>psalmogra-</strong></span> 
     </span>
     <span class='ocr_line' id='line_1_68' title="bbox 1961 2344 3500 2424; baseline 0.004 -22"><span class='ocrx_word' id='word_1_406' title='bbox 1961 2344 2117 2418; x_wconf 89' lang='lat' dir='ltr'><strong>phus</strong></span> <span class='ocrx_word' id='word_1_407' title='bbox 2143 2346 2200 2401; x_wconf 84' lang='lat'><strong>¹:</strong></span> <span class='ocrx_word' id='word_1_408' title='bbox 2230 2365 2259 2399; x_wconf 76' lang='grc' dir='ltr'><strong>α</strong></span> <span class='ocrx_word' id='word_1_409' title='bbox 2286 2345 2688 2406; x_wconf 79' lang='lat' dir='ltr'><strong>considerabo</strong></span> <span class='ocrx_word' id='word_1_410' title='bbox 2714 2346 3016 2406; x_wconf 89' lang='lat' dir='ltr'><strong>mirabilia</strong></span> <span class='ocrx_word' id='word_1_411' title='bbox 3039 2350 3114 2408; x_wconf 88' lang='lat' dir='ltr'><strong>de</strong></span> <span class='ocrx_word' id='word_1_412' title='bbox 3143 2350 3272 2424; x_wconf 87' lang='lat' dir='ltr'><strong>lege</strong></span> <span class='ocrx_word' id='word_1_413' title='bbox 3302 2355 3443 2411; x_wconf 88' lang='lat' dir='ltr'><strong>tua:</strong></span> <span class='ocrx_word' id='word_1_414' title='bbox 3470 2374 3500 2408; x_wconf 66' lang='lat' dir='ltr'>n</span> 
     </span>
     <span class='ocr_line' id='line_1_69' title="bbox 1965 2438 3504 2518; baseline 0.007 -23"><span class='ocrx_word' id='word_1_415' title='bbox 1965 2453 2101 2496; x_wconf 87' lang='lat' dir='ltr'><strong>ecce</strong></span> <span class='ocrx_word' id='word_1_416' title='bbox 2140 2438 2439 2498; x_wconf 90' lang='lat' dir='ltr'><strong>mirabilia</strong></span> <span class='ocrx_word' id='word_1_417' title='bbox 2481 2439 2653 2499; x_wconf 89' lang='lat' dir='ltr'><strong>lecta.</strong></span> <span class='ocrx_word' id='word_1_418' title='bbox 2704 2443 2780 2500; x_wconf 89' lang='lat' dir='ltr'><strong>De</strong></span> <span class='ocrx_word' id='word_1_419' title='bbox 2829 2443 3095 2502; x_wconf 91' lang='lat' dir='ltr'><strong>secundo</strong></span> <span class='ocrx_word' id='word_1_420' title='bbox 3138 2444 3393 2518; x_wconf 88' lang='lat' dir='ltr'><strong>legimus</strong></span> <span class='ocrx_word' id='word_1_421' title='bbox 3433 2449 3456 2484; x_wconf 77' lang='lat'>²</span> <span class='ocrx_word' id='word_1_422' title='bbox 3489 2467 3504 2506; x_wconf 75' lang='grc' dir='ltr'><strong><em>ε</em></strong></span> 
     </span>
     <span class='ocr_line' id='line_1_70' title="bbox 1970 2532 3506 2611; baseline 0.008 -23"><span class='ocrx_word' id='word_1_423' title='bbox 1970 2551 1998 2587; x_wconf 83' lang='lat'>«</span> <span class='ocrx_word' id='word_1_424' title='bbox 2025 2532 2315 2592; x_wconf 78' lang='lat' dir='ltr'><strong>Mirabilia</strong></span> <span class='ocrx_word' id='word_1_425' title='bbox 2342 2549 2525 2609; x_wconf 90' lang='lat' dir='ltr'><strong>opera</strong></span> <span class='ocrx_word' id='word_1_426' title='bbox 2554 2535 2854 2608; x_wconf 81' lang='lat' dir='ltr'><strong>Altissimi,</strong></span> <span class='ocrx_word' id='word_1_427' title='bbox 2882 2540 2940 2596; x_wconf 89' lang='lat' dir='ltr'><strong>et</strong></span> <span class='ocrx_word' id='word_1_428' title='bbox 2967 2537 3255 2611; x_wconf 90' lang='lat' dir='ltr'><strong>gloriosa,</strong></span> <span class='ocrx_word' id='word_1_429' title='bbox 3286 2544 3344 2599; x_wconf 91' lang='lat' dir='ltr'><strong>et</strong></span> <span class='ocrx_word' id='word_1_430' title='bbox 3371 2541 3506 2602; x_wconf 88' lang='lat' dir='ltr'><strong>abs·</strong></span> 
     </span>
     <span class='ocr_line' id='line_1_71' title="bbox 1965 2627 3502 2707; baseline 0.009 -26"><span class='ocrx_word' id='word_1_431' title='bbox 1965 2641 2147 2683; x_wconf 87' lang='lat' dir='ltr'><strong>consa</strong></span> <span class='ocrx_word' id='word_1_432' title='bbox 2170 2643 2185 2682; x_wconf 75' lang='grc' dir='ltr'><strong><em>ε</em></strong></span> <span class='ocrx_word' id='word_1_433' title='bbox 2214 2647 2242 2682; x_wconf 69' lang='lat' dir='ltr'>n</span> <span class='ocrx_word' id='word_1_434' title='bbox 2278 2642 2412 2685; x_wconf 87' lang='lat' dir='ltr'><strong>ecce</strong></span> <span class='ocrx_word' id='word_1_435' title='bbox 2437 2627 2739 2688; x_wconf 89' lang='lat' dir='ltr'><strong>mirabilia</strong></span> <span class='ocrx_word' id='word_1_436' title='bbox 2766 2631 3152 2707; x_wconf 87' lang='lat' dir='ltr'><strong>abscondita,</strong></span> <span class='ocrx_word' id='word_1_437' title='bbox 3181 2634 3304 2694; x_wconf 85' lang='lat' dir='ltr'><strong>sive</strong></span> <span class='ocrx_word' id='word_1_438' title='bbox 3333 2639 3502 2695; x_wconf 89' lang='lat' dir='ltr'><strong>tecta.</strong></span> 
     </span>
     <span class='ocr_line' id='line_1_72' title="bbox 1963 2720 3508 2797; baseline 0.01 -21"><span class='ocrx_word' id='word_1_439' title='bbox 1963 2721 2042 2777; x_wconf 88' lang='lat' dir='ltr'><strong>De</strong></span> <span class='ocrx_word' id='word_1_440' title='bbox 2081 2720 2251 2778; x_wconf 89' lang='lat' dir='ltr'><strong>tertio</strong></span> <span class='ocrx_word' id='word_1_441' title='bbox 2293 2737 2535 2796; x_wconf 90' lang='lat' dir='ltr'><strong>quoque</strong></span> <span class='ocrx_word' id='word_1_442' title='bbox 2572 2722 2885 2797; x_wconf 89' lang='lat' dir='ltr'><strong>psallimus</strong></span> <span class='ocrx_word' id='word_1_443' title='bbox 2920 2727 2943 2763; x_wconf 82' lang='lat'>⁸</span> <span class='ocrx_word' id='word_1_444' title='bbox 2984 2744 2998 2783; x_wconf 74' lang='grc' dir='ltr'>ε</span> <span class='ocrx_word' id='word_1_445' title='bbox 3037 2745 3067 2782; x_wconf 73' lang='grc' dir='ltr'><strong>α</strong></span> <span class='ocrx_word' id='word_1_446' title='bbox 3092 2730 3289 2788; x_wconf 86' lang='lat' dir='ltr'><strong>Patres</strong></span> <span class='ocrx_word' id='word_1_447' title='bbox 3323 2732 3508 2790; x_wconf 86' lang='lat' dir='ltr'><strong>nostri</strong></span> 
     </span>
     <span class='ocr_line' id='line_1_73' title="bbox 1963 2811 3500 2889; baseline 0.008 -21"><span class='ocrx_word' id='word_1_448' title='bbox 1963 2811 2027 2869; x_wconf 91' lang='lat' dir='ltr'><strong>in</strong></span> <span class='ocrx_word' id='word_1_449' title='bbox 2057 2816 2311 2889; x_wconf 83' lang='lat' dir='ltr'><strong>AEgypto</strong></span> <span class='ocrx_word' id='word_1_450' title='bbox 2338 2830 2464 2874; x_wconf 91' lang='lat' dir='ltr'><strong>non</strong></span> <span class='ocrx_word' id='word_1_451' title='bbox 2492 2815 2909 2878; x_wconf 83' lang='lat' dir='ltr'><strong>intellexerunt</strong></span> <span class='ocrx_word' id='word_1_452' title='bbox 2947 2821 3247 2883; x_wconf 86' lang='lat' dir='ltr'><strong>mirabilia</strong></span> <span class='ocrx_word' id='word_1_453' title='bbox 3291 2827 3395 2884; x_wconf 86' lang='lat' dir='ltr'><strong>tua</strong></span> <span class='ocrx_word' id='word_1_454' title='bbox 3424 2843 3439 2882; x_wconf 75' lang='grc' dir='ltr'><strong><em>ε</em></strong></span> <span class='ocrx_word' id='word_1_455' title='bbox 3472 2847 3500 2881; x_wconf 73' lang='grc' dir='ltr'><strong>»ι</strong></span> 
     </span>
     <span class='ocr_line' id='line_1_74' title="bbox 1967 2910 2911 2973; baseline 0.007 -7"><span class='ocrx_word' id='word_1_456' title='bbox 1967 2924 2101 2967; x_wconf 88' lang='lat' dir='ltr'><strong>ecce</strong></span> <span class='ocrx_word' id='word_1_457' title='bbox 2125 2910 2426 2971; x_wconf 91' lang='lat' dir='ltr'><strong>mirabilia</strong></span> <span class='ocrx_word' id='word_1_458' title='bbox 2447 2927 2572 2971; x_wconf 92' lang='lat' dir='ltr'><strong>non</strong></span> <span class='ocrx_word' id='word_1_459' title='bbox 2595 2912 2911 2973; x_wconf 89' lang='lat' dir='ltr'><strong>intellecta.</strong></span> 
     </span>
    </p>
   </div>
   <div class='ocr_carea' id='block_1_16' title="bbox 2428 3071 3027 3134">
    <p class='ocr_par' dir='ltr' id='par_1_16' title="bbox 2428 3071 3027 3134">
     <span class='ocr_line' id='line_1_75' title="bbox 2428 3071 3027 3134; baseline 0.012 -7"><span class='ocrx_word' id='word_1_460' title='bbox 2428 3071 2714 3130; x_wconf 59' lang='lat' dir='ltr'><strong>Articuli&amp;</strong></span> <span class='ocrx_word' id='word_1_461' title='bbox 2748 3074 3027 3134; x_wconf 77' lang='lat' dir='ltr'><strong>secundus.</strong></span> 
     </span>
    </p>
   </div>
   <div class='ocr_carea' id='block_1_17' title="bbox 1965 3193 3560 4879">
    <p class='ocr_par' dir='ltr' id='par_1_17' title="bbox 1965 3193 3560 4879">
     <span class='ocr_line' id='line_1_76' title="bbox 2036 3193 3503 3280; baseline 0.012 -30"><span class='ocrx_word' id='word_1_462' title='bbox 2036 3193 2127 3250; x_wconf 84' lang='lat' dir='ltr'><strong>Ad</strong></span> <span class='ocrx_word' id='word_1_463' title='bbox 2163 3193 2513 3269; x_wconf 87' lang='lat' dir='ltr'><strong>sapientiam</strong></span> <span class='ocrx_word' id='word_1_464' title='bbox 2537 3196 2905 3271; x_wconf 86' lang='lat' dir='ltr'><strong>spiritualem</strong></span> <span class='ocrx_word' id='word_1_465' title='bbox 2929 3200 3101 3275; x_wconf 84' lang='lat' dir='ltr'><strong>facit,</strong></span> <span class='ocrx_word' id='word_1_466' title='bbox 3132 3205 3302 3280; x_wconf 91' lang='lat' dir='ltr'><strong>quod</strong></span> <span class='ocrx_word' id='word_1_467' title='bbox 3329 3205 3503 3267; x_wconf 87' lang='lat' dir='ltr'><strong>dicit:</strong></span> 
     </span>
     <span class='ocr_line' id='line_1_77' title="bbox 1971 3288 3510 3372; baseline 0.012 -29"><span class='ocrx_word' id='word_1_468' title='bbox 1971 3288 2296 3346; x_wconf 78' lang='lat' dir='ltr'><strong>Testimonia</strong></span> <span class='ocrx_word' id='word_1_469' title='bbox 2325 3293 2454 3357; x_wconf 79' lang='lat' dir='ltr'><strong>tua,-</strong></span> <span class='ocrx_word' id='word_1_470' title='bbox 2474 3291 2648 3366; x_wconf 91' lang='lat' dir='ltr'><strong>quasi</strong></span> <span class='ocrx_word' id='word_1_471' title='bbox 2675 3291 2790 3351; x_wconf 88' lang='lat' dir='ltr'><strong>tuis</strong></span> <span class='ocrx_word' id='word_1_472' title='bbox 2821 3300 2950 3368; x_wconf 91' lang='lat' dir='ltr'><strong>tua,</strong></span> <span class='ocrx_word' id='word_1_473' title='bbox 2978 3311 3103 3356; x_wconf 92' lang='lat' dir='ltr'><strong>non</strong></span> <span class='ocrx_word' id='word_1_474' title='bbox 3123 3301 3263 3372; x_wconf 91' lang='lat' dir='ltr'><strong>tuo,</strong></span> <span class='ocrx_word' id='word_1_475' title='bbox 3289 3301 3510 3362; x_wconf 88' lang='lat' dir='ltr'><strong>scilicet</strong></span> 
     </span>
     <span class='ocr_line' id='line_1_78' title="bbox 1966 3381 3509 3459; baseline 0.011 -21"><span class='ocrx_word' id='word_1_476' title='bbox 1966 3397 2076 3439; x_wconf 89' lang='lat' dir='ltr'><strong>suo</strong></span> <span class='ocrx_word' id='word_1_477' title='bbox 2122 3381 2307 3440; x_wconf 93' lang='lat' dir='ltr'><strong>modo</strong></span> <span class='ocrx_word' id='word_1_478' title='bbox 2353 3384 2718 3445; x_wconf 87' lang='lat' dir='ltr'><strong>testificantia</strong></span> <span class='ocrx_word' id='word_1_479' title='bbox 2736 3430 2756 3459; x_wconf 91' lang='lat'>‚</span> <span class='ocrx_word' id='word_1_480' title='bbox 2798 3387 2916 3447; x_wconf 89' lang='lat' dir='ltr'><strong>hoc</strong></span> <span class='ocrx_word' id='word_1_481' title='bbox 2962 3392 3049 3448; x_wconf 90' lang='lat' dir='ltr'><strong>est</strong></span> <span class='ocrx_word' id='word_1_482' title='bbox 3097 3391 3509 3455; x_wconf 86' lang='lat' dir='ltr'><strong>immaterialia</strong></span> 
     </span>
     <span class='ocr_line' id='line_1_79' title="bbox 1965 3474 3510 3563; baseline 0.01 -31"><span class='ocrx_word' id='word_1_483' title='bbox 1965 3474 2377 3549; x_wconf 87' lang='lat' dir='ltr'><strong>materialiter,</strong></span> <span class='ocrx_word' id='word_1_484' title='bbox 2404 3477 2745 3553; x_wconf 90' lang='lat' dir='ltr'><strong>infiguralia</strong></span> <span class='ocrx_word' id='word_1_485' title='bbox 2771 3481 3116 3558; x_wconf 83' lang='lat' dir='ltr'><strong>figuraliter,</strong></span> <span class='ocrx_word' id='word_1_486' title='bbox 3145 3484 3510 3563; x_wconf 86' lang='lat' dir='ltr'><strong>intempora-</strong></span> 
     </span>
     <span class='ocr_line' id='line_1_80' title="bbox 1966 3568 3511 3658; baseline 0.01 -32"><span class='ocrx_word' id='word_1_487' title='bbox 1966 3568 2050 3626; x_wconf 91' lang='lat' dir='ltr'><strong>lia</strong></span> <span class='ocrx_word' id='word_1_488' title='bbox 2074 3570 2477 3644; x_wconf 87' lang='lat' dir='ltr'><strong>temporaliter</strong></span> <span class='ocrx_word' id='word_1_489' title='bbox 2501 3572 2914 3646; x_wconf 87' lang='lat' dir='ltr'><strong>significantia.</strong></span> <span class='ocrx_word' id='word_1_490' title='bbox 2943 3581 3143 3653; x_wconf 85' lang='lat' dir='ltr'><strong>Neque</strong></span> <span class='ocrx_word' id='word_1_491' title='bbox 3177 3579 3337 3640; x_wconf 89' lang='lat' dir='ltr'><strong>enim</strong></span> <span class='ocrx_word' id='word_1_492' title='bbox 3375 3598 3511 3658; x_wconf 89' lang='lat' dir='ltr'><strong>pos-</strong></span> 
     </span>
     <span class='ocr_line' id='line_1_81' title="bbox 1967 3663 3510 3752; baseline 0.012 -32"><span class='ocrx_word' id='word_1_493' title='bbox 1967 3663 2138 3723; x_wconf 89' lang='lat' dir='ltr'><strong>sibile</strong></span> <span class='ocrx_word' id='word_1_494' title='bbox 2182 3669 2267 3723; x_wconf 84' lang='lat' dir='ltr'><strong>est</strong></span> <span class='ocrx_word' id='word_1_495' title='bbox 2313 3665 2490 3724; x_wconf 90' lang='lat' dir='ltr'><strong>nobis</strong></span> <span class='ocrx_word' id='word_1_496' title='bbox 2541 3668 2739 3729; x_wconf 87' lang='lat' dir='ltr'><strong>lucere</strong></span> <span class='ocrx_word' id='word_1_497' title='bbox 2785 3670 3057 3732; x_wconf 87' lang='lat' dir='ltr'><strong>divinum</strong></span> <span class='ocrx_word' id='word_1_498' title='bbox 3098 3674 3369 3752; x_wconf 89' lang='lat' dir='ltr'><strong>radium,</strong></span> <span class='ocrx_word' id='word_1_499' title='bbox 3397 3679 3510 3738; x_wconf 90' lang='lat' dir='ltr'><strong>nisi</strong></span> 
     </span>
     <span class='ocr_line' id='line_1_82' title="bbox 1968 3758 3510 3844; baseline 0.011 -29"><span class='ocrx_word' id='word_1_500' title='bbox 1968 3758 2245 3818; x_wconf 86' lang='lat' dir='ltr'><strong>varie-tate</strong></span> <span class='ocrx_word' id='word_1_501' title='bbox 2287 3776 2592 3820; x_wconf 90' lang='lat' dir='ltr'><strong>sacrorum</strong></span> <span class='ocrx_word' id='word_1_502' title='bbox 2627 3764 2995 3825; x_wconf 89' lang='lat' dir='ltr'><strong>velaminum</strong></span> <span class='ocrx_word' id='word_1_503' title='bbox 3029 3770 3356 3844; x_wconf 81' lang='lat' dir='ltr'><strong>anagogice</strong></span> <span class='ocrx_word' id='word_1_504' title='bbox 3401 3772 3510 3832; x_wconf 88' lang='lat' dir='ltr'><strong>cir-</strong></span> 
     </span>
     <span class='ocr_line' id='line_1_83' title="bbox 1969 3854 3510 3942; baseline 0.01 -32"><span class='ocrx_word' id='word_1_505' title='bbox 1969 3854 2367 3914; x_wconf 84' lang='lat' dir='ltr'><strong>cumvelatum</strong></span> <span class='ocrx_word' id='word_1_506' title='bbox 2386 3897 2408 3927; x_wconf 90' lang='lat'><strong>,</strong></span> <span class='ocrx_word' id='word_1_507' title='bbox 2447 3860 2590 3916; x_wconf 88' lang='lat' dir='ltr'><strong>teste</strong></span> <span class='ocrx_word' id='word_1_508' title='bbox 2636 3858 2917 3935; x_wconf 79' lang='lat' dir='ltr'><strong>Dionysio</strong></span> <span class='ocrx_word' id='word_1_509' title='bbox 2946 3862 2989 3918; x_wconf 75' lang='lat'><strong>⁸.</strong></span> <span class='ocrx_word' id='word_1_510' title='bbox 3024 3865 3090 3920; x_wconf 84' lang='lat' dir='ltr'><strong>Et</strong></span> <span class='ocrx_word' id='word_1_511' title='bbox 3136 3865 3468 3925; x_wconf 84' lang='lat' dir='ltr'><strong>notandum</strong></span> <span class='ocrx_word' id='word_1_512' title='bbox 3488 3911 3510 3942; x_wconf 95' lang='lat'><strong>,</strong></span> 
     </span>
     <span class='ocr_line' id='line_1_84' title="bbox 1968 3951 3511 4039; baseline 0.012 -32"><span class='ocrx_word' id='word_1_513' title='bbox 1968 3951 2137 4025; x_wconf 91' lang='lat' dir='ltr'><strong>quod</strong></span> <span class='ocrx_word' id='word_1_514' title='bbox 2178 3951 2260 4010; x_wconf 87' lang='lat' dir='ltr'><strong>ad</strong></span> <span class='ocrx_word' id='word_1_515' title='bbox 2304 3955 2832 4028; x_wconf 89' lang='lat' dir='ltr'><strong>contemplandum</strong></span> <span class='ocrx_word' id='word_1_516' title='bbox 2884 3957 3088 4019; x_wconf 87' lang='lat' dir='ltr'><strong>divina</strong></span> <span class='ocrx_word' id='word_1_517' title='bbox 3132 3961 3468 4025; x_wconf 87' lang='lat' dir='ltr'><strong>testimonia</strong></span> <span class='ocrx_word' id='word_1_518' title='bbox 3490 4011 3511 4039; x_wconf 93' lang='lat'><strong>,</strong></span> 
     </span>
     <span class='ocr_line' id='line_1_85' title="bbox 1968 4046 3513 4132; baseline 0.011 -29"><span class='ocrx_word' id='word_1_519' title='bbox 1968 4046 2080 4105; x_wconf 89' lang='lat' dir='ltr'><strong>tria</strong></span> <span class='ocrx_word' id='word_1_520' title='bbox 2106 4051 2241 4105; x_wconf 90' lang='lat' dir='ltr'><strong>sunt</strong></span> <span class='ocrx_word' id='word_1_521' title='bbox 2280 4050 2613 4109; x_wconf 86' lang='lat' dir='ltr'><strong>necessaria</strong></span> <span class='ocrx_word' id='word_1_522' title='bbox 2643 4069 2659 4107; x_wconf 76' lang='grc' dir='ltr'>ε</span> <span class='ocrx_word' id='word_1_523' title='bbox 2692 4050 2967 4114; x_wconf 90' lang='lat' dir='ltr'><strong>videlicet</strong></span> <span class='ocrx_word' id='word_1_524' title='bbox 3003 4053 3268 4132; x_wconf 88' lang='lat' dir='ltr'><strong>dilectio,</strong></span> <span class='ocrx_word' id='word_1_525' title='bbox 3304 4063 3373 4118; x_wconf 92' lang='lat' dir='ltr'><strong>ut</strong></span> <span class='ocrx_word' id='word_1_526' title='bbox 3413 4078 3513 4120; x_wconf 88' lang='lat' dir='ltr'><strong>ve-</strong></span> 
     </span>
     <span class='ocr_line' id='line_1_86' title="bbox 1966 4140 3510 4229; baseline 0.012 -32"><span class='ocrx_word' id='word_1_527' title='bbox 1966 4140 2108 4198; x_wconf 87' lang='lat' dir='ltr'><strong>ritas</strong></span> <span class='ocrx_word' id='word_1_528' title='bbox 2136 4140 2414 4215; x_wconf 88' lang='lat' dir='ltr'><strong>diligatur</strong></span> <span class='ocrx_word' id='word_1_529' title='bbox 2423 4160 2443 4215; x_wconf 86' lang='lat'>3</span> <span class='ocrx_word' id='word_1_530' title='bbox 2473 4143 2752 4219; x_wconf 89' lang='lat' dir='ltr'><strong>directio,</strong></span> <span class='ocrx_word' id='word_1_531' title='bbox 2778 4150 2844 4205; x_wconf 90' lang='lat' dir='ltr'><strong>ut</strong></span> <span class='ocrx_word' id='word_1_532' title='bbox 2883 4146 3161 4209; x_wconf 83' lang='lat' dir='ltr'><strong>voluntas</strong></span> <span class='ocrx_word' id='word_1_533' title='bbox 3189 4151 3510 4229; x_wconf 83' lang='lat' dir='ltr'><strong>dirigatur3</strong></span> 
     </span>
     <span class='ocr_line' id='line_1_87' title="bbox 1969 4236 3512 4319; baseline 0.011 -28"><span class='ocrx_word' id='word_1_534' title='bbox 1969 4236 2220 4309; x_wconf 81' lang='lat' dir='ltr'><strong>exactio,</strong></span> <span class='ocrx_word' id='word_1_535' title='bbox 2241 4238 2307 4294; x_wconf 92' lang='lat' dir='ltr'><strong>ut</strong></span> <span class='ocrx_word' id='word_1_536' title='bbox 2324 4237 2602 4297; x_wconf 87' lang='lat' dir='ltr'><strong>habilitas</strong></span> <span class='ocrx_word' id='word_1_537' title='bbox 2618 4240 2904 4313; x_wconf 86' lang='lat' dir='ltr'><strong>exigatur.</strong></span> <span class='ocrx_word' id='word_1_538' title='bbox 2934 4245 3014 4302; x_wconf 89' lang='lat' dir='ltr'><strong>De</strong></span> <span class='ocrx_word' id='word_1_539' title='bbox 3032 4244 3228 4319; x_wconf 87' lang='lat' dir='ltr'><strong>primo</strong></span> <span class='ocrx_word' id='word_1_540' title='bbox 3247 4248 3270 4284; x_wconf 84' lang='lat'>⁸</span> <span class='ocrx_word' id='word_1_541' title='bbox 3291 4264 3350 4305; x_wconf 72' lang='lat' dir='ltr'><strong>z«</strong></span> <span class='ocrx_word' id='word_1_542' title='bbox 3367 4251 3512 4307; x_wconf 84' lang='lat' dir='ltr'><strong>Prae-</strong></span> 
     </span>
     <span class='ocr_line' id='line_1_88' title="bbox 1968 4328 3511 4415; baseline 0.011 -30"><span class='ocrx_word' id='word_1_543' title='bbox 1968 4328 2296 4389; x_wconf 84' lang='lat' dir='ltr'><strong>varicantes</strong></span> <span class='ocrx_word' id='word_1_544' title='bbox 2343 4332 2614 4406; x_wconf 85' lang='lat' dir='ltr'><strong>reputavi</strong></span> <span class='ocrx_word' id='word_1_545' title='bbox 2660 4350 2870 4393; x_wconf 93' lang='lat' dir='ltr'><strong>omnes</strong></span> <span class='ocrx_word' id='word_1_546' title='bbox 2915 4343 3255 4412; x_wconf 87' lang='lat' dir='ltr'><strong>peccatores</strong></span> <span class='ocrx_word' id='word_1_547' title='bbox 3303 4344 3472 4401; x_wconf 63' lang='lat' dir='ltr'><strong>terrai</strong></span> <span class='ocrx_word' id='word_1_548' title='bbox 3490 4386 3511 4415; x_wconf 95' lang='lat'><strong>,</strong></span> 
     </span>
     <span class='ocr_line' id='line_1_89' title="bbox 1967 4421 3510 4509; baseline 0.012 -31"><span class='ocrx_word' id='word_1_549' title='bbox 1967 4421 2108 4481; x_wconf 89' lang='lat' dir='ltr'><strong>ideo</strong></span> <span class='ocrx_word' id='word_1_550' title='bbox 2157 4422 2338 4482; x_wconf 85' lang='lat' dir='ltr'><strong>dilexi</strong></span> <span class='ocrx_word' id='word_1_551' title='bbox 2382 4425 2717 4487; x_wconf 88' lang='lat' dir='ltr'><strong>testimonia</strong></span> <span class='ocrx_word' id='word_1_552' title='bbox 2756 4431 2857 4488; x_wconf 90' lang='lat' dir='ltr'><strong>tua</strong></span> <span class='ocrx_word' id='word_1_553' title='bbox 2887 4448 2903 4487; x_wconf 71' lang='grc' dir='ltr'>ε</span> <span class='ocrx_word' id='word_1_554' title='bbox 2932 4450 2962 4487; x_wconf 70' lang='lat' dir='ltr'>n</span> <span class='ocrx_word' id='word_1_555' title='bbox 3002 4431 3066 4490; x_wconf 92' lang='lat' dir='ltr'><strong>in</strong></span> <span class='ocrx_word' id='word_1_556' title='bbox 3105 4449 3230 4509; x_wconf 92' lang='lat' dir='ltr'><strong>quo</strong></span> <span class='ocrx_word' id='word_1_557' title='bbox 3272 4434 3510 4496; x_wconf 86' lang='lat' dir='ltr'><strong>dilectio</strong></span> 
     </span>
     <span class='ocr_line' id='line_1_90' title="bbox 1969 4516 3512 4603; baseline 0.013 -30"><span class='ocrx_word' id='word_1_558' title='bbox 1969 4516 2247 4575; x_wconf 64' lang='lat' dir='ltr'><strong>veritatis</strong></span> <span class='ocrx_word' id='word_1_559' title='bbox 2277 4519 2358 4576; x_wconf 91' lang='lat' dir='ltr'><strong>De</strong></span> <span class='ocrx_word' id='word_1_560' title='bbox 2391 4521 2654 4580; x_wconf 88' lang='lat' dir='ltr'><strong>secundo</strong></span> <span class='ocrx_word' id='word_1_561' title='bbox 2681 4522 2704 4557; x_wconf 77' lang='lat'>⁸</span> <span class='ocrx_word' id='word_1_562' title='bbox 2734 4538 2749 4579; x_wconf 71' lang='grc' dir='ltr'><strong><em>ε</em></strong></span> <span class='ocrx_word' id='word_1_563' title='bbox 2784 4540 2814 4577; x_wconf 71' lang='grc' dir='ltr'><strong>α</strong></span> <span class='ocrx_word' id='word_1_564' title='bbox 2840 4525 3032 4599; x_wconf 90' lang='lat' dir='ltr'><strong>Beati,</strong></span> <span class='ocrx_word' id='word_1_565' title='bbox 3052 4529 3155 4603; x_wconf 93' lang='lat' dir='ltr'><strong>qui</strong></span> <span class='ocrx_word' id='word_1_566' title='bbox 3182 4534 3512 4592; x_wconf 88' lang='lat' dir='ltr'><strong>scrutantur</strong></span> 
     </span>
     <span class='ocr_line' id='line_1_91' title="bbox 1967 4609 3560 4691; baseline 0.013 -25"><span class='ocrx_word' id='word_1_567' title='bbox 1967 4609 2301 4669; x_wconf 89' lang='lat' dir='ltr'><strong>testimonia</strong></span> <span class='ocrx_word' id='word_1_568' title='bbox 2339 4612 2465 4686; x_wconf 84' lang='lat' dir='ltr'><strong>ejus</strong></span> <span class='ocrx_word' id='word_1_569' title='bbox 2505 4632 2520 4672; x_wconf 74' lang='grc' dir='ltr'><strong><em>ε</em></strong></span> <span class='ocrx_word' id='word_1_570' title='bbox 2557 4634 2586 4671; x_wconf 82' lang='lat'><strong>»</strong></span> <span class='ocrx_word' id='word_1_571' title='bbox 2617 4614 2682 4672; x_wconf 89' lang='lat' dir='ltr'><strong>in</strong></span> <span class='ocrx_word' id='word_1_572' title='bbox 2715 4632 2838 4691; x_wconf 90' lang='lat' dir='ltr'><strong>quo</strong></span> <span class='ocrx_word' id='word_1_573' title='bbox 2877 4617 3124 4681; x_wconf 89' lang='lat' dir='ltr'><strong>directio</strong></span> <span class='ocrx_word' id='word_1_574' title='bbox 3164 4626 3506 4686; x_wconf 64' lang='lat' dir='ltr'><strong>voluntatis</strong></span> <span class='ocrx_word' id='word_1_575' title='bbox 3551 4642 3560 4646; x_wconf 89' lang='grc'><em>·</em></span> 
     </span>
     <span class='ocr_line' id='line_1_92' title="bbox 1969 4704 3511 4790; baseline 0.014 -31"><span class='ocrx_word' id='word_1_576' title='bbox 1969 4704 2046 4761; x_wconf 88' lang='lat' dir='ltr'><strong>De</strong></span> <span class='ocrx_word' id='word_1_577' title='bbox 2075 4704 2245 4762; x_wconf 89' lang='lat' dir='ltr'><strong>tertio</strong></span> <span class='ocrx_word' id='word_1_578' title='bbox 2281 4706 2345 4762; x_wconf 81' lang='lat'><strong>⁷:</strong></span> <span class='ocrx_word' id='word_1_579' title='bbox 2391 4726 2419 4761; x_wconf 76' lang='grc' dir='ltr'><strong>α</strong></span> <span class='ocrx_word' id='word_1_580' title='bbox 2459 4710 2544 4766; x_wconf 89' lang='lat' dir='ltr'><strong>Da</strong></span> <span class='ocrx_word' id='word_1_581' title='bbox 2577 4708 2725 4767; x_wconf 89' lang='lat' dir='ltr'><strong>mihi</strong></span> <span class='ocrx_word' id='word_1_582' title='bbox 2764 4710 3128 4774; x_wconf 87' lang='lat' dir='ltr'><strong>intellectum</strong></span> <span class='ocrx_word' id='word_1_583' title='bbox 3153 4760 3174 4790; x_wconf 93' lang='lat'><strong>,</strong></span> <span class='ocrx_word' id='word_1_584' title='bbox 3211 4721 3279 4776; x_wconf 91' lang='lat' dir='ltr'><strong>ut</strong></span> <span class='ocrx_word' id='word_1_585' title='bbox 3326 4722 3511 4782; x_wconf 87' lang='lat' dir='ltr'><strong>sciam</strong></span> 
     </span>
     <span class='ocr_line' id='line_1_93' title="bbox 1968 4796 3396 4879; baseline 0.015 -25"><span class='ocrx_word' id='word_1_586' title='bbox 1968 4796 2303 4857; x_wconf 88' lang='lat' dir='ltr'><strong>testimonia</strong></span> <span class='ocrx_word' id='word_1_587' title='bbox 2328 4802 2428 4860; x_wconf 88' lang='lat' dir='ltr'><strong>tua</strong></span> <span class='ocrx_word' id='word_1_588' title='bbox 2460 4819 2529 4858; x_wconf 71' lang='grc' dir='ltr'><strong>ε»</strong></span> <span class='ocrx_word' id='word_1_589' title='bbox 2563 4801 2625 4859; x_wconf 88' lang='lat' dir='ltr'><strong>in</strong></span> <span class='ocrx_word' id='word_1_590' title='bbox 2652 4820 2774 4879; x_wconf 90' lang='lat' dir='ltr'><strong>quo</strong></span> <span class='ocrx_word' id='word_1_591' title='bbox 2801 4807 3030 4870; x_wconf 88' lang='lat' dir='ltr'><strong>exactio</strong></span> <span class='ocrx_word' id='word_1_592' title='bbox 3057 4808 3396 4874; x_wconf 84' lang='lat' dir='ltr'><strong>habilitatis.</strong></span> 
     </span>
    </p>
   </div>
   <div class='ocr_carea' id='block_1_18' title="bbox 2483 4961 3001 5026">
    <p class='ocr_par' dir='ltr' id='par_1_18' title="bbox 2483 4961 3001 5026">
     <span class='ocr_line' id='line_1_94' title="bbox 2483 4961 3001 5026; baseline 0.019 -10"><span class='ocrx_word' id='word_1_593' title='bbox 2483 4961 2757 5020; x_wconf 67' lang='lat' dir='ltr'><strong>Artemam</strong></span> <span class='ocrx_word' id='word_1_594' title='bbox 2794 4967 3001 5026; x_wconf 75' lang='lat' dir='ltr'><strong>tertius.</strong></span> 
     </span>
    </p>
   </div>
   <div class='ocr_carea' id='block_1_19' title="bbox 1970 5079 3512 5369">
    <p class='ocr_par' dir='ltr' id='par_1_19' title="bbox 1970 5079 3512 5369">
     <span class='ocr_line' id='line_1_95' title="bbox 2041 5079 3511 5176; baseline 0.017 -36"><span class='ocrx_word' id='word_1_595' title='bbox 2041 5079 2132 5140; x_wconf 81' lang='lat' dir='ltr'><strong>Ad</strong></span> <span class='ocrx_word' id='word_1_596' title='bbox 2180 5083 2378 5140; x_wconf 90' lang='lat' dir='ltr'><strong>actum</strong></span> <span class='ocrx_word' id='word_1_597' title='bbox 2417 5086 2928 5163; x_wconf 89' lang='lat' dir='ltr'><strong>perscrutationis,</strong></span> <span class='ocrx_word' id='word_1_598' title='bbox 2963 5109 3069 5153; x_wconf 89' lang='lat' dir='ltr'><strong>seu</strong></span> <span class='ocrx_word' id='word_1_599' title='bbox 3112 5096 3511 5176; x_wconf 84' lang='lat' dir='ltr'><strong>investigatio-</strong></span> 
     </span>
     <span class='ocr_line' id='line_1_96' title="bbox 1970 5174 3510 5261; baseline 0.02 -31"><span class='ocrx_word' id='word_1_600' title='bbox 1970 5174 2096 5247; x_wconf 87' lang='lat' dir='ltr'><strong>nis,</strong></span> <span class='ocrx_word' id='word_1_601' title='bbox 2135 5174 2388 5249; x_wconf 87' lang='lat' dir='ltr'><strong>pertinet</strong></span> <span class='ocrx_word' id='word_1_602' title='bbox 2423 5177 2591 5251; x_wconf 89' lang='lat' dir='ltr'><strong>quod</strong></span> <span class='ocrx_word' id='word_1_603' title='bbox 2632 5180 2904 5243; x_wconf 88' lang='lat' dir='ltr'><strong>sublucet</strong></span> <span class='ocrx_word' id='word_1_604' title='bbox 2935 5203 2951 5243; x_wconf 76' lang='grc' dir='ltr'><strong><em>ε</em></strong></span> <span class='ocrx_word' id='word_1_605' title='bbox 2980 5188 3107 5247; x_wconf 79' lang='lat' dir='ltr'><strong>Ideo</strong></span> <span class='ocrx_word' id='word_1_606' title='bbox 3146 5201 3393 5256; x_wconf 72' lang='lat' dir='ltr'><strong>smoeata</strong></span> <span class='ocrx_word' id='word_1_607' title='bbox 3433 5209 3510 5261; x_wconf 82' lang='lat' dir='ltr'><strong>est</strong></span> 
     </span>
     <span class='ocr_line' id='line_1_97' title="bbox 1975 5268 3512 5369; baseline 0.01 -44"><span class='ocrx_word' id='word_1_608' title='bbox 1975 5285 2075 5339; x_wconf 68' lang='grc' dir='ltr'><strong>ως</strong></span> <span class='ocrx_word' id='word_1_609' title='bbox 2106 5269 2277 5344; x_wconf 89' lang='lat' dir='ltr'><strong>quasi</strong></span> <span class='ocrx_word' id='word_1_610' title='bbox 2306 5268 2502 5329; x_wconf 88' lang='lat' dir='ltr'><strong>dicat:</strong></span> <span class='ocrx_word' id='word_1_611' title='bbox 2531 5278 2774 5349; x_wconf 86' lang='lat' dir='ltr'><strong>propter</strong></span> <span class='ocrx_word' id='word_1_612' title='bbox 2811 5278 3131 5359; x_wconf 88' lang='lat' dir='ltr'><strong>admirari,</strong></span> <span class='ocrx_word' id='word_1_613' title='bbox 3170 5290 3347 5365; x_wconf 86' lang='lat' dir='ltr'><strong>coepit</strong></span> <span class='ocrx_word' id='word_1_614' title='bbox 3381 5310 3512 5369; x_wconf 68' lang='lat' dir='ltr'><strong>per.</strong></span> 
     </span>
    </p>
   </div>
   <div class='ocr_carea' id='block_1_20' title="bbox 1973 5372 3515 5535">
    <p class='ocr_par' dir='ltr' id='par_1_20' title="bbox 1973 5372 3515 5535">
     <span class='ocr_line' id='line_1_98' title="bbox 1973 5372 3515 5476; baseline 0.01 -31"><span class='ocrx_word' id='word_1_615' title='bbox 1973 5396 1995 5426; x_wconf 73' lang='lat'><strong>⁶</strong></span> <span class='ocrx_word' id='word_1_616' title='bbox 2020 5394 2168 5458; x_wconf 72' lang='lat' dir='ltr'><strong>ibid„</strong></span> <span class='ocrx_word' id='word_1_617' title='bbox 2200 5398 2247 5446; x_wconf 80' lang='lat'><strong>2.</strong></span> <span class='ocrx_word' id='word_1_618' title='bbox 2273 5423 2336 5436; x_wconf 93' lang='lat'><em>-</em></span> <span class='ocrx_word' id='word_1_619' title='bbox 2364 5398 2381 5429; x_wconf 81' lang='lat'>⁷</span> <span class='ocrx_word' id='word_1_620' title='bbox 2411 5372 2551 5451; x_wconf 53' lang='lat' dir='ltr'><strong>psat.</strong></span> <span class='ocrx_word' id='word_1_621' title='bbox 2579 5399 2700 5466; x_wconf 80' lang='lat' dir='ltr'><strong>hoe,</strong></span> <span class='ocrx_word' id='word_1_622' title='bbox 2731 5406 3515 5476; x_wconf 65' lang='lat' dir='ltr'><strong>125.-(a)1.e9.seeundug,-</strong></span> 
     </span>
     <span class='ocr_line' id='line_1_99' title="bbox 1974 5468 2809 5535; baseline 0.014 -19"><span class='ocrx_word' id='word_1_623' title='bbox 1974 5469 2040 5533; x_wconf 78' lang='grc' dir='ltr'><strong>(ὺ)</strong></span> <span class='ocrx_word' id='word_1_624' title='bbox 2070 5468 2185 5532; x_wconf 78' lang='lat' dir='ltr'><strong>Leq.</strong></span> <span class='ocrx_word' id='word_1_625' title='bbox 2212 5470 2439 5522; x_wconf 84' lang='lat' dir='ltr'><strong>secundo</strong></span> <span class='ocrx_word' id='word_1_626' title='bbox 2466 5475 2809 5535; x_wconf 86' lang='lat' dir='ltr'><strong>quaternario.</strong></span> 
     </span>
    </p>
   </div>
  </div>
 </body>
</html>
