4196 6294
1631 440 1992 509 PSALMUS
2034 442 2292 510 cxvlll.

3444 458 3562 518 495

353 579 577 652 ¹iustitia
613 596 628 634 :
684 598 713 633 n
765 591 898 636 ecce
944 577 1167 650 iustitia
1217 577 1438 636 faciens
1491 577 1753 639 animam
1811 579 1911 637 Dei
2020 596 2154 654 quae
2194 577 2477 637 mandata
2526 576 2731 635 divina
2765 576 2903 637 facit
2954 579 3207 639 nimium
3247 585 3559 660 amabilia3

365 689 668 748 sponsam.

834 816 1111 872 Articulus
1146 813 1431 872 secundm.

432 956 770 1015 Secundum
808 956 1188 1028 subnotatur,
1229 974 1366 1016 cum
1395 955 1697 1015 subditur:
1734 958 1904 1013 Testi-

359 1053 540 1108 monia
582 1056 698 1109 tua.
744 1055 889 1109 Ecce
938 1051 1256 1120 credibile,
1299 1049 1467 1126 quod
1511 1053 1595 1109 est
1648 1048 1906 1107 amabile

360 1159 539 1217 super
559 1145 760 1225 omnia
780 1144 1105 1203 credibiIIa.
1121 1144 1275 1214 Quid
1294 1144 1451 1201 enim
1467 1142 1727 1203 credenti
1746 1159 1907 1201 ama-

360 1235 538 1295 bilius
549 1281 569 1310 ,
605 1242 708 1297 aut
733 1238 955 1296 amanti
983 1237 1326 1296 credibilius
1336 1281 1355 1311 ‚
1387 1255 1570 1312 quam
1607 1238 1906 1314 sapientioe

362 1333 740 1391 testimonia?
764 1333 821 1390 Si
859 1334 1019 1391 enim
1046 1333 1342 1408 sapientes
1379 1337 1514 1392 sunt
1545 1337 1787 1408 propter
1813 1350 1905 1391 sa-

360 1427 642 1500 pientiam
669 1427 1017 1500 credibileS‚
1047 1427 1235 1485 multo
1268 1427 1459 1500 magis
1495 1427 1794 1485 credibilis
1822 1431 1907 1484 est

363 1521 490 1595 ipsa
518 1523 825 1597 sapientia.
858 1525 923 1580 Et
948 1527 1116 1596 nota,
1150 1523 1319 1598 quod
1344 1523 1548 1580 divina
1576 1522 1907 1580 testimonia

361 1620 496 1673 sunt
523 1617 837 1690 amabilia,
870 1620 926 1675 et
953 1617 1286 1675 amabiliter
1313 1617 1640 1687 credibilia,
1665 1620 1908 1691 propter

363 1713 509 1770 tria:
550 1716 674 1771 tum
722 1713 864 1787 quia
904 1711 1274 1772 sublevantia
1294 1732 1311 1785 3
1351 1718 1476 1771 tum
1516 1712 1660 1788 quia
1685 1711 1907 1770 illumi-

362 1808 562 1866 nantia
575 1828 593 1881 3
641 1812 766 1866 tum
812 1806 955 1882 quia
1002 1807 1389 1866 delectantia:
1444 1808 1587 1882 quia
1626 1806 1908 1864 nimirum

313 1903 321 1911 '
364 1906 586 1960 mentes
600 1901 675 1976 (a)
691 1902 1025 1973 sublevant,
1050 1903 1338 1960 rationem
1364 1901 1721 1972 illuminant,
1736 1900 1909 1959 affec-

364 1995 584 2054 tionem
630 1995 939 2054 delectant.
979 1999 1055 2053 De
1094 1997 1290 2070 primo
1320 1999 1378 2053 ¹:
1416 2014 1447 2051 α
1481 1997 1669 2071 Super
1702 2012 1909 2054 omnes

365 2088 645 2147 docentes
667 2106 763 2147 me
802 2088 1096 2161 intellexi,
1125 2090 1268 2163 quia
1293 2089 1628 2148 testimonia
1653 2093 1755 2148 tua
1780 2106 1907 2148 me-

367 2183 569 2241 ditatio
598 2200 733 2241 mea
765 2187 880 2241 est:
909 2204 936 2238 ›>
971 2183 1033 2239 in
1062 2199 1182 2257 quo
1211 2183 1422 2241 mentis
1448 2184 1798 2242 sublevatio.
1831 2186 1908 2241 De

365 2277 624 2335 secundo
651 2281 712 2334 ²:
760 2297 788 2330 α
823 2280 907 2336 Me
944 2279 1402 2350 expectaverunt
1439 2280 1806 2351 peccatoreS‚
1846 2282 1910 2336 ut

365 2371 676 2444 perderent
718 2388 841 2442 me:
896 2370 1228 2429 testimonia
1274 2375 1374 2430 tua
1426 2373 1725 2430 intellexi:
1776 2394 1803 2425 »
1846 2371 1909 2428 in

367 2481 487 2538 quo
515 2465 759 2522 rationis
785 2465 1159 2523 illuminatio.
1194 2468 1273 2523 De
1302 2466 1473 2524 tertio
1502 2484 1682 2542 supra
1705 2469 1763 2524 ³:
1793 2487 1822 2521 (ι
1845 2469 1910 2524 ln

366 2559 463 2616 via
488 2559 959 2617 testimoniorum
987 2563 1226 2618 tuorum
1254 2558 1574 2620 delectatus
1595 2577 1756 2620 sum:
1789 2583 1818 2617 »
1846 2562 1908 2619 in

368 2669 489 2727 quo
519 2653 844 2713 affectionis
869 2653 1198 2712 delectatio.

743 2808 758 2823 ⁸
869 2814 1156 2870 Articulus
1195 2815 1409 2869 tertius.

437 2938 690 2999 Tertium
716 2942 1051 3013 annotatur,
1072 2956 1207 2998 cum
1236 2939 1504 2997 additur:
1532 2943 1602 2997 Et
1626 2943 1909 2998 veritatem

370 3037 535 3090 tuam.
567 3037 712 3091 Ecce
740 3033 1163 3104 desiderabile,
1204 3034 1370 3109 quod
1410 3037 1494 3092 est
1521 3033 1778 3092 amabile
1806 3048 1907 3091 su-

367 3144 475 3202 per
502 3129 703 3187 omnia
730 3128 1167 3188 desiderabilia.
1188 3128 1341 3199 Quid
1366 3127 1524 3187 enim
1553 3126 1910 3186 desideranti

369 3222 705 3295 amabiliuS,
732 3227 833 3281 aut
859 3224 1079 3282 amanti
1106 3224 1579 3296 desiderabiliuS‚
1610 3239 1792 3297 quam
1823 3221 1911 3279 di-

368 3316 519 3375 vinas
537 3317 796 3375 veritatis
819 3318 1089 3389 essentia,
1114 3319 1282 3391 cujus
1302 3317 1590 3375 evidentia
1612 3321 1697 3374 est
1717 3316 1911 3374 omnis

368 3412 510 3470 mali
564 3413 849 3481 absentia,
903 3414 962 3469 et
1019 3412 1211 3470 omnis
1255 3411 1402 3470 boni
1450 3410 1804 3486 praesentia‘?
1844 3413 1914 3468 Et

368 3507 526 3574 nota,
558 3503 725 3577 quod
749 3502 966 3560 veritas
996 3502 1200 3559 divina
1226 3506 1312 3559 est
1337 3501 1629 3572 amabiIiS‚
1666 3505 1721 3559 et
1749 3516 1911 3559 ama-

368 3598 563 3655 biliter
591 3597 1025 3670 desiderabiliS,
1052 3601 1294 3673 propter
1320 3598 1465 3655 tria:
1497 3600 1737 3671 propter
1763 3597 1912 3654 veri-

368 3693 498 3749 tatis
536 3691 743 3766 primae
780 3692 1178 3750 beatissimam
1218 3691 1603 3761 evidentiam,
1641 3691 1912 3749 suavissi-

366 3803 527 3844 mam
563 3786 1089 3862 complacentiam,
1127 3790 1184 3844 et
1222 3785 1641 3860 sempiternam
1679 3801 1911 3858 perma-

366 3879 626 3938 nentiam
660 3900 673 3937 :
731 3881 794 3938 in
849 3898 1109 3956 quorum
1160 3880 1357 3954 primo
1404 3880 1912 3938 consummabitur

366 3978 579 4031 nostrae
609 3974 914 4033 beatitudo
941 3973 1371 4046 intelligentioe;
1398 3973 1460 4030 in
1489 3972 1776 4044 secunde,
1805 3990 1911 4031 vo-

365 4067 631 4141 luntatis;
670 4069 733 4126 in
769 4069 969 4141 tertio,
1008 4068 1328 4126 memoriae.
1362 4070 1439 4125 De
1473 4067 1669 4142 primo
1707 4067 1911 4126 scribi-

365 4164 459 4219 tur
483 4163 535 4219 ⁸:
572 4182 602 4217 ιι
629 4164 838 4221 Omnes
864 4162 1137 4221 homines
1166 4162 1294 4220 vult
1332 4161 1532 4219 salvos
1560 4161 1720 4234 fieri,
1750 4165 1806 4220 et
1830 4163 1909 4219 ad

365 4256 729 4329 agnitionem
758 4257 1015 4316 veritatis
1040 4256 1243 4315 venire
1274 4275 1289 4313 :
1321 4276 1350 4310 ι)
1396 4272 1531 4313 ecce
1574 4256 1780 4329 primae
1815 4267 1910 4314 ve-

364 4351 547 4410 ritatis
602 4352 938 4410 beatissima
991 4351 1302 4411 evidentia.
1358 4354 1436 4408 De
1489 4350 1751 4409 secundo
1802 4368 1911 4426 per

365 4444 728 4504 Psalmistam
772 4446 1025 4505 dicitur⁸
1057 4467 1071 4504 :
1111 4469 1138 4499 «
1175 4446 1520 4520 complacui
1563 4447 1625 4502 in
1666 4446 1909 4505 veritate

366 4541 503 4597 tua:
530 4560 560 4596 »
592 4556 726 4598 ecce
751 4540 957 4614 primae
986 4541 1243 4599 veritatis
1271 4539 1622 4599 suavissima
1648 4540 1911 4616 compla-

368 4636 576 4693 centia.
602 4638 678 4693 De
706 4634 875 4693 tertio
897 4652 1005 4709 per
1023 4637 1371 4711 prophetam
1397 4635 1662 4709 psallitur
1680 4636 1735 4694 ⁶:
1762 4655 1792 4690 α
1811 4639 1912 4694 Ve-

366 4729 505 4787 ritas
530 4729 762 4787 Domini
795 4734 994 4789 manet
1032 4730 1094 4787 in
1129 4734 1442 4789 oeternum:
1476 4751 1503 4786 ιο
1537 4745 1670 4789 ecce
1704 4730 1911 4805 primae

367 4824 622 4883 veritatis
645 4824 1002 4899 sempiterna
1028 4824 1456 4899 permanentia.

851 4982 1133 5039 Articulus
1170 4985 1412 5053 quartus.

440 5112 722 5182 Quartum
741 5108 1072 5179 denotatur,
1085 5121 1220 5164 cum
1232 5105 1445 5163 dicitur
1467 5122 1481 5162 :
1502 5107 1702 5174 Nimis,
1722 5106 1786 5164 id
1803 5109 1909 5180 est,

372 5205 646 5265 charitate
695 5202 882 5263 nimia
920 5221 935 5260 :
979 5218 1114 5261 ecce
1152 5200 1444 5259 charitatis
1486 5202 1910 5275 praerogativa,

435 5333 452 5367 ¹
482 5332 615 5385 Psal.
653 5332 784 5392 hoc,
825 5333 906 5382 99.
937 5355 1001 5367 -
1033 5328 1055 5362 ²
1093 5327 1237 5390 ibid„
1272 5330 1353 5377 95.
1387 5352 1450 5375 -ι-
1486 5327 1505 5357 ³
1546 5326 1697 5392 ibid„
1739 5330 1814 5378 14.
1852 5355 1905 5363 -

373 5404 394 5438 ⁸
422 5406 438 5454 l
472 5405 615 5467 Tim„
650 5416 710 5467 1¹,
741 5407 789 5453 ¹0.
814 5429 877 5442 —
912 5403 934 5438 ⁸
965 5400 1101 5453 Psal.
1140 5412 1262 5465 xxv,
1299 5402 1348 5449 3.
1377 5425 1438 5437 -
1472 5399 1492 5429 ⁶
1526 5398 1662 5448 Psal.
1692 5410 1831 5461 cxvi,
1860 5403 1906 5449 2.

2019 673 2165 749 quia
2189 673 2366 731 nimis
2396 676 2482 731 est
2508 672 2800 746 amabile,
2830 675 2996 749 quod
3027 678 3347 738 mandatur
3389 682 3565 739 nimis
3641 733 3644 738 .

2019 768 2263 825 amabili
2277 768 2344 842 (b)
2357 767 2543 827 nimia
2553 766 2848 827 charitate.
2863 773 3099 844 Etnota,
3112 773 3278 847 quod
3295 774 3566 834 nimietas

2016 862 2128 921 ista
2145 863 2282 921 facit
2299 862 2649 921 mandatum
2666 862 2842 920 nimis
2862 863 3058 938 facile,
3072 871 3380 940 peccatum
3391 870 3567 928 nimis

2019 957 2282 1029 difficile,
2304 958 2596 1031 judicium
2616 958 2792 1016 nimis
2820 960 3079 1019 terribile
3104 983 3118 1020 :
3143 963 3406 1037 primum
3433 967 3568 1040 qui-

2016 1053 2155 1111 dem
2183 1058 2425 1128 propter
2458 1055 2705 1114 nimiam
2736 1057 3106 1116 mandatoris
3156 1059 3535 1121 dulcedinem
3545 1082 3564 1132 ς

2015 1148 2345 1206 secundum
2369 1152 2565 1207 autem
2585 1154 2827 1225 propter
2853 1151 3100 1210 nimiam
3125 1154 3454 1226 peccatoris
3478 1155 3568 1213 in-

2019 1242 2465 1315 gratitudinem3
2505 1243 2738 1302 tertium
2773 1245 3015 1302 tandem
3047 1251 3291 1322 propter
3318 1247 3566 1307 nimiam

2014 1335 2384 1409 IudicatoriS,
2415 1341 2471 1395 et
2492 1337 2878 1396 Vindicatoris
2909 1338 3309 1398 formidinem.
3341 1344 3421 1400 De
3447 1342 3567 1417 pri-

2016 1446 2118 1487 mo
2144 1432 2203 1487 ⁷:
2239 1451 2267 1484 α
2293 1432 2503 1489 Latum
2540 1431 2888 1490 mandatum
2914 1437 3083 1490 tuum
3115 1435 3292 1492 nimis
3320 1452 3334 1491 ε
3365 1456 3393 1492 n
3430 1452 3565 1494 ecce

2015 1523 2365 1582 mandatum
2387 1525 2562 1582 nimis
2590 1525 2779 1584 facile.
2803 1529 2882 1583 De
2913 1526 3177 1586 secundo
3204 1527 3351 1585 dixit
3378 1529 3565 1586 David

2019 1617 2098 1674 ad
2135 1619 2446 1675 Dominum
2475 1620 2533 1675 ⁸:
2570 1639 2597 1674 α
2639 1619 2878 1677 Peccavi
2916 1620 3118 1693 nimiS‚
3149 1625 3214 1679 ut
3246 1621 3363 1680 hoc
3412 1622 3561 1681 face·

2015 1725 2172 1768 rem:
2203 1732 2230 1766 η
2252 1726 2385 1770 ecce
2405 1722 2713 1787 peccatum
2733 1712 2910 1770 nimis
2929 1713 3193 1773 difficile.
3218 1718 3295 1773 De
3316 1716 3489 1774 tertio
3509 1720 3563 1774 ⁹:

2024 1824 2054 1861 α
2077 1809 2248 1865 Juxta
2288 1811 2373 1865 est
2429 1806 2555 1866 dies
2592 1809 2824 1867 Domini
2851 1825 3137 1882 magnus,
3174 1811 3342 1884 juxta
3361 1816 3481 1884 est,
3511 1816 3568 1871 et

2018 1900 2198 1959 velox
2224 1901 2438 1959 nimis:
2468 1922 2497 1958 »
2527 1917 2662 1960 ecce
2686 1901 2980 1975 judicium
3005 1903 3183 1963 nimis
3212 1905 3516 1966 terribile.-

2668 2064 2924 2131 Epilogus.

2090 2191 2249 2246 Patet
2297 2189 2496 2265 itaque
2550 2191 2807 2249 suavitas
2857 2193 3254 2266 praeceptivae,
3309 2193 3564 2253 Psalmo·

2019 2282 2248 2356 grapho
2295 2283 2378 2340 sic
2419 2283 2647 2342 dicente
2682 2303 2696 2342 :
2742 2287 3030 2344 Mandasti
3052 2287 3332 2359 ‚iustitiam
3365 2305 3380 2345 :
3428 2304 3561 2346 ecce

2020 2374 2428 2434 charissimum
2494 2378 2797 2452 operabile
2816 2422 2837 2451 ,
2891 2380 3190 2453 pertinens
3251 2381 3329 2439 ad
3391 2381 3561 2440 effec-

2017 2468 2231 2544 tivam;
2277 2474 2599 2529 Testimonia
2636 2479 2731 2530 tua
2762 2493 2776 2531 ε
2826 2491 2961 2533 ecce
2996 2474 3407 2534 charissimum
3443 2493 3562 2535 cre-

2019 2563 2239 2632 dibile,
2285 2566 2531 2624 attinens
2566 2568 2648 2626 ad
2684 2568 3099 2628 intellectivam
3108 2589 3127 2643 3
3155 2571 3232 2626 Et
3273 2573 3559 2628 veritatem

2020 2663 2172 2715 tuam
2194 2677 2212 2713 :
2241 2675 2375 2716 ecce
2403 2660 2812 2719 charissimum
2841 2661 3270 2736 desiderabile,
3295 2667 3561 2737 spectans

2019 2752 2101 2810 ad
2143 2753 2506 2828 affectivam3
2547 2758 2731 2814 Nimis
2750 2797 2771 2826 ,
2815 2771 2951 2814 ecce
2996 2756 3219 2815 amoris
3259 2757 3561 2828 nimietas,

2017 2847 2336 2921 respiciens
2362 2848 2442 2906 ad
2464 2849 2757 2908 charitatis
2782 2851 3253 2924 praerogativam.

2569 3070 2901 3114 vaustcutus
2927 3072 3007 3115 11.

2095 3224 2213 3280 139.
2234 3224 2516 3280 Tabescere
2532 3241 2614 3281 me
2631 3228 2765 3295 fecit
2793 3228 2939 3283 zelus
2961 3241 3129 3297 meus,
3149 3229 3257 3284 etc.
3275 3228 3560 3286 Iustitiam

2016 3315 2432 3389 praeceptivam
2504 3317 2826 3377 elucidavit
2894 3335 3100 3377 versus
3172 3320 3513 3395 praecedens
3540 3341 3559 3394 3

2013 3408 2299 3479 Justitiam
2345 3411 2826 3470 comminativem
2867 3412 3123 3471 elucidat
3173 3430 3377 3471 versus
3416 3431 3565 3489 prae-

2017 3517 2171 3560 sens,
2202 3505 2332 3561 Hoec
2350 3507 2434 3563 est
2451 3504 2676 3577 J'ustitia
2704 3506 2998 3579 terribiliS,
3029 3523 3137 3581 per
3161 3523 3343 3581 quam
3373 3508 3562 3565 Domi-

2018 3612 2132 3653 nus
2159 3597 2553 3656 comminatur
2583 3598 2705 3656 suis
2742 3599 3074 3658 terribiliter
3107 3600 3391 3671 inimicia,
3416 3600 3564 3659 sicut

2016 3693 2199 3763 patet,
2243 3691 2348 3748 ubi
2400 3691 2538 3749 dicit
2586 3691 2868 3751 Dominus
2916 3709 3019 3751 ore
3061 3693 3408 3768 prophetico
3455 3694 3498 3730 ¹⁰
3544 3713 3559 3752 :

2024 3803 2052 3838 α
2102 3786 2502 3845 comminatus
2543 3803 2714 3860 sum,
2770 3791 2835 3844 ut
2887 3786 3251 3844 effunderem
3301 3787 3563 3846 furorem

2015 3893 2221 3935 meum
2265 3894 2443 3953 super
2486 3896 2608 3937 eos.
2646 3900 2674 3933 1>
2728 3881 2889 3939 Unde
2939 3879 3234 3951 mirabile,
3286 3884 3344 3937 et
3387 3881 3566 3940 mira-

2017 3969 2213 4030 biliter
2249 3973 2587 4031 miserabile
2626 3973 2882 4045 videtur,
2923 3973 3091 4047 quod
3132 3972 3266 4030 talis
3313 3974 3560 4032 commi-

2015 4065 2179 4125 natio
2216 4082 2448 4141 semper
2487 4066 2550 4123 in
2584 4067 2876 4125 memoria
2911 4082 3035 4125 non
3073 4066 3348 4125 habetur.
3384 4069 3566 4141 Prop-

2016 4161 2176 4217 terea
2203 4159 2343 4218 dicit
2371 4180 2386 4215 ε
2423 4162 2703 4218 Tabescere
2717 4201 2737 4231 ,
2767 4165 2877 4218 etc.
2897 4159 3118 4233 ,quasi
3144 4160 3303 4219 dicat
3332 4178 3348 4218 :
3378 4163 3563 4219 Motus

2017 4268 2152 4310 sum
2179 4253 2586 4312 misericordia
2621 4270 2801 4328 super
2840 4253 3220 4312 inimicorum
3259 4254 3561 4327 vecordia,

2017 4346 2162 4419 quia
2188 4363 2310 4404 non
2338 4347 2557 4405 habent
2578 4347 2642 4404 in
2660 4347 2951 4406 memoria.
2976 4347 3164 4406 verba
3192 4348 3290 4406 Dei
3320 4348 3562 4405 commi-

2016 4440 2266 4498 natoria.
2310 4442 2569 4510 Quatuor
2605 4457 2748 4513 ergo
2794 4443 3074 4499 notantur
3109 4441 3172 4499 in
3210 4441 3558 4516 proposito:

2016 4533 2422 4593 misericordia
2485 4536 2832 4611 prophetica
2853 4579 2872 4609 ,
2939 4536 3232 4595 memoria
3291 4536 3523 4595 lubrica
3541 4579 3560 4609 ,

2016 4628 2205 4686 verba
2232 4628 2482 4687 terrifica
2500 4672 2521 4700 ,
2549 4630 2830 4689 vecordia
2855 4630 3117 4689 inimica.
3148 4631 3405 4689 Primum
3432 4629 3561 4688 lau-

2017 4721 2258 4795 dabile;
2288 4724 2612 4783 secundum
2636 4724 3061 4800 vituperabile,
3092 4725 3326 4785 tertium
3362 4724 3560 4783 formi-

2018 4815 2253 4891 dabile:
2284 4817 2389 4876 sed
2420 4823 2698 4893 quartum
2730 4818 3096 4880 detestabile.

2514 4977 2802 5036 Articulus
2825 4981 3062 5051 primus.

2088 5101 2351 5161 Primum
2395 5104 2591 5177 patet,
2639 5119 2776 5161 cum
2815 5102 3030 5162 dicitur
3071 5121 3087 5163 :
3152 5104 3427 5163 Tabescere
3479 5121 3561 5165 me

2016 5254 2080 5268 -
2130 5232 2146 5262 ⁷
2192 5230 2334 5282 Psal.
2392 5231 2531 5296 hoc,
2572 5233 2651 5284 96.
2698 5257 2761 5270 -
2804 5231 2827 5267 ⁸
2870 5232 2890 5281 1
2939 5230 3186 5297 Paralip„
3232 5244 3355 5298 xxl,
3400 5236 3448 5287 8.
3498 5259 3559 5274 -

2017 5304 2040 5339 ⁹
2069 5302 2311 5366 Soplaon„
2337 5316 2379 5367 1,
2410 5307 2486 5355 14.
2513 5330 2578 5342 —
2609 5306 2647 5341 ¹⁰
2674 5304 2873 5368 Enoch„
2904 5318 2992 5369 xx,
3024 5306 3105 5355 21.

2091 5400 2157 5463 (a)
2186 5398 2297 5463 [ις.
2315 5402 2635 5453 mentem.-—
2661 5399 2731 5465 (b)
2760 5400 2876 5463 Lea.
2898 5398 3148 5452 amabilis,
3257 5407 3261 5411 “
