4196 6294
126 4542 337 4587 Verbum

116 4605 200 4648 Dei
215 4618 335 4660 quo·

154 4669 293 4712 modo

113 4741 326 4783 pronun-

111 4790 327 4835 tiendum

1633 418 1997 487 PSALMUS
2039 416 2301 485 CXVIII.

361 560 519 634 pitur
532 603 553 635 ,
583 562 641 618 et
666 556 1133 634 quadrupliciter
1159 554 1500 632 dispartitur
1528 574 1546 613 :
1577 555 1908 632 aliquando

362 671 624 730 namque
682 652 1065 712 consolantur
1124 651 1473 727 poenitentes
1526 665 1565 710 a
1615 650 1867 708 Domino
1889 692 1908 722 ,

359 751 615 808 verbum
663 746 765 805 Dei
815 746 1102 820 sagaciter
1155 745 1460 803 audiendo
1475 763 1495 817 3
1541 743 1870 819 aliquando
1887 787 1907 817 ,

362 843 642 902 tenaciter
713 839 1139 912 custodiend03
1197 839 1524 913 aliquando
1544 882 1563 911 ,
1626 839 1911 898 vivaciter

364 935 716 1012 operand03
769 933 1095 1008 aliquando
1161 934 1576 1009 perspicaciter
1642 933 1912 991 conside-

363 1031 577 1088 rando.
612 1033 690 1086 De
718 1032 972 1102 quatuor
993 1026 1116 1085 istis
1141 1026 1404 1085 articulis
1430 1026 1689 1085 seriatim
1717 1026 1912 1100 agitur

363 1123 428 1182 in
468 1124 561 1181 his
607 1125 865 1197 quatuor
899 1119 1222 1179 versiculis.
1270 1122 1499 1180 Primus
1544 1135 1685 1193 ergo
1731 1119 1913 1178 versi·

363 1217 535 1275 culus
594 1216 846 1291 pertinet
898 1215 979 1274 ad
1047 1217 1432 1290 poenitentem
1481 1215 1871 1291 respirantem
1888 1257 1909 1288 ,

362 1310 660 1369 mediante
685 1310 786 1367 Dei
807 1309 1023 1382 verb0,
1048 1309 1246 1385 ipsum
1272 1310 1560 1384 sagaciter
1583 1309 1908 1368 audiendo.

365 1405 530 1462 Unde
556 1404 788 1476 sagacis
815 1402 1103 1462 auditoris
1126 1403 1627 1477 quadrimembris
1647 1403 1910 1462 conditio

363 1499 679 1556 denotatur
718 1496 782 1554 in
824 1497 940 1555 hoc
992 1495 1286 1555 versiculo
1308 1540 1328 1570 ,
1354 1498 1628 1557 videlicet
1665 1497 1912 1555 virilitas

363 1592 682 1658 refricandi
702 1634 722 1664 ,
749 1590 969 1649 utilitas
1014 1590 1405 1650 fructificandi
1423 1634 1443 1665 ,
1482 1592 1752 1652 docilitas
1791 1590 1914 1650 col·

367 1685 631 1758 ligendi,
687 1685 979 1743 subtilitas
1046 1685 1324 1758 eligendi.
1389 1687 1586 1745 Prima
1648 1685 1911 1746 conditio

367 1780 756 1838 contrariatur
772 1778 1143 1838 auditoribus
1171 1780 1514 1854 desidiosis;
1535 1781 1799 1839 secunda
1823 1781 1913 1838 in-

365 1873 676 1933 fructuosis
701 1893 719 1946 ;
748 1872 921 1932 tertia
960 1873 1267 1933 obliviosis
1295 1893 1315 1947 ;
1344 1878 1554 1949 quarta
1601 1873 1908 1933 fabulosis.

862 2034 1152 2092 Articulus
1175 2036 1412 2106 primus.

436 2164 732 2231 Quantum
783 2161 866 2219 ad
916 2162 1177 2237 primam
1227 2160 1632 2220 conditionem
1685 2159 1911 2234 sagacis

367 2255 678 2327 auditoriS,
705 2255 928 2313 scilicet
957 2255 1296 2314 virilitatem
1329 2254 1736 2325 refricationiS,
1764 2270 1911 2329 proe-

363 2349 608 2407 mittitur
634 2368 650 2406 :
678 2352 746 2407 In
776 2351 940 2407 tabiis
967 2353 1130 2417 meis,
1158 2349 1302 2424 quia
1325 2365 1435 2423 per
1458 2350 1724 2409 humana
1748 2349 1911 2408 labia

365 2441 571 2501 divina
592 2443 939 2501 refricentur
955 2443 1216 2516 eloquia.
1237 2447 1306 2501 Et
1328 2446 1493 2516 nota,
1511 2442 1681 2518 quod
1706 2442 1911 2516 huJus·

364 2535 531 2593 modi
557 2534 722 2594 labia
756 2552 882 2594 non
918 2535 1139 2595 debent
1173 2552 1301 2595 esse
1338 2536 1750 2611 aspernantia,
1785 2550 1912 2594 non

363 2631 736 2705 indignantia
753 2674 775 2703 ‚
813 2648 938 2691 non
983 2633 1377 2692 adversantia.
1421 2632 1735 2708 Aspernari
1777 2646 1913 2706 per·

365 2725 512 2784 tinet
562 2726 644 2784 ad
696 2731 1034 2800 tumorem3
1089 2725 1388 2800 indignari
1407 2767 1431 2798 ,
1483 2726 1566 2784 ad
1615 2725 1908 2798 livorem3

364 2819 700 2892 adversari,
737 2821 818 2880 ad
853 2825 1140 2895 teporem.
1182 2822 1261 2878 De
1301 2819 1498 2894 primo
1542 2818 1816 2878 scribitur
1845 2830 1907 2876 ¹:

372 2929 401 2964 α
426 2912 628 2971 Melior
650 2916 737 2972 est
750 2929 1000 2989 pauper,
1025 2914 1131 2989 qui
1160 2914 1432 2973 ambulat
1450 2913 1513 2971 in
1538 2912 1910 2988 simplicitate

367 3020 508 3078 sua,
543 3022 726 3082 quam
760 3007 928 3066 dives
967 3012 1254 3082 torquens
1292 3007 1456 3066 labia
1488 3023 1631 3079 sua3
1676 3025 1708 3062 u
1739 3007 1912 3081 quasi

368 3098 525 3159 dicat
555 3119 571 3159 :
611 3101 812 3161 Melior
856 3105 942 3161 est
990 3101 1230 3161 auditor
1278 3100 1522 3161 humilis
1566 3099 1913 3176 simpliciter

364 3194 701 3270 ambulans,
727 3201 1018 3272 quantum
1036 3197 1118 3255 ad
1144 3196 1313 3255 verbi
1335 3197 1436 3255 Dei
1453 3196 1909 3269 refricationem,

363 3306 546 3364 quam
573 3291 837 3349 tumidus
861 3296 1150 3364 torquens
1174 3290 1339 3349 labia
1363 3306 1495 3363 sua,
1513 3295 1805 3365 quantum
1831 3290 1912 3349 ad

360 3383 746 3443 refricationis
798 3384 1295 3458 aspernationem.
1353 3387 1433 3442 De
1483 3385 1748 3443 secundo
1800 3383 1825 3416 ²
1890 3402 1907 3442 :

370 3497 400 3532 «x
421 3478 602 3537 Labia
637 3478 764 3551 ejus
791 3478 1017 3552 repleta
1043 3480 1180 3536 sunt
1204 3477 1649 3550 indignatione:
1678 3497 1710 3534 ιι
1742 3478 1911 3553 quod

364 3571 578 3630 dicitur
631 3571 707 3629 de
754 3571 1006 3630 Domino
1046 3571 1302 3646 tropice,
1344 3572 1453 3631 sed
1501 3572 1739 3647 proprie
1792 3571 1911 3630 dici

361 3668 555 3740 potest
596 3664 674 3722 de
702 3664 891 3722 livido
934 3665 1227 3724 audItore.
1266 3669 1344 3724 De
1380 3667 1552 3725 tertio
1580 3667 1809 3725 canitur
1837 3670 1860 3704 ³
1889 3684 1908 3724 :

369 3776 399 3812 α
452 3755 633 3815 Labia
686 3774 824 3817 mea
875 3774 1000 3817 non
1053 3760 1390 3835 prohibebo
1440 3781 1459 3817 :
1508 3761 1792 3832 Domine,
1844 3765 1910 3820 tu

366 3852 521 3911 scisti
528 3872 548 3926 3
583 3874 611 3905 »
645 3852 819 3928 quasi
853 3852 1012 3911 dicat
1039 3871 1055 3910 :
1082 3855 1253 3912 Labia
1275 3871 1396 3912 mea
1419 3870 1529 3912 non
1559 3856 1845 3928 prohibebo
1871 3872 1911 3914 a

362 3946 531 4005 verbi
575 3947 656 4005 tui
704 3946 1110 4021 refricatione,
1158 3948 1309 4006 sicut
1347 3949 1566 4008 faciunt
1607 3949 1795 4024 aliqui
1835 3964 1910 4008 ex

365 4041 588 4114 tepore.

843 4115 1125 4172 Articulus
1159 4114 1437 4172 secundus.

435 4230 731 4299 Quantum
760 4229 842 4287 ad
867 4229 1193 4289 secundam
1221 4229 1627 4289 conditionem
1645 4271 1663 4300 ,
1691 4229 1910 4288 scilicet

366 4323 676 4382 utilitatem
700 4323 1186 4397 fructificationiS,
1211 4325 1575 4384 subnectitur
1613 4344 1630 4382 :
1660 4325 1909 4382 Pronun-

367 4424 533 4487 tiavi,
564 4420 629 4479 id
651 4423 766 4493 est,
796 4421 877 4479 ad
901 4422 1211 4481 utilitatem
1238 4420 1607 4479 audientium
1629 4419 1908 4478 eructavi.

363 4516 433 4571 Et
469 4517 650 4586 nota,
698 4514 865 4589 quod
899 4515 1154 4574 verbum
1192 4515 1289 4573 Dei
1339 4514 1517 4573 debet
1541 4513 1911 4588 pronuntiari

364 4607 705 4681 tripliciter:
738 4607 1014 4666 videlicet
1039 4609 1353 4683 sapienter,
1383 4608 1751 4683 eloquenter,
1772 4623 1911 4666 con·

366 4700 619 4760 fidenter
649 4720 664 4759 :
707 4701 1035 4776 sapienter,
1064 4707 1130 4760 ut
1155 4702 1404 4776 doceat-3
1434 4702 1820 4777 eloquenter,
1846 4701 1912 4759 ut

363 4796 597 4871 placeat
614 4816 633 4869 ;
688 4796 1086 4863 confidenter,
1154 4800 1219 4856 ut
1268 4800 1526 4855 moveat.
1582 4800 1662 4855 De
1713 4797 1910 4870 primo

368 4890 581 4947 dicitur
605 4887 627 4922 ¹·
656 4909 672 4946 ε
710 4908 738 4944 α
783 4888 1183 4948 pronuntiabo
1222 4890 1521 4949 mirabilia
1548 4892 1679 4963 tua:
1709 4910 1737 4945 η
1774 4905 1910 4949 ecce

362 4984 744 5059 pronuntiato
809 4985 1043 5059 sapiens
1108 4986 1166 5043 et
1218 4984 1460 5044 docens.
1518 4988 1597 5042 De
1645 4984 1910 5043 secundo

363 5081 527 5140 idem
563 5082 856 5157 propheta
882 5085 904 5119 ⁵
944 5101 960 5140 :
1006 5101 1037 5138 α
1083 5083 1490 5144 pronuntiabit
1528 5084 1735 5157 lingua
1776 5099 1912 5142 mea

367 5175 677 5251 eloquium
715 5180 925 5251 tuum3
955 5198 985 5235 ιο
1018 5193 1154 5236 ecce
1192 5178 1595 5253 pronuntiatio
1623 5178 1913 5254 eloquens

441 5304 454 5333 ¹
481 5303 649 5366 Prov„
679 5316 772 5372 xx,
797 5310 844 5357 1.
874 5331 939 5346 -
964 5306 984 5336 ²
1003 5304 1127 5369 1³0„
1151 5315 1282 5368 xxx,
1307 5306 1390 5356 27.
1416 5330 1481 5343 —
1505 5306 1529 5342 ⁸
1554 5303 1696 5357 Psal.
1726 5317 1910 5371 xxxix,

377 5375 456 5425 10.
479 5399 542 5414 -
566 5375 585 5405 ⁴
612 5376 747 5429 Psal.
771 5388 895 5442 Lxx,
918 5379 998 5431 17.
1024 5403 1088 5418 -
1109 5376 1134 5413 ⁸
1152 5375 1296 5429 Psal.
1321 5375 1439 5440 hoc,
1472 5377 1579 5429 172.
1602 5403 1666 5419 -
1692 5378 1716 5415 ⁸
1735 5378 1913 5441 Lavit„

3445 419 3564 482 335

2017 556 2075 612 et
2095 553 2361 628 placens.
2391 555 2474 613 De
2497 553 2670 614 tertio
2709 555 2734 589 ⁸
2780 571 2796 611 :
2832 571 2863 606 α
2899 554 3082 612 Porro
3108 551 3160 610 si
3182 551 3405 611 steterit
3425 565 3559 610 ma-

2018 648 2175 721 cula,
2203 652 2261 706 et
2288 647 2489 722 capilli
2513 648 2670 722 nigri
2695 646 2934 719 fuerint,
2960 645 3233 705 noverint
3254 645 3564 704 hominem

2018 757 2146 800 esse
2186 746 2457 801 sanatum
2466 782 2490 814 ,
2536 746 2596 800 et
2640 741 3006 807 confidenter
3050 756 3188 798 eum
3225 739 3566 815 pronuntiet

2017 836 2351 909 mundum:
2395 855 2427 892 ι
2485 851 2620 895 ecce
2665 834 3068 911 pronuntiatio
3113 833 3456 907 confidens,
3505 835 3565 891 et

2017 942 2285 988 movens.

2527 1002 2811 1061 Articulus
2839 1003 3056 1059 tertius.

2090 1120 2388 1187 Quantum
2444 1118 2525 1177 ad
2574 1119 2806 1178 tertiam
2856 1116 3282 1187 conditionem,
3310 1115 3561 1189 subjun-

2020 1212 2215 1284 gitur:
2253 1213 2449 1270 Omm'a
2468 1213 2691 1284 ,iudicia
2710 1256 2732 1280 ,
2758 1228 2883 1270 non
2909 1216 3136 1270 tantum
3163 1211 3396 1285 aliqua3
3428 1225 3563 1268 ecce

2019 1303 2293 1364 docilitas
2323 1305 2649 1365 collectiva.
2676 1306 2786 1376 Qui
2814 1306 2975 1365 enim
3002 1305 3205 1364 omnia
3230 1304 3391 1374 dicit,
3418 1303 3567 1361 nihil

2019 1399 2254 1473 excipit.
2288 1402 2354 1457 Et
2387 1406 2559 1474 nota,
2590 1400 2760 1475 quod
2802 1401 2883 1459 ad
2914 1399 3276 1459 docilitatem
3313 1397 3567 1472 pertinet

2019 1493 2290 1551 omnium
2334 1493 2604 1553 collectio
2624 1537 2641 1566 ‚
2680 1493 2936 1553 scilicet:
2982 1493 3184 1551 omnia
3224 1491 3561 1564 audiendo:

2020 1588 2225 1645 omnia
2244 1587 2636 1647 custodiendo
2648 1607 2669 1657 ,-
2694 1588 2897 1646 omnia
2924 1586 3274 1646 erudiendo.
3297 1588 3563 1655 Quorum

2015 1681 2280 1754 primum
2330 1682 2533 1740 attinet
2579 1682 2660 1740 ad
2710 1681 3038 1740 bonitatem
3092 1677 3558 1755 apprehensivoe5

2017 1774 2370 1847 secundum,
2397 1775 2478 1834 ad
2505 1776 2831 1836 bonitatem
2858 1774 3156 1834 retentivae
3171 1794 3189 1847 ;
3220 1773 3456 1831 tertium
3484 1772 3565 1830 ad

2017 1868 2341 1928 bonitatem
2389 1869 2859 1943 interpretativoe.
2892 1873 2968 1927 De
3010 1868 3207 1943 primo
3238 1869 3298 1925 ⁷:
3342 1887 3372 1922 «x
3397 1865 3567 1925 Auris

2016 1962 2127 2020 zeli
2149 1964 2315 2022 audit
2336 1964 2577 2034 omnia,-
2599 1986 2628 2019 ν)
2665 1980 2800 2022 ecce
2829 1962 3098 2023 docilitas
3123 1961 3566 2038 apprehensivae

2018 2059 2248 2116 virtutis
2278 2060 2481 2118 omnia
2505 2059 2861 2134 recipientis,
2889 2063 2968 2118 De
2997 2059 3260 2118 secundo
3288 2060 3312 2094 ⁸
3340 2075 3355 2114 :
3393 2076 3425 2111 α
3449 2059 3564 2115 Ma-

2015 2151 2109 2211 ria
2135 2156 2335 2212 autem
2361 2155 2753 2213 conservabat
2781 2154 2985 2214 omnia
3009 2154 3196 2212 verba
3225 2154 3356 2211 hoec
3373 2196 3393 2225 ,
3424 2168 3559 2210 con-

2015 2246 2211 2305 serens
2237 2248 2302 2305 in
2330 2249 2511 2308 corde
2538 2265 2648 2307 suo
2664 2268 2683 2321 ;
2715 2268 2744 2303 ²>
2783 2266 2918 2307 ecce
2961 2249 3231 2306 docilitas
3266 2247 3566 2307 retentiva:

2016 2341 2245 2400 virtutis
2286 2343 2488 2402 omnia
2516 2344 2936 2402 conservantis
2964 2348 3042 2402 De
3071 2342 3239 2401 tertio
3268 2344 3290 2378 ⁹
3318 2360 3335 2401 :
3370 2362 3398 2396 α
3426 2343 3564 2400 Om-

2016 2433 2118 2494 nia
2144 2452 2533 2512 quaecumque
2575 2437 2779 2496 audivi
2822 2453 2860 2496 a
2885 2439 3050 2495 Patre
3086 2452 3255 2507 meo,
3283 2440 3426 2494 nota
3449 2435 3563 2492 feci

2016 2531 2193 2590 vobis
2211 2574 2231 2605 ,
2277 2552 2306 2587 n
2353 2549 2488 2591 ecce
2521 2532 2793 2592 docilitas
2838 2531 3289 2608 interpretativa:
3335 2530 3563 2589 virtutis

2018 2626 2223 2685 omnia
2247 2628 2593 2687 erudientis.

2498 2789 2785 2847 Articulus
2819 2791 3074 2861 quartus.

2086 2912 2383 2982 Quantum
2432 2910 2512 2969 ad
2562 2916 2836 2986 quartam
2877 2910 3311 2982 conditionem,
3355 2910 3563 2969 subin·

2016 3002 2199 3064 fertur
2255 3022 2270 3063 :
2315 3005 2443 3063 Oris
2500 3008 2606 3078 tui,
2659 3005 2878 3064 scilicet
2918 3002 3242 3076 dominici,
3280 3019 3407 3063 non
3449 3007 3564 3063 ter-

2016 3099 2175 3173 reni,
2228 3115 2353 3159 non
2395 3100 2703 3174 animaHS,
2733 3117 2859 3160 non
2886 3099 3189 3159 diabolici.
3230 3101 3374 3158 Ecce
3416 3098 3560 3158 sub·

2016 3192 2193 3251 tilitas
2229 3195 2490 3268 eligendi
2543 3196 2849 3255 doctorem
2893 3196 3223 3255 virtuosum
3244 3238 3263 3267 ,
3306 3211 3431 3253 non
3479 3195 3565 3252 vi-

2015 3287 2254 3347 tiosum.
2292 3293 2399 3347 Per
2435 3307 2503 3349 os
2528 3306 2792 3365 namque
2837 3289 3205 3348 dominicum
3240 3288 3564 3363 accipimus

2017 3384 2327 3443 doctorem
2355 3385 2674 3445 discretum
2692 3428 2712 3458 ,
2736 3386 2908 3458 juxta
2931 3384 3087 3442 illud
3117 3385 3160 3420 ¹⁰
3199 3404 3214 3442 :
3252 3404 3281 3437 α
3307 3384 3363 3442 Si
3390 3400 3561 3458 sepa·

2015 3478 2240 3536 raveris
2266 3479 2590 3553 pretiosum
2616 3497 2654 3538 a
2678 3479 2805 3551 vili,
2836 3479 3007 3553 quasi
3038 3494 3108 3536 os
3133 3493 3337 3537 meum
3363 3478 3498 3537 eris.
3527 3497 3557 3534 ιο

2016 3571 2082 3629 Et
2110 3576 2253 3632 nota
2265 3614 2287 3645 ‚
2314 3573 2483 3648 quod
2510 3590 2578 3632 os
2607 3573 2976 3632 dominicum
3002 3576 3089 3631 est
3114 3572 3244 3630 aliis
3269 3573 3457 3631 tribus
3487 3572 3561 3630 de
3588 3578 3801 3684 „5222ss

2016 3667 2209 3723 causis
2246 3666 2714 3741 praeeligendum
2743 3687 2759 3725 ε
2797 3671 3001 3741 utpote
3033 3668 3321 3741 quoniam
3361 3667 3562 3726 odori-

2012 3758 2240 3830 ferum,
2286 3761 2685 3834 fructiferum,
2730 3760 3116 3820 salutiferum.
3160 3764 3402 3836 Propter
3438 3762 3560 3836 pri-

2015 3871 2184 3914 mum
2216 3861 2304 3915 est
2347 3857 2716 3916 audiendum
2755 3856 3041 3928 libenter3
3077 3862 3320 3931 propter
3353 3873 3560 3915 secun-

2016 3948 2164 4006 dum
2203 3952 2292 4007 est
2335 3949 2760 4008 attendendum
2795 3948 3283 4023 intelligibiliter3
3320 3955 3564 4025 propter

2013 4042 2249 4100 tertium
2295 4048 2382 4100 est
2432 4042 2856 4115 exequendum
2899 4041 3267 4101 obedienter.
3314 4047 3395 4102 De
3438 4044 3564 4118 pri-

2014 4151 2117 4194 mo
2138 4134 2178 4171 ¹²
2209 4154 2223 4193 :
2258 4155 2288 4193 α
2314 4137 2476 4195 Odor
2503 4138 2623 4195 oris
2650 4137 2768 4207 tui,
2807 4137 2958 4194 sicut
2984 4137 3139 4196 odor
3165 4137 3498 4210 malorum3
3528 4158 3558 4193 n

2019 4244 2157 4287 ecce
2182 4228 2573 4289 ‘odoriferum
2632 4235 2875 4307 propter
2934 4231 3295 4289 facundiam.
3344 4236 3423 4291 De
3474 4247 3564 4289 se-

2016 4323 2216 4382 cundo
2246 4322 2291 4361 ¹²
2315 4343 2331 4381 :
2368 4344 2398 4378 α
2422 4326 2498 4383 Os
2519 4326 2660 4398 justi
2681 4325 2933 4400 parturit
2959 4324 3350 4399 sapientiam;
3374 4348 3401 4379 »
3425 4341 3561 4384 ecce

2017 4434 2084 4477 os
2133 4418 2496 4478 fructiferum
2549 4425 2789 4495 propter
2843 4420 3192 4479 doctrinam.
3252 4424 3331 4479 De
3389 4419 3560 4478 tertio

2015 4511 2243 4571 ibidem
2267 4515 2311 4551 ¹³
2343 4532 2358 4572 :
2388 4517 2592 4572 «Vena
2617 4514 2748 4587 viee,
2767 4531 2835 4574 os
2865 4513 3074 4588 justi5»
3107 4531 3244 4574 ecce
3273 4531 3340 4574 os
3364 4513 3565 4573 saluti-

2015 4605 2207 4668 ferum
2232 4612 2476 4683 propter
2500 4608 2687 4667 vitam
2715 4608 2974 4669 beatam.

2660 4771 2919 4838 Epilogus.

2088 4892 2235 4950 Dicit
2287 4908 2432 4966 ergo
2484 4894 2777 4967 poenitens
2828 4896 3082 4955 verbum
3133 4895 3235 4954 Dei
3278 4895 3564 4969 sagaciter

2018 4986 2289 5060 audiens,
2309 4991 2368 5045 et
2393 4989 2862 5048 consolationem
2890 4991 3191 5049 audiendo
3220 4991 3514 5067 recipiens
3541 5011 3560 5049 :

2022 5084 2088 5139 In
2118 5084 2280 5139 tabiis
2306 5087 2472 5152 meis,-
2504 5098 2641 5142 ecce
2678 5084 2925 5144 virilitas
2970 5090 3175 5144 contra
3209 5085 3561 5144 desidiosos.

2017 5242 2137 5296 xm,
2165 5232 2244 5282 37.
2266 5254 2332 5270 —
2356 5230 2379 5267 ‘¹
2406 5230 2549 5297 Sap„
2580 5242 2619 5293 1,
2651 5234 2729 5284 10.
2757 5259 2819 5271 -
2848 5236 2868 5263 ·
2894 5233 3032 5295 luc„
3061 5245 3123 5297 ιι,
3153 5237 3232 5287 19.
3261 5260 3324 5273 -
3349 5235 3373 5271 ⁹
3398 5236 3563 5294 loon„

2017 5315 2107 5370 xv,
2144 5307 2225 5356 15.
2251 5330 2316 5344 -
2359 5305 2394 5336 ¹⁰
2422 5305 2628 5368 Jerem„
2662 5315 2754 5371 xv,
2790 5309 2868 5359 19.
2899 5332 2964 5346 -
2991 5308 3023 5339 ¹¹
3067 5309 3236 5374 cmm,
3274 5321 3378 5373 vu,
3416 5310 3462 5359 8.
3501 5333 3564 5346 —

2020 5378 2063 5413 ¹¹
2087 5378 2254 5443 Prota,
2282 5389 2340 5441 x,
2366 5379 2447 5431 31.
2476 5403 2541 5420 --
2569 5378 2610 5412 ¹⁸
2635 5376 2786 5444 ibid„
2818 5383 2898 5437 11.
