4196 6294
1762 465 2018 534 CAPUT
2052 464 2157 533 Xl.

363 606 509 685 hoc,
531 605 704 689 quod
720 603 1056 672 videbatur
1073 604 1409 672 retributio
1425 605 1513 687 inj
1519 603 1753 669 ustitiae
1789 603 1898 687 (a),

363 715 623 797 propter
649 730 847 795 quam
874 713 1359 778 assecurabatur
1384 712 1579 776 homo
1605 711 1675 774 in
1704 709 1896 790 malo,

361 822 427 885 et
447 819 732 902 torpebat
749 819 829 884 ad
847 820 1112 884 bonum.
1143 818 1516 884 Remedium
1542 822 1756 882 autem
1777 818 1901 882 hoc

360 926 645 993 consistit
681 927 749 991 in
787 927 1290 993 consideratione
1326 926 1762 992 retributionis
1796 926 1900 990 fu-

359 1039 560 1114 turae3
604 1040 669 1100 et
713 1035 1019 1118 quoniam
1063 1034 1230 1099 Deus
1271 1035 1505 1098 tribuet
1532 1035 1607 1117 (b)
1639 1035 1861 1099 benefa
1876 1068 1901 1082 ·

360 1142 676 1207 cientibus
707 1142 909 1221 bona,
940 1145 1005 1206 et
1031 1141 1568 1206 malefacientibus
1595 1142 1901 1207 retribuet

359 1249 552 1327 mala,
588 1250 730 1314 ideo
765 1249 975 1332 primo
1006 1267 1089 1313 ex
1116 1248 1615 1314 consideratione
1649 1248 1900 1331 praemii

357 1357 588 1423 invitat
616 1357 687 1439 (c)
724 1358 805 1421 ad
829 1357 1068 1422 bonum
1090 1379 1107 1435 ;
1130 1358 1412 1423 secundo
1437 1374 1519 1422 ex
1550 1357 1900 1422 considera-

355 1463 525 1529 tione
565 1463 859 1547 supplicii
898 1467 1154 1529 revocat
1199 1482 1240 1528 a
1275 1463 1480 1543 male,
1510 1464 1601 1528 ibi
1631 1476 1734 1543 (v.
1766 1464 1843 1548 8)
1875 1487 1892 1528 ε

353 1572 429 1637 Se·
462 1573 660 1638 annis
698 1571 919 1638 multis
957 1571 1205 1637 vixerit
1244 1570 1449 1651 homo,
1482 1574 1603 1635 etc.
1641 1569 1914 1643 Bonum,

353 1679 594 1758 autem,
607 1677 687 1744 ad
696 1679 865 1761 quod
885 1678 1113 1742 invitat
1121 1678 1236 1759 (d),
1250 1681 1348 1742 est
1359 1678 1601 1742 bonum
1619 1678 1890 1761 pietatis,

352 1801 499 1866 quae
526 1784 696 1849 valet
719 1785 801 1850 ad
838 1785 1075 1865 omnia,
1099 1791 1163 1849 et
1196 1790 1448 1868 propter
1477 1802 1672 1867 quam
1697 1786 1897 1849 maxi-

352 1909 458 1955 me
493 1893 654 1974 justi
694 1892 1047 1971 salvantur,
1098 1893 1261 1957 sicut
1303 1896 1476 1976 patet
1509 1892 1682 1975 apud
1717 1892 1893 1959 Mat-

352 1998 588 2065 thoeum
611 2001 654 2076 ¹,
702 1999 816 2064 ubi
862 2000 997 2064 sola
1037 2018 1231 2082 opera
1274 1998 1729 2063 misericordiae
1764 2018 1890 2064 nu-

351 2108 703 2170 merantur.
736 2105 882 2171 Ideo
908 2106 1206 2171 hortatur
1231 2105 1337 2170 hic
1362 2105 1444 2171 ad
1472 2123 1666 2188 opera
1694 2106 1892 2171 mise-

348 2210 669 2292 ricordiae‚
717 2217 786 2277 et
822 2213 1244 2296 eleemosynae
1290 2213 1591 2278 faciendae
1637 2217 1894 2296 propter

347 2320 874 2386 retributionem:
920 2325 983 2386 et
1024 2321 1232 2404 primo
1281 2321 1579 2385 hortatur
1618 2324 1689 2384 ut
1734 2321 1894 2383 flant

347 2426 653 2505 libenter-3
699 2429 999 2507 secundo,
1043 2433 1118 2493 ut
1159 2430 1318 2493 flant
1353 2429 1772 2508 abundanter,
1801 2428 1889 2491 ibi

350 2535 435 2615 (v.
454 2534 510 2616 2)
541 2536 673 2601 :Da
684 2541 898 2617 partes
915 2542 1073 2617 octo,
1094 2541 1240 2615 etc.;
1270 2537 1479 2617 tertio,
1512 2541 1584 2601 ut
1611 2538 1767 2601 fiant
1787 2537 1888 2600 in-

345 2643 784 2722 caesanter‚ibi
804 2648 889 2725 (v.
905 2642 959 2724 4)
983 2663 998 2705 z
1027 2644 1150 2717 Qui
1163 2643 1451 2711 observat
1468 2649 1744 2723 ventum,
1766 2648 1884 2707 etc.

344 2747 506 2814 Cum
531 2767 690 2831 ergo
720 2749 1015 2814 hortatur
1048 2756 1120 2815 ut
1147 2752 1304 2815 flant
1329 2751 1689 2816 voluntarie
1716 2756 1780 2815 et
1805 2750 1886 2814 li-

343 2856 587 2936 benter,
645 2858 976 2940 praemittit
1024 2859 1532 2924 exhortationem
1550 2908 1570 2939 ,
1620 2863 1684 2924 et
1728 2859 1887 2923 sub-

334 2965 564 3046 jungit
595 2966 1103 3031 retributionem.
1135 2966 1523 3032 Exhortatur
1561 2968 1769 3049 igitur
1807 2969 1889 3032 ad

342 3070 612 3137 libenter
639 3072 1106 3157 eleemosynam
1124 3074 1504 3154 faciendam3
1532 3075 1676 3139 ideo
1700 3074 1881 3140 dicit:

341 3181 530 3248 Mitte
561 3197 794 3264 panem
822 3186 1034 3260 tuum,
1078 3182 1142 3246 id
1173 3186 1299 3263 est,
1336 3183 1608 3248 libenter
1640 3188 1705 3248 et
1729 3184 1888 3248 libe-

341 3287 559 3353 raliter
602 3290 683 3354 da
704 3337 722 3369 ,
761 3307 892 3354 non
938 3308 1052 3372 per
1090 3290 1516 3354 extorsionem
1535 3337 1555 3368 ,
1594 3294 1658 3356 et
1701 3291 1884 3373 quasi

339 3401 595 3462 coactus
617 3399 669 3460 ²:
703 3420 734 3457 α
764 3397 1213 3481 Unusquisque
1236 3402 1426 3481 prout
1448 3398 1789 3463 destinavit
1816 3398 1884 3462 in

341 3506 529 3569 corde
569 3523 712 3584 suo,
742 3523 873 3569 non
917 3524 999 3570 ex
1027 3505 1315 3586 tristitia,
1345 3509 1459 3570 aut
1495 3524 1577 3570 ex
1606 3505 1880 3570 necessi-

341 3614 507 3676 tate:
546 3613 816 3677 hilarem
843 3612 1017 3677 enim
1054 3613 1338 3677 datorem
1375 3612 1587 3695 diligit
1622 3611 1811 3677 Deus,
1846 3635 1879 3672 s

341 3716 578 3783 Panem
623 3726 836 3799 tuum,
875 3738 1006 3784 non
1049 3719 1329 3784 alienum
1357 3719 1418 3783 ⁸:
1461 3741 1492 3780 α
1534 3718 1655 3796 Qui
1696 3720 1884 3785 offert

341 3824 742 3918 sacrificium·
769 3844 851 3890 ex
899 3826 1249 3891 substantia
1294 3825 1596 3909 pauperis
1615 3873 1633 3903 ,
1690 3826 1874 3908 quasi

339 3931 454 4014 qui
471 3930 757 3996 victimat
774 3932 977 3996 fllium
997 3932 1064 3996 in
1083 3935 1340 4016 aspectu
1366 3932 1584 4015 patris.
1617 3955 1648 3992 2>
1668 3935 1882 4016 Super

341 4044 742 4104 transeuntes
761 4054 995 4119 aquas.-
1009 4037 1031 4073 ⁸
1047 4039 1314 4121 «Aquas,
1336 4057 1495 4121 quas
1511 4038 1749 4120 vidisti,
1767 4040 1879 4105 ubi

338 4144 644 4209 meretrix
686 4143 893 4220 sedet,
943 4144 1164 4226 populi
1207 4148 1390 4224 sunt,
1441 4147 1505 4208 et
1551 4148 1797 4226 gentes.
1841 4169 1873 4205 κ

340 4249 764 4316 Transeuntes
805 4268 989 4333 aquae
1035 4254 1216 4328 sunt,
1262 4251 1377 4334 qui
1423 4255 1756 4316 transeunt
1803 4253 1880 4317 de

341 4362 535 4438 gente
557 4358 628 4421 in
653 4360 911 4440 gentem
925 4406 942 4438 ,
984 4360 1048 4422 et
1079 4357 1158 4421 de
1196 4375 1402 4440 regno
1445 4358 1526 4423 ad
1569 4358 1878 4442 populum

339 4465 650 4545 alterum;
699 4464 859 4529 tales
902 4469 1052 4530 sunt
1095 4465 1419 4547 peregrini
1466 4468 1531 4530 et
1574 4466 1874 4548 advenae3

337 4572 473 4639 istis
517 4574 802 4639 facienda
844 4576 942 4638 est
986 4572 1387 4656 eleemosyna
1424 4574 1446 4609 ⁸
1483 4591 1501 4637 ε
1546 4595 1578 4634 α
1621 4571 1878 4658 Frange

339 4682 643 4749 esurienti
680 4701 913 4766 panem
935 4686 1122 4747 tuum
1141 4729 1159 4760 ,
1189 4686 1252 4746 et
1282 4699 1521 4764 egenos
1549 4699 1878 4766 vagosque

337 4791 530 4859 induc
556 4792 625 4857 in
653 4792 916 4858 domum
946 4795 1149 4856 tuam.
1178 4813 1210 4850 ι»
1232 4789 1345 4856 Vel
1371 4808 1560 4874 aquae
1597 4796 1745 4855 sunt
1771 4792 1878 4868 tri-

338 4901 691 4967 bulationes
716 4904 1083 4984 praesenteS,
1105 4901 1299 4982 juxta
1323 4899 1479 4965 illud
1505 4901 1571 4964 ⁸:
1607 4922 1638 4960 «ι
1669 4898 1874 4965 Intra-

336 5012 571 5077 verunt
622 5027 808 5093 aquae
853 5026 1058 5093 usque
1099 5007 1180 5071 ad
1222 5006 1502 5072 animam
1551 5024 1784 5072 meam.
1835 5030 1866 5067 n

336 5116 763 5183 Transeuntes
788 5134 974 5201 aquae
1001 5119 1154 5182 sunt
1180 5132 1514 5198 pauperes,
1542 5120 1607 5180 et
1631 5114 1870 5196 afflicti,

403 5245 415 5273 ¹
444 5243 650 5306 natta„
676 5256 779 5295 xxv
788 5281 806 5308 ,
835 5243 999 5295 3⁴40.
1028 5268 1090 5280 —
1110 5241 1134 5276 ²
1162 5242 1201 5291 ll
1233 5241 1370 5304 Cor„
1400 5252 1474 5303 11,
1494 5241 1542 5293 Ἰ.
1565 5266 1631 5278 -
1650 5240 1674 5276 ⁸
1695 5238 1880 5306 Eccli„

335 5323 522 5379 xxxxv,
550 5320 630 5368 2⁴.
663 5342 726 5355 —
751 5317 770 5348 ⁴
797 5315 968 5382 Apoc„
994 5325 1134 5377 xvn,
1164 5317 1241 5365 15.
1272 5339 1328 5350 -
1358 5313 1381 5349 ⁸
1403 5314 1522 5375 loa„
1553 5324 1709 5377 van,
1735 5314 1784 5362 7.
1816 5337 1872 5350 --

337 5385 360 5422 ⁸
388 5388 519 5439 Peal.
558 5402 746 5454 ιινῐη,
780 5392 827 5439 2.
857 5415 918 5428 -
953 5387 973 5424 ²
1012 5388 1150 5450 Luc„
1187 5395 1297 5452 xiv,
1333 5387 1408 5438 ¹3.
1441 5412 1504 5425 —
1533 5388 1553 5417 ⁸
1577 5384 1751 5448 Eceli„
1778 5396 1877 5450 ιιι,

337 5459 387 5508 2·
417 5486 477 5497 —
501 5461 526 5496 ⁸
551 5462 685 5528 Luce,
714 5472 823 5527 xvr,
851 5464 900 5515 9.
928 5485 991 5500 -
1024 5462 1064 5497 ¹⁰
1090 5460 1133 5512 ll
1163 5459 1304 5523 Gon,
1335 5470 1452 5522 vm,
1483 5460 1558 5510 1⁴.
1582 5482 1647 5497 -
1674 5460 1708 5490 ¹¹
1736 5459 1873 5523 Luc„

3425 472 3536 540 671

2007 603 2122 686 qui
2146 620 2261 685 per
2287 602 2726 670 tribulationes
2752 609 3090 673 transeunt
3114 608 3195 674 ad
3221 609 3540 693 requiem3

2005 710 2241 775 talibus
2278 713 2373 774 est
2417 709 2814 796 eleemosyna
2856 715 3140 781 facienda
3180 722 3204 757 '¹
3239 737 3256 780 ε
3309 739 3341 778 α
3383 715 3544 782 Cum

2005 817 2163 881 facis
2195 816 2593 899 convivium,
2639 838 2797 885 voca
2834 839 3145 905 pauperes
3180 841 3255 888 ac
3281 822 3540 905 debiles,

2005 942 2208 989 caecos
2244 927 2306 988 et
2331 924 2609 989 claudos,
2638 948 2668 986 n
2704 927 2783 992 Et
2810 929 3098 994 redditur
3124 930 3326 995 ratio:
3365 930 3543 1010 Quia

2000 1037 2146 1115 post
2181 1037 2462 1114 tempora
2505 1034 2706 1099 multa
2747 1037 3035 1102 invenies
3077 1036 3260 1102 illum
3277 1085 3300 1116 ,
3342 1038 3408 1102 id
3447 1042 3544 1103 est

2001 1139 2482 1204 retributionem
2510 1158 2628 1222 pro
2653 1140 2804 1206 illo:
2841 1161 2973 1207 non
2999 1149 3166 1225 {ergo
3203 1144 3413 1209 deficit
3447 1163 3544 1212 re-

2001 1246 2295 1325 tributio,
2320 1246 2430 1311 sed
2459 1246 2749 1312 differtur
2773 1250 2837 1312 ⁸:
2875 1272 2905 1310 α
2931 1248 3201 1314 Benefac
3234 1253 3446 1334 justo,
3477 1255 3543 1317 et

2003 1353 2291 1417 invenies
2330 1353 2810 1419 retributionem
2844 1373 3153 1436 magnam
3169 1404 3190 1435 ,
3228 1361 3293 1421 et
3328 1359 3542 1423 sinon

2002 1461 2084 1526 ab
2120 1461 2291 1544 ipso,
2334 1465 2504 1526 certe
2534 1480 2575 1526 a
2602 1462 2888 1528 Domino.
2918 1485 2950 1523 n
2986 1463 3149 1533 Item.
3172 1464 3235 1528 ⁹:
3268 1487 3299 1526 a
3327 1464 3540 1531 Facite

2002 1567 2185 1633 vobis
2211 1567 2449 1632 amicos
2475 1567 2553 1632 de
2579 1586 2943 1634 mammona
2968 1570 3344 1654 iniquitatis.
3375 1594 3408 1633 n

2056 1680 2118 1738 Ξ.
2143 1675 2249 1740 Da
2257 1679 2475 1757 partes
2487 1679 2747 1756 septem,
2766 1679 2885 1740 etc.
2900 1675 3017 1740 Hic
3034 1678 3312 1745 secundo
3332 1680 3539 1746 horta-

1998 1780 2202 1845 turad
2228 1781 2512 1846 dandum
2539 1782 2962 1859 abundanter,
2983 1787 3048 1848 et
3075 1785 3405 1866 praemittit
3428 1807 3536 1853 ex-

1998 1887 2446 1968 hortationem,
2462 1894 2523 1955 et
2532 1892 2870 1974 subjungit
2887 1893 3222 1959 rationem.
3233 1894 3537 1962 Exhorta-

1998 1998 2108 2058 tur
2128 2013 2290 2077 ergo
2310 1996 2392 2060 ad
2414 1996 2890 2079 abundantiam,
2917 2000 3167 2066 dicens:
3199 2002 3297 2068 Da
3319 2010 3537 2085 partes

1996 2108 2261 2185 septem,
2308 2119 2549 2170 necnon
2587 2109 2645 2171 et
2685 2111 2855 2184 octo,
2896 2105 2963 2170 id
3006 2111 3137 2188 est,
3183 2110 3534 2176 secundum

1996 2210 2474 2293 possibilitatem
2500 2213 2761 2278 tuarum
2785 2212 3046 2293 virium,
3077 2215 3160 2279 da
3183 2216 3532 2303 eleemosy-

1995 2337 2173 2396 nam,
2204 2323 2298 2399 ut,
2328 2320 2466 2384 sive
2493 2336 2735 2402 pauper
2761 2320 2982 2401 fueris,
3015 2323 3154 2387 sive
3185 2323 3393 2403 dives,
3423 2326 3534 2391 des

1995 2425 2314 2491 bonorum
2341 2430 2604 2490 tuorum
2635 2427 2970 2510 septimam
3009 2435 3073 2493 et
3112 2433 3437 2511 octavam,
3466 2432 3533 2498 id

1995 2537 2124 2613 est,
2153 2537 2397 2615 partem
2429 2552 2784 2617 pauperum
2805 2535 3010 2600 *facias
3035 2536 3269 2602 honam
3300 2545 3348 2580 ¹⁰
3366 2557 3427 2603 τοι
3456 2539 3533 2606 Ut

1993 2644 2209 2704 vestra
2272 2641 2660 2705 abundantia
2724 2641 2979 2708 illorum
3031 2644 3313 2727 inopiam
3376 2666 3528 2731 sup·

1993 2746 2183 2830 pleat.
2213 2769 2245 2808 »
2281 2747 2359 2813 Et
2398 2751 2441 2790 ¹¹
2476 2770 2492 2812 ι
2539 2773 2571 2810 α
2615 2748 2767 2814 Date
2822 2750 3288 2836 eleemosynam
3334 2756 3413 2821 de
3451 2775 3530 2823 eo

1993 2855 2169 2938 quod
2194 2860 2498 2938 superest.
2529 2878 2561 2916 ιο
2598 2856 2743 2922 Ideo
2767 2858 2916 2922 dicit
2939 2881 2955 2924 ε
3000 2861 3105 2927 Da
3133 2866 3353 2944 partes
3378 2878 3527 2946 sep-

1992 2970 2149 3028 tem:
2171 2981 2285 3047 per
2310 2964 2633 3028 senarium
2661 2965 2833 3029 enim
2859 2966 3302 3050 intelligimus,
3327 2988 3529 3053 quan-

1990 3073 2133 3133 tum
2150 3070 2385 3134 sufficit
2402 3070 2480 3134 ad
2502 3069 2917 3155 supplendam
2938 3076 3370 3141 necessitatem
3387 3096 3529 3161 pro-

1990 3175 2197 3258 priam
2219 3197 2237 3255 ;
2269 3177 2579 3261 quidquid
2605 3179 2777 3244 ultra
2805 3179 2960 3245 illud
2989 3185 3107 3262 est,
3135 3183 3369 3249 dicitur
3393 3201 3528 3269 sep-

1991 3288 2116 3349 tem
2138 3288 2196 3350 et
2218 3290 2374 3364 octo,
2403 3290 2465 3349 et
2482 3284 2603 3349 hoc
2630 3288 3017 3370 pauperibus
3036 3293 3135 3353 est
3151 3289 3530 3358 distribuen-

1989 3388 2170 3454 dum.
2213 3389 2353 3456 Non
2389 3397 2486 3456 est
2524 3394 3054 3476 congregandum
3090 3395 3159 3459 in
3195 3397 3529 3466 thesauros

1987 3499 2305 3579 terrenos,
2337 3501 2445 3564 sed
2473 3501 2783 3582 coelestes;
2816 3503 2987 3568 unde
3011 3505 3095 3568 ¹⁸:
3128 3526 3159 3565 α
3194 3505 3529 3573 Thesauri-

1987 3612 2125 3671 zate
2148 3606 2332 3672 vobis
2352 3608 2682 3675 thesauros
2707 3611 2774 3675 in
2802 3611 2983 3691 coelo,
3004 3613 3116 3677 ubi
3139 3632 3256 3678 nec
3273 3633 3521 3699 aerugo,

1986 3732 2107 3779 nec
2144 3715 2315 3780 tinea
2358 3715 2718 3782 demolitur.
2751 3740 2782 3777 ι)
2818 3717 2897 3782 Et
2933 3718 2979 3758 ¹³
3009 3739 3025 3783 :
3072 3741 3103 3781 e
3131 3720 3200 3784 Si
3246 3721 3526 3789 multum

1986 3821 2105 3885 tibi
2147 3823 2375 3901 fuerit,
2424 3823 2821 3888 abundanter
2864 3824 3099 3904 tribue3
3157 3827 3211 3891 si
3257 3846 3521 3911 parum,

1987 3929 2183 3995 etiam
2235 3930 2393 3995 illud
2450 3931 2722 3997 libenter
2765 3931 3077 4014 impertiri
3121 3936 3327 4001 stude.
3371 3960 3403 3997 ι»
3446 3937 3524 4003 Et

1987 4037 2148 4102 ratio
2172 4037 2284 4121 huj
2293 4057 2372 4103 us
2389 4038 2702 4120 largitatis
2721 4039 3024 4121 redditur,
3049 4059 3198 4107 cum
3218 4044 3518 4112 infertur:

1991 4142 2154 4216 Quia
2192 4145 2494 4228 iquoras3
2534 4149 2598 4210 et
2636 4145 2971 4229 multiplex
3006 4149 3293 4216 redditur
3323 4154 3518 4234 rati0,

1985 4250 2256 4315 scilicet:
2291 4257 2548 4335 propter
2575 4253 2885 4319 cautelam
2912 4256 3062 4320 mali
3075 4274 3100 4338 3
3131 4259 3302 4324 unde
3329 4260 3513 4327 dicit:

1985 4357 2286 4440 Iamo-as,
2315 4358 2487 4442 quod
2524 4361 2615 4428 sic
2648 4361 2935 4441 futurum
2973 4363 3133 4431 malz·
3150 4381 3350 4450 super
3391 4375 3520 4437 ter·

1984 4482 2160 4534 ram:
2188 4468 2343 4552 quia
2366 4487 2525 4551 ergo
2553 4487 2682 4534 non
2704 4489 2772 4534 es
2790 4475 3020 4552 certus,
3044 4491 3299 4540 neeesse
3324 4476 3520 4543 habes

1983 4574 2105 4639 tibi
2139 4575 2500 4657 providere,
2554 4595 2637 4643 ne
2671 4577 2910 4643 incidas
2936 4579 3008 4643 in
3041 4581 3427 4664 periculum:
3457 4592 3519 4651 et

1983 4683 2341 4749 remedium
2379 4685 2695 4770 optimum
2740 4691 2835 4753 est
2872 4688 3204 4756 abundans
3239 4692 3519 4760 eleemo-

1982 4809 2144 4874 syna
2189 4791 2232 4828 ¹⁸
2260 4814 2275 4856 ε
2306 4815 2337 4855 e
2380 4792 2693 4860 Conclude
2741 4794 3212 4881 eleemosynam
3256 4802 3325 4867 in
3372 4804 3520 4871 sinu

1982 4900 2303 4983 pauperis,
2333 4906 2395 4965 et
2431 4900 2570 4966 haec
2594 4920 2712 4985 pro
2739 4905 2803 4968 te
2832 4905 3109 4986 rogabit,
3139 4910 3203 4972 et
3226 4908 3520 4980 liberabit

1983 5007 2063 5071 ab
2111 5008 2289 5073 omni
2335 5008 2526 5074 male.
2576 5030 2608 5069 n
2657 5009 2920 5095 Propter
2963 5014 3518 5099 amplificationem

1982 5115 2196 5180 meriti
2213 5116 2364 5181 dicit
2392 5122 2478 5198 (v.
2503 5116 2560 5201 3)
2583 5138 2597 5182 :
2631 5119 2719 5187 Si
2740 5120 2988 5202 replete
3014 5123 3261 5204 tuerint
3286 5128 3481 5199 nubes
3491 5135 3513 5212 3

1982 5242 2068 5295 11,
2115 5234 2192 5282 41.
2232 5257 2295 5271 —
2346 5233 2385 5267 ¹²
2418 5232 2622 5297 nauh„
2664 5245 2746 5299 vx,
2789 5237 2868 5287 20.
2911 5262 2973 5275 -
3012 5237 3051 5274 ¹⁸
3091 5239 3228 5308 Tob„
3267 5255 3339 5309 iv,
3378 5247 3427 5297 9.
3454 5274 3516 5289 --

1984 5305 2023 5339 ¹⁴
2048 5303 2231 5366 Eccli„
2260 5317 2405 5370 xxix,
2437 5310 2513 5358 15.

2045 5385 2116 5448 (a)
2139 5385 2266 5438 Coee.
2289 5385 2408 5436 edit.
2428 5386 2656 5452 justitioe.
2678 5413 2732 5424 —
2761 5385 2831 5454 (b)
2868 5389 2994 5442 Item
3013 5392 3206 5447 tribuit.
3225 5420 3282 5435 -
3305 5398 3368 5464 (e)
3394 5401 3515 5455 Item

1981 5456 2167 5510 mittet.
2196 5482 2258 5498 -
2291 5458 2368 5524 (α)
2397 5460 2521 5511 uem
2551 5459 2788 5512 invitant.
