4196 6294
76 4492 305 4534 statuere

59 4553 208 4609 qnid.

1593 460 1958 528 PSALMUS
2000 462 2261 528 cxvnl.

339 604 440 664 Cor
483 601 652 673 dicit,
697 602 941 675 propter
975 599 1351 692 intrinsecam
1387 597 1671 657 unitatem
1707 598 1882 657 affec-

340 696 517 756 tionis
526 716 545 769 3
573 699 722 753 viam
738 737 758 767 ,
794 696 1037 769 propter
1062 692 1347 752 unitatem
1375 691 1761 751 extrinsecam
1785 709 1881 751 ac-

338 782 537 861 tionis,
554 790 652 848 vel
669 786 960 861 regularis
977 786 1425 846 observationis,
1443 789 1521 845 De
1544 785 1806 847 secundo
1823 786 1841 820 ²
1860 806 1874 844 :

345 903 375 940 ι
397 887 571 944 Justae
610 886 667 942 et
702 897 857 940 verae
893 884 1030 940 sunt
1064 881 1180 940 viae
1213 884 1328 939 tuas
1356 880 1463 956 (a),
1497 881 1740 945 Domine
1775 897 1893 967 rex‘

340 983 699 1038 sanctorum.
745 996 773 1032 n
814 978 1009 1044 Justoe,
1062 976 1230 1049 dico,
1278 977 1421 1051 quia
1468 977 1594 1034 sine
1641 974 1880 1034 alterius

339 1071 712 1148 praejudicio,
739 1074 1028 1145 quantum
1055 1069 1135 1130 ad
1153 1070 1505 1144 temporalia
1518 1088 1537 1142 ς
1560 1082 1716 1140 verae,
1738 1069 1881 1144 quia

339 1168 465 1226 sine
492 1163 836 1237 mendaci0,
868 1167 1158 1240 quantum
1186 1163 1264 1223 ad
1291 1164 1636 1239 spiritualia.
1666 1166 1746 1222 De
1772 1168 1882 1223 ter·

340 1260 423 1319 tio
450 1258 509 1317 ²:
548 1279 577 1314 α
603 1262 757 1319 Doce
793 1274 896 1319 eos
925 1257 1098 1316 -viam
1135 1259 1393 1331 bonam,
1428 1274 1537 1332 per
1581 1274 1764 1332 quam
1790 1258 1881 1317 in-

339 1353 707 1427 grediantur,
738 1372 768 1408 v>
801 1351 973 1426 quasi
997 1351 1186 1410 dicat:
1224 1355 1377 1411 Doce
1404 1351 1689 1412 israelitas
1724 1351 1881 1410 viam

340 1447 563 1506 bonam
621 1447 921 1506 bonorum
975 1446 1392 1520 temporalium
1440 1445 1883 1505 communicati-

339 1557 506 1612 vam,
534 1556 644 1615 per
669 1555 852 1614 quam
878 1540 1283 1614 ingrediantur
1309 1539 1389 1597 ad
1416 1540 1615 1598 vitam.

982 1706 1241 1772 Epilogus.

411 1831 555 1891 Dicit
591 1845 735 1905 ergo
758 1849 777 1886 :
821 1833 1012 1889 Averte
1050 1831 1226 1888 oculos
1263 1845 1434 1901 meos,
1478 1831 1770 1903 quantum
1803 1830 1885 1889 ad

343 1924 634 2000 appetitus
685 1922 1087 1995 debilitatem,
1138 1938 1324 1998 quam
1370 1921 1511 1997 petit
1552 1924 1764 1996 averti:
1801 1926 1886 1984 Ne

340 2020 575 2089 videam,
589 2020 879 2093 quantum
898 2016 980 2077 ad
995 2016 1310 2093 appetendi
1324 2015 1685 2089 facilitatem,
1701 2033 1885 2092 quam

342 2115 469 2174 vult
485 2112 728 2187 reverti;
755 2116 1092 2184 vanitatem,
1120 2114 1411 2186 quantum
1437 2110 1518 2170 ad
1545 2110 1886 2187 appetibilis

343 2208 747 2281 inutilitatem,
788 2223 826 2265 a
861 2222 983 2281 qua
1026 2204 1235 2280 quaerit
1272 2203 1483 2261 diverti
1494 2224 1512 2276 3
1555 2207 1624 2263 ln
1658 2207 1753 2261 via
1791 2211 1885 2263 tua

339 2305 559 2373 vivifica
592 2318 695 2375 me,
726 2303 1015 2375 quantum
1050 2299 1131 2358 ad
1166 2298 1503 2373 appetibilis
1545 2297 1880 2372 utilitatem,

342 2395 421 2454 ad
450 2410 634 2471 quam
661 2395 822 2470 cupit
849 2394 1130 2453 converti.

767 2583 779 2598 ⁹
892 2616 1221 2660 vensicutus
1255 2616 1333 2657 vr.

411 2779 502 2835 38.
523 2778 712 2835 Statue
728 2789 878 2832 servo
894 2779 1003 2845 tuo,
1019 2777 1128 2831 etc.
1142 2775 1353 2830 Versus
1368 2772 1707 2847 praecedens
1721 2773 1886 2831 timo-

338 2886 466 2930 rem
493 2869 757 2944 primum
784 2867 1122 2943 supposuit,
1159 2868 1308 2925 sicut
1333 2866 1664 2925 remedium
1687 2867 1884 2941 requi-

340 2965 516 3023 situm
537 2963 842 3037 exposuit3
872 2976 1075 3019 versus
1097 2976 1353 3035 praesens
1383 2961 1659 3018 timorem
1682 2976 1884 3019 seeun-

341 3060 488 3117 dum
523 3056 832 3131 supponit,
874 3056 1025 3113 sicut
1062 3054 1394 3114 remedium
1435 3054 1756 3129 expetitum
1784 3071 1884 3113 ex-

337 3153 527 3229 ponit.
559 3155 910 3227 supponens
951 3149 1111 3208 enim
1140 3149 1341 3208 anima
1384 3149 1686 3222 timorata,
1718 3150 1885 3224 quod

337 3246 654 3307 affabilitas
691 3244 999 3304 hominem
1042 3244 1301 3303 declinat
1339 3243 1420 3302 ad
1455 3243 1731 3302 timorem
1775 3244 1887 3302 hu-

337 3358 585 3400 manum
613 3341 843 3415 potius,
873 3353 1057 3414 quam
1084 3337 1352 3396 divinum
1369 3380 1389 3409 ,
1415 3336 1561 3411 petit
1586 3352 1618 3394 e
1647 3340 1880 3406 contra,

340 3435 507 3511 quod
537 3434 854 3493 affabilitas
893 3448 1002 3491 sua
1039 3448 1074 3490 a
1112 3432 1362 3489 Domino
1399 3430 1785 3505 producatur,
1820 3431 1883 3488 in

337 3544 576 3588 servum
598 3528 1025 3597 introducatur,
1048 3524 1129 3583 ad
1150 3540 1470 3584 conservos
1491 3524 1885 3597 conducatur,

338 3623 419 3683 ad
443 3622 761 3682 Dominum
788 3620 1135 3705 reducatur:
1182 3619 1568 3694 producatur,
1597 3619 1880 3693 inquam,

335 3733 444 3792 per
483 3716 809 3793 potentiam
824 3735 843 3787 ;
889 3714 1303 3794 introducatur
1344 3729 1452 3788 per
1499 3713 1879 3788 sapientiam:

339 3811 703 3870 conducatur
731 3825 839 3884 per
864 3808 1299 3882 eloquentiam:
1335 3806 1653 3866 reducatur
1684 3809 1882 3864 autem

334 3922 442 3981 per
481 3906 784 3976 timorem,
830 3919 935 3961 seu
975 3900 1398 3959 reverentiam:
1443 3900 1591 3957 sicut
1624 3900 1883 3959 seriatim

337 3998 685 4075 exprimitur
709 4013 817 4072 per
836 3995 1327 4072 quadripartitam
1346 4009 1553 4054 versus
1577 3995 1882 4069 praesentis

336 4093 776 4154 continentiam.

839 4246 1115 4304 Articulus
1150 4245 1381 4317 primus.

404 4379 700 4449 Quantum
745 4376 827 4435 ad
869 4375 1132 4450 primum
1172 4372 1524 4444 articulum,
1566 4372 1874 4431 subditur:

331 4472 540 4530 Statue.
573 4469 727 4541 Quid
767 4471 853 4528 est
883 4472 1166 4539 statuere,
1196 4468 1309 4526 nisi
1338 4471 1621 4526 statutum
1645 4466 1875 4540 produ-

332 4566 507 4626 cere?
533 4569 600 4624 Et
635 4563 829 4638 qualis
855 4563 1168 4638 productio
1197 4562 1328 4633 ista,
1356 4560 1469 4618 nisi
1493 4561 1876 4636 potestativa⁹

330 4659 475 4720 Dicit
501 4674 645 4733 ergo
668 4658 870 4716 anima
887 4656 1160 4715 timorata
1180 4655 1429 4715 Domino
1450 4659 1870 4728 congruenter:

331 4755 542 4824 Statue,
584 4751 804 4810 scilicet
841 4749 1232 4824 producendo
1270 4752 1560 4823 potenter,
1598 4749 1739 4823 quia
1773 4753 1876 4807 tua
1931 4788 1935 4792 .

330 4847 594 4922 potentia
619 4848 707 4904 est
732 4844 1004 4902 omnium
1033 4842 1406 4918 productiva.
1428 4845 1496 4900 Et
1524 4847 1686 4914 nota,
1706 4839 1874 4915 quod

329 4941 613 5000 Dominus
640 4937 934 4997 invenitur
952 4936 1017 4994 in
1033 4936 1342 5009 Scripturis
1359 4941 1609 4994 statuere
1638 4935 1875 4993 diversa

331 5031 756 5104 diversimode,
772 5030 917 5106 quia
932 5029 1214 5088 nimirum
1230 5028 1347 5088 alia
1361 5028 1555 5088 statuit
1574 5029 1652 5088 ad
1671 5029 1873 5089 unien-

330 5129 501 5202 dum,
529 5127 649 5187 alia
673 5125 754 5186 ad
778 5123 1192 5197 muniendum,
1220 5123 1340 5183 alia
1365 5123 1446 5183 ad
1465 5123 1870 5199 puniendum:

397 5279 613 5342 ¹Apoe„
646 5287 735 5339 xit,
764 5277 813 5324 3.
846 5299 909 5311 -
950 5274 1038 5323 ²11
1074 5271 1316 5337 Ραναὶἰηρ
1345 5274 1631 5336 v1‚27.—
1669 5272 1870 5336 ⁸Geu.,

331 5351 559 5410 xv11‚7.
605 5374 660 5386 ·-
706 5349 729 5383 ⁸
765 5348 972 5411 Bar-uc„
1014 5357 1087 5408 11,
1127 5348 1207 5396 35.
1248 5371 1296 5381 -
1344 5346 1365 5381 Ι
1397 5346 1871 5409 Act„v11,59.—

333 5382 1039 5486 ⁰1ffl9.,u1,9.-²15’a.,
1072 5419 1274 5482 1.11,13.
1306 5441 1360 5455 --
1400 5415 1869 5481 ‘Psal.xv111,¹2.

611 5528 759 5574 Tou.
800 5528 884 5575 lx.

3407 475 3524 536 369

1988 599 2150 657 unde
2177 600 2374 660 statuit
2407 605 2646 675 pactum
2660 644 2679 673 ,
2711 603 2909 661 statuit
2933 605 3373 678 testamentum,
3409 611 3527 665 sta-

1986 692 2097 750 tuit
2134 696 2461 766 peccatum.
2503 697 2581 755 De
2621 695 2815 770 primo
2844 696 2898 752 ⁸:
2935 715 2964 751 α
2996 698 3253 757 Statuam
3285 702 3527 772 pactum

1986 800 2189 843 meum
2217 787 2366 845 inter
2392 803 2489 848 me
2516 792 2573 847 et
2598 791 2685 863 te,
2715 792 2772 846 et
2797 805 2998 847 semen
3022 794 3191 847 tuum
3213 794 3347 865 post
3373 796 3427 851 te
3453 812 3468 850 :
3494 814 3523 848 ιι

1988 894 2122 937 ecce
2158 882 2465 953 statutum,
2501 897 2610 956 per
2655 881 2823 956 quod
2859 881 2972 940 sibi
3016 883 3205 942 univit
3249 887 3529 945 Dominus

1986 970 2287 1030 Abraham
2332 978 2389 1033 et
2430 975 2829 1050 posteritatem
2869 992 3070 1047 suam,
3118 976 3271 1037 sicut
3312 980 3531 1053 pariter

1988 1064 2273 1125 uniuntur
2317 1066 2678 1144 quicumque
2719 1070 3095 1129 concorditer
3131 1072 3527 1146 paciscuntur.

1988 1162 2069 1220 De
2105 1163 2368 1223 secundo
2400 1163 2617 1239 legitur
2637 1167 2693 1223 ⁸:
2721 1188 2748 1218 «
2776 1167 3035 1226 Statuam
3065 1167 3182 1225 illis
3213 1172 3532 1229 testamen-

1987 1262 2116 1319 tum
2155 1259 2408 1320 alterum
2446 1263 2898 1337 sempiternum,
2935 1265 3002 1321 ut
3041 1264 3156 1321 sim
3188 1263 3304 1322 illis
3331 1264 3394 1324 in
3420 1264 3532 1323 Do-

1989 1354 2252 1430 minum,
2281 1361 2339 1417 et
2376 1357 2489 1432 ipsi
2517 1357 2664 1416 mihi
2689 1362 2859 1417 erunt
2887 1359 2948 1417 in
2968 1358 3302 1434 populum:
3332 1380 3360 1415 n
3396 1376 3532 1420 ecce

1988 1450 2299 1524 statutum,
2329 1465 2452 1525 quo
2478 1450 2852 1524 muniuntur,
2891 1452 2995 1527 qui
3033 1453 3323 1512 testatoris
3349 1455 3533 1514 haere-

1990 1539 2236 1601 ditatem
2279 1543 2618 1604 sortiuntur.
2659 1545 2736 1602 De
2774 1544 2942 1604 tertio
2970 1546 3024 1603 ⁸:
3077 1566 3107 1600 α
3142 1548 3419 1623 Domine,
3454 1565 3531 1607 ne

1990 1639 2209 1696 statuas
2232 1636 2350 1695 illis
2375 1637 2492 1696 hoe
2517 1642 2826 1713 peccatum
2844 1657 2860 1697 :
2881 1660 2909 1693 n
2943 1655 3077 1699 ecce
3104 1644 3406 1711 statutum,
3422 1659 3532 1718 per

1991 1729 2160 1803 quod
2181 1729 2528 1805 puniuntur,
2548 1747 2682 1807 quae
2702 1737 2906 1793 contra
2927 1733 3198 1794 divinum
3216 1736 3532 1812 imperium

1988 1828 2441 1896 praesumuntur.

2466 1981 2747 2038 Articulus
2784 1984 3063 2042 secundus.

2067 2108 2361 2177 Quantum
2404 2108 2483 2168 ad
2525 2110 2885 2182 secundum,
2921 2113 3343 2175 subscribitur:
3375 2118 3535 2177 Servo

1995 2202 2107 2257 tuo.
2149 2200 2377 2275 Optime
2421 2205 2636 2276 cantat,
2675 2207 2732 2262 et
2764 2203 3158 2278 pulcherrime
3199 2196 3532 2281 continuat:

1993 2290 2138 2367 quia
2164 2293 2313 2352 sicut
2338 2297 2612 2370 potentiae
2639 2301 2728 2355 est
2750 2299 3100 2372 producere,
3128 2302 3213 2359 sic
3239 2304 3538 2378 sapientiae

1981 2382 2399 2460 introducere:
2428 2405 2541 2449 nec
2565 2392 2829 2465 potentia
2848 2392 3051 2453 divina
3076 2395 3203 2454 sine
3230 2398 3536 2472 sapientia,

1993 2492 2104 2538 nec
2145 2482 2461 2555 productio
2516 2484 2621 2544 illa
2671 2485 2796 2545 sine
2855 2486 3331 2550 introductione:
3375 2491 3537 2551 unde

1991 2573 2296 2645 praemisso
2324 2594 2339 2632 :
2383 2576 2602 2647 Statue,
2638 2582 2909 2653 potenter
2953 2582 3374 2657 producendo,
3403 2601 3540 2644 con-

1995 2665 2163 2725 tinuo
2201 2668 2546 2744 subjungit:
2585 2673 2746 2732 Servo
2786 2680 2901 2748 tuo,
2940 2677 3233 2751 sapienter
3276 2678 3540 2739 introdu-

1995 2760 2206 2820 cendo.
2252 2765 2319 2821 Et
2355 2767 2517 2839 nota,
2555 2768 2724 2841 quod
2747 2783 2950 2828 servus
2976 2770 3082 2830 iste
3111 2772 3289 2832 debet
3321 2774 3541 2834 habere

1995 2855 2491 2930 apprehensivam
2518 2875 2820 2936 capacem,
2852 2864 3226 2925 discretivam
3244 2883 3539 2941 sagacem,

1993 2953 2449 3013 memorativam
2475 2960 2774 3029 tenacem,
2803 2962 2867 3017 ut
2890 2959 3183 3033 capaciter
3208 2962 3430 3035 audiat,
3456 2979 3544 3021 sa-

1993 3044 2213 3116 gaciter
2251 3045 2575 3122 intelligat,
2621 3051 2897 3110 tenaciter
2938 3053 3248 3113 custodiat.
3302 3057 3379 3114 De
3424 3057 3544 3131 pri·

1994 3152 2097 3197 mo
2137 3140 2204 3196 ³:
2239 3161 2269 3195 α
2305 3143 2588 3218 Loquere,
2623 3145 2902 3218 Domine,
2941 3147 3085 3221 quia
3130 3147 3297 3208 audit
3341 3165 3545 3214 servus

1993 3234 2164 3291 tuus:
2205 3255 2234 3290 n
2267 3251 2403 3294 ecce
2435 3238 2592 3297 servi
2630 3239 2951 3313 capacitaS,
2990 3246 3280 3316 quantum
3318 3242 3399 3300 ad
3437 3262 3544 3319 ap·

1992 3326 2430 3400 prehensivam.
2477 3333 2557 3389 De
2602 3332 2865 3391 secundo
2897 3335 2956 3391 ⁷:
3005 3353 3033 3388 α
3072 3337 3216 3393 Ecce
3261 3335 3543 3411 intellige,

1993 3435 2199 3480 servus
2225 3437 2429 3481 meus:
2465 3445 2495 3477 »
2527 3411 2663 3484 ecce
2691 3427 2846 3484 servi
2892 3429 3212 3502 sagacitas,
3252 3434 3545 3504 quantum

1994 3513 2075 3571 ad
2112 3513 2509 3576 discretivam.
2557 3522 2637 3578 De
2684 3520 2852 3580 tertio
2897 3523 2957 3579 ⁸:
3004 3540 3036 3576 ι
3067 3522 3291 3604 Etenim
3335 3538 3542 3582 servus

1991 3611 2130 3667 tuus
2148 3610 2403 3670 custodit
2423 3628 2524 3671 ea:
2547 3634 2575 3668 n
2601 3629 2734 3673 ecce
2755 3615 2908 3676 servi
2933 3618 3229 3691 tenacitas,
3250 3621 3540 3693 quantum

1992 3700 2073 3760 ad
2098 3706 2580 3767 memorativam.

2506 3868 2783 3925 Articulus
2820 3874 3032 3927 tertius.

2062 3990 2356 4058 Quantum
2383 3988 2464 4048 ad
2485 3993 2750 4064 tertium,
2789 3994 3218 4054 conscribitur:
3248 3998 3539 4073 Eloquium

1993 4087 2172 4155 tuum,
2201 4083 2345 4158 quia
2371 4084 2672 4159 sapientias
2699 4084 3028 4146 institutum
3057 4090 3405 4150 conducitur
3430 4109 3540 4168 per

1992 4174 2302 4251 eloquium
2328 4178 2407 4237 ab
2430 4193 2553 4238 uno
2582 4194 2754 4238 servo
2774 4182 2837 4238 in
2855 4196 3164 4241 servorum
3192 4184 3530 4260 collegium.

1990 4269 2307 4346 Eloquium
2356 4276 2556 4331 autem
2602 4273 2946 4347 hujusmodi
2984 4275 3283 4335 interdum
3323 4279 3538 4353 legitur

1991 4365 2195 4439 emitti,
2213 4365 2512 4426 interdum
2526 4367 2707 4425 emitti
2729 4368 2823 4442 (,b)
2837 4369 3133 4428 interdum
3152 4370 3383 4429 dimitti.
3410 4373 3537 4431 Elo—

1989 4459 2200 4533 quium
2227 4460 2529 4534 emittitur,
2551 4477 2686 4518 cum
2716 4461 2998 4520 deorsum
3024 4463 3376 4538 effunditur3
3407 4467 3536 4525 mit·

1988 4553 2149 4624 titur,
2183 4569 2322 4613 cum
2349 4559 2678 4614 extrorsum
2717 4555 3168 4630 transfunditur,
3204 4560 3530 4654 dimittitur
3583 4583 3592 4592 ·

1987 4663 2127 4706 cum
2153 4647 2474 4706 introrsum
2508 4648 2861 4709 refunditur.
2890 4653 2969 4710 De
2998 4651 3194 4726 primo
3228 4653 3525 4727 legitur.
3469 4657 3525 4691 ⁹·

1992 4762 2020 4796 ιι
2040 4744 2150 4812 Qui
2177 4742 2384 4802 emittit
2402 4743 2709 4818 eloquium
2737 4760 2913 4802 suum
2938 4750 3123 4805 terrae.
3155 4768 3184 4804 a»
3213 4752 3340 4808 Haec
3359 4753 3529 4810 emis-

1984 4837 2074 4897 sio
2101 4837 2169 4897 fit
2194 4854 2230 4896 a
2260 4837 2582 4913 superiori,
2609 4838 2975 4898 effundendo
3003 4840 3243 4900 inferius
3269 4860 3376 4917 per
3400 4845 3527 4904 elo-

1986 4931 2197 5006 quium
2223 4931 2570 5006 inspiratum
2589 4931 2868 4992 divinitus
2892 4950 2907 4991 :
2931 4939 3174 5010 propter
3197 4938 3364 5011 quod
3387 4939 3527 4998 utile

1984 5038 2071 5084 est
2097 5024 2590 5098 theologizantem
2620 5026 2699 5085 ab
2733 5026 2997 5086 oratione
3029 5028 3321 5104 incipere,
3356 5036 3422 5089 ut
3448 5034 3530 5094 ait

1984 5118 2295 5193 Dionysius
2318 5121 2381 5192 ¹⁰,
2403 5120 2545 5194 quia
2567 5135 2693 5179 non
2709 5125 2901 5195 potest
2925 5122 3128 5197 eloqui
3154 5123 3393 5201 utiliter,
3415 5127 3528 5186 nisi

1980 5268 3412 5337 ——21’sae.cxr.v11,15.—¹·D10ndeDiv.Nom.,.c
3445 5289 3521 5329 ιιι.

1982 5367 2044 5379 —-
2038 5341 2131 5464 t(g)
2158 5340 2282 5393 Coet.
2302 5340 2396 5392 dit.
2424 5354 2523 5391 noa
2539 5339 2719 5392 habent
2737 5345 2919 5395 tuoe
2942 5343 3004 5408 (b)
3026 5345 3140 5410 Leq.
3169 5346 3322 5398 mittit
3343 5347 3524 5399 velim

1981 5413 2052 5464 mi
2477 5465 2482 5469 .

3165 5514 3245 5574 24
