4196 6294
113 2004 269 2046 auctor

93 2065 170 2121 huj
175 2077 229 2139 αξ
258 2063 316 2107 li-

179 2141 233 2172 n·
340 2134 568 2211 torem,
607 2133 899 2214 videtur;
935 2134 1089 2218 quia
1130 2135 1263 2218 ipse
1317 2134 1437 2198 fuit
1484 2137 1771 2216 peccator
1816 2137 1881 2198 et

1657 510 1668 520 ·
1701 480 2177 549 Pnofflmma.

344 623 747 691 Ecclesia-stes
762 623 1044 705 procedit
1064 622 1249 706 qnasi
1271 619 1651 704 disputando
1672 635 1882 701 usque

341 733 423 797 ad
466 732 659 795 finem
699 729 880 809 libri,
927 734 991 793 et
1033 729 1105 793 in
1159 730 1287 793 fine
1326 728 1433 793 dat
1474 728 1878 805 sententiam,

340 858 490 906 cum
527 839 675 904 dicit
712 857 729 903 ε
777 841 1004 906 Finem
1041 838 1341 922 loquendi
1383 853 1598 905 omnes
1637 838 1883 920 pariter

341 948 741 1015 audiamus:
781 949 982 1016 Deum
1022 950 1206 1028 time,
1237 954 1297 1015 et
1332 950 1521 1026 scito,
1551 945 1722 1030 quod
1765 960 1882 1027 pro

341 1056 520 1123 omni
560 1061 772 1122 errato
810 1054 1087 1123 adducet
1122 1063 1180 1123 te
1216 1056 1381 1121 Deus
1418 1057 1494 1121 in
1522 1053 1878 1136 ‚iudicium

342 1162 413 1227 ln
437 1181 583 1246 ¹quo
614 1164 810 1229 verbo
840 1163 1103 1230 damnat
1147 1181 1368 1228 omnes
1411 1162 1754 1227 sententias
1780 1162 1880 1225 fa-

338 1278 632 1351 tuorum,
695 1276 759 1337 et
810 1272 1164 1337 carnalium
1184 1321 1201 1351 ,
1255 1290 1329 1337 ac
1378 1271 1877 1336 mundanorum.

341 1377 517 1444 Unde
551 1379 720 1461 quod
748 1379 844 1444 illi
871 1381 1199 1446 sententiae
1225 1380 1601 1458 concordat,
1631 1379 1698 1441 in
1729 1396 1877 1461 pro-

338 1487 479 1571 pria
517 1501 788 1571 persona
814 1487 1001 1569 dicit3
1032 1490 1201 1572 quod
1241 1507 1398 1554 vero
1425 1486 1773 1564 discordat,
1811 1487 1880 1550 in

339 1612 615 1677 persona
655 1594 926 1661 aliorum
961 1618 976 1660 t
1025 1600 1089 1661 et
1131 1596 1272 1661 ideo
1319 1597 1689 1688 non-potest
1729 1594 1879 1659 sciri

340 1701 503 1767 liber
533 1704 672 1784 iste,
702 1703 826 1768 nisi
852 1705 1152 1769 audiatur
1176 1708 1370 1770 totuS.

422 1810 633 1876 Potest
659 1812 851 1876 etiam
874 1812 1076 1895 quaeri
1099 1812 1329 1877 ultimo
1350 1812 1429 1877 de
1455 1811 1787 1889 efficiente,
1817 1812 1881 1875 et

251 1954 313 1984 on
340 1917 579 1983 dictum
628 1924 762 1997 est,
810 1919 985 2002 quod
1036 1921 1314 1985 efficiens
1357 1919 1478 1983 suit
1523 1918 1872 1984 Salomon:

340 2025 514 2107 quod
540 2029 753 2090 autem
797 2044 930 2091 non
963 2028 1298 2093 conveniat
1329 2027 1522 2092 talem
1554 2043 1693 2092 esse
1720 2045 1880 2091 auc-

341 2239 640 2303 carnalis:
673 2240 782 2304 sed
806 2241 1061 2323 quando
1083 2239 1357 2306 carnalis
1378 2240 1677 2325 praedicat
1703 2241 1881 2324 spiri·

338 2346 693 2411 tualitatem
714 2396 731 2424 ,
761 2349 972 2431 potius
1006 2333 1415 2431 scandalizat,
1445 2367 1642 2433 quam
1677 2350 1876 2414 aedifl-

338 2457 482 2518 cett
514 2471 675 2535 ergo
701 2454 862 2518 liber
904 2456 1021 2521 iste
1056 2458 1269 2539 potius
1303 2461 1399 2521 est
1437 2457 1517 2521 ad
1560 2474 1876 2539 generan-

337 2562 497 2627 dum
529 2561 898 2626 scandalum
918 2612 934 2644 ‚
964 2582 1161 2646 quam
1190 2566 1693 2630 aedificationem.
1719 2566 1878 2630 ltem

336 2667 573 2734 dicitur
598 2686 637 2732 a
655 2668 783 2733 Deo
806 2672 1118 2751 peccatori
1136 2673 1154 2708 ¹
1182 2690 1199 2736 ε
1232 2694 1264 2732 α
1291 2672 1498 2750 Quare
1516 2677 1588 2737 tu
1614 2690 1878 2738 enarras

279 2793 293 2820 ⁰
329 2778 612 2861 justitias
638 2781 858 2843 meas?
891 2802 923 2840 ι)
958 2797 1121 2862 ergo
1166 2782 1222 2845 si
1265 2780 1564 2845 Salomon
1590 2786 1879 2864 peccator

335 2889 497 2964 erat,
527 2903 689 2966 ergo
720 2887 1020 2968 peccabat
1045 2886 1326 2952 divinam
1345 2888 1659 2971 justitiam
1687 2907 1873 2953 enar-

339 2993 561 3058 rando.
608 2992 924 3061 Praeterea
957 2995 1166 3059 bonus
1203 2997 1421 3059 auctor
1460 2995 1608 3059 facit
1639 2996 1872 3077 fidem;

336 3100 511 3167 unde
537 3101 730 3167 habet
755 3102 957 3167 robur
979 3101 1158 3167 locus
1179 3101 1260 3167 ab
1277 3103 1646 3169 auctoritate
1669 3126 1684 3169 :
1715 3122 1877 3187 ergo

334 3212 550 3277 malus
574 3216 797 3277 auctor
831 3212 1077 3277 nullam
1116 3212 1311 3278 fidem
1341 3233 1357 3276 ε
1396 3213 1505 3277 sed
1531 3213 1681 3278 libri
1717 3214 1878 3280 sacri

331 3320 593 3385 suntad
614 3320 1096 3385 sustentandam
1122 3321 1316 3385 fldem
1347 3341 1363 3385 z
1395 3339 1574 3403 ergo,

417 3428 516 3493 Ad
556 3428 680 3494 hoc
710 3428 1220 3517 respondendum
1240 3476 1261 3508 ,
1305 3429 1478 3511 quod
1523 3430 1687 3494 sicut
1727 3431 1879 3496 dicit

332 3535 769 3619 Hieronymus
789 3537 847 3615 ¹,
875 3539 940 3600 et
971 3518 1232 3601 tradunt
1258 3535 1506 3601 Hebraei
1526 3586 1544 3617 ,
1573 3536 1737 3602 liber
1761 3538 1876 3603 iste

332 3644 693 3710 Salomonis
719 3642 839 3707 ruit
860 3643 1294 3725 poenitentiam
1321 3646 1573 3726 agentis
1597 3665 1612 3707 ε
1644 3649 1707 3711 et
1725 3648 1878 3729 quia

330 3769 469 3817 non
522 3749 738 3832 abjicit
794 3750 963 3815 Deus
1028 3753 1428 3835 poenitenteS,
1484 3753 1592 3819 sed
1665 3754 1876 3836 potius

327 3860 636 3940 acceptat,
671 3858 1020 3922 secundum
1061 3858 1182 3924 hoc
1219 3878 1354 3924 non
1397 3865 1535 3925 erat
1576 3861 1876 3926 Salomon

327 3966 401 4029 in
423 3968 591 4028 statu
617 3965 1120 4047 reprehensibili,
1152 3968 1407 4050 quando
1436 3968 1607 4033 hunc
1634 3969 1875 4034 librum

327 4072 606 4154 scripsit.
635 4070 835 4135 Aliter
870 4076 1075 4155 potest
1097 4075 1463 4156 responderi
1482 4125 1501 4155 ,
1532 4077 1701 4161 quod
1729 4076 1870 4161 Spi-

324 4180 497 4243 ritus
532 4184 787 4243 sanctus
827 4197 960 4244 non
1003 4183 1254 4245 tantum
1298 4180 1583 4265 loquitur
1627 4203 1782 4250 vera
1812 4187 1876 4249 et

326 4288 502 4351 bona
527 4302 640 4369 per
658 4287 877 4366 bonos,
907 4287 1040 4351 imo
1067 4289 1257 4351 etiam
1290 4306 1405 4370 per
1432 4290 1632 4355 malos
1654 4313 1671 4369 ;
1707 4292 1874 4356 unde

327 4395 475 4477 ipse
505 4392 673 4481 Deus
700 4393 769 4457 in
802 4393 1154 4475 Evangelio
1181 4394 1332 4459 dicit
1352 4396 1375 4431 ²
1414 4416 1429 4459 :
1469 4417 1501 4455 α
1529 4394 1874 4472 Quaecum-

319 4516 460 4585 que
485 4500 765 4591 dixerint
793 4500 999 4581 vobis,
1030 4506 1276 4565 servate
1300 4506 1364 4564 et
1390 4501 1611 4579 facite3
1641 4520 1871 4567 secun-

315 4609 489 4674 dum
532 4625 726 4691 opera
773 4625 929 4673 vero
974 4626 1199 4674 eorum
1253 4608 1446 4674 nolite
1512 4609 1721 4674 facere
1771 4632 1786 4672 ε
1832 4632 1863 4670 n

316 4713 503 4783 unde
520 4732 635 4797 per
655 4713 914 4779 Balaam
936 4714 1410 4798 expressissime
1434 4716 1867 4800 prophetavit;

314 4826 416 4891 sic
478 4827 542 4888 et
593 4841 710 4906 per
767 4822 1169 4889 Salomonem
1189 4873 1206 4904 ,
1263 4824 1453 4888 etiam
1508 4824 1829 4889 carnalem
1845 4874 1869 4906 ,

315 4932 536 4997 multa
560 4931 730 4995 bona
755 4931 937 4995 dixit.
970 4928 1149 5007 Quod
1167 4948 1328 5012 ergo
1354 4932 1673 5014 objicitur,
1696 4931 1872 5015 quod

314 5041 462 5124 ipse
510 5037 839 5120 peccabat;
881 5037 1297 5121 respondetur
1311 5088 1330 5119 ,
1378 5041 1547 5122 quod
1577 5038 1695 5103 sibi
1736 5043 1872 5104 erat

315 5147 573 5212 donum
614 5145 940 5228 sapientiae
978 5147 1393 5212 commissum
1420 5146 1871 5230 specialissime

317 5255 499 5318 inter
524 5252 712 5318 alios:
745 5258 810 5318 et
848 5254 1002 5338 quia
1038 5255 1372 5320 tenebatur
1403 5256 1715 5321 talentum
1744 5256 1870 5321 Do-

316 5358 494 5425 mini
517 5377 651 5426 non
673 5362 1080 5445 abwndere,
1110 5361 1379 5428 debebat
1407 5362 1635 5429 docere
1659 5374 1866 5448 popu·

387 5486 412 5524 ¹
444 5483 588 5539 me.
621 5496 777 5554 nix,
811 5488 864 5542 Β.
901 5508 965 5529 α-
997 5489 1019 5522 ⁸
1045 5488 1277 5555 Hieron„
1314 5488 1371 5542 in
1408 5488 1497 5542 lib.
1538 5487 1719 5555 Beck„
1746 5502 1797 5543 e.
1828 5500 1866 5556 ι,

3411 492 3529 554 585

1987 617 2130 683 lum
2173 616 2452 697 Domini,
2491 622 2555 683 et
2579 620 2816 699 verbo,
2848 623 2912 684 et
2940 619 3173 703 sci-‘ipto
3194 669 3212 701 ,
3248 623 3529 689 maxime

1990 735 2141 790 cum
2169 729 2334 790 esset
2367 725 2448 789 ad
2476 727 2531 808 ej
2539 744 2617 790 us
2650 729 2943 809 regimen
2969 728 3322 796 institutus.
3353 730 3531 798 Unde

1989 849 2120 896 non
2175 832 2471 914 peccabat
2522 833 2589 896 in
2642 833 2797 914 hoc,
2845 836 3015 918 quod
3065 838 3361 920 docebat3
3420 842 3529 907 sed

1989 939 2159 1022 quod
2184 939 2252 1003 in
2278 940 2402 1003 hoc
2427 957 2560 1003 non
2582 940 2791 1007 debite
2822 962 2890 1008 se
2914 945 3305 1029 disponebat.

2069 1047 2250 1125 Quod
2276 1048 2604 1130 objicitur,
2643 1051 2814 1132 quod
2848 1069 2979 1116 non
3006 1059 3101 1118 est
3141 1055 3528 1123 credendum

1988 1154 2152 1220 libro
2171 1204 2191 1233 ,
2251 1159 2350 1238 cuj
2359 1175 2435 1221 us
2487 1161 2709 1222 auctor
2761 1176 2893 1222 non
2946 1160 3026 1225 sit
3073 1161 3309 1244 dignus
3360 1139 3524 1243 edm

1988 1263 2374 1347 respondeo:
2411 1264 2590 1329 Sicut
2632 1265 2947 1330 credimus
2977 1267 3300 1349 prophetis
3321 1319 3339 1350 ,
3377 1272 3530 1355 quia

1987 1389 2119 1436 non
2147 1391 2260 1455 per
2282 1391 2371 1453 se,
2401 1372 2510 1438 sed
2534 1390 2650 1456 per
2672 1372 2989 1456 Spiritum
3016 1381 3307 1442 sanctum
3336 1378 3528 1446 locuti

1987 1485 2168 1560 sunt,
2212 1479 2300 1544 sic
2354 1485 2418 1545 et
2456 1480 2524 1543 in
2570 1481 2870 1545 omnibus
2926 1481 3108 1547 libris
3150 1483 3526 1568 Scripturae,

1988 1589 2140 1671 quia
2166 1587 2406 1673 Spiritu
2435 1593 2650 1653 sancto
2667 1589 2941 1655 dictante
2968 1595 3123 1655 sunt
3140 1590 3326 1657 editi:
3358 1596 3530 1662 unde

1986 1695 2234 1760 bonitas
2265 1697 2556 1779 personae
2599 1714 2732 1761 non
2777 1697 2924 1762 facit
2967 1698 3048 1763 ad
3068 1700 3394 1781 'majorem
3425 1703 3529 1769 vel

1988 1804 2305 1869 minorem
2332 1805 2551 1884 fidem,
2578 1805 2702 1869 hoc
2719 1806 3130 1887 supponendo
3152 1807 3326 1890 quod
3340 1808 3532 1876 fuerit

1987 1929 2103 1994 per
2152 1911 2461 1994 Spiritum
2517 1914 2810 1975 sanctum
2867 1912 3117 1977 locutus
3176 1936 3193 1977 z
3251 1916 3317 1978 et
3379 1915 3530 1997 quia

1987 2022 2233 2083 constat
2268 2017 2455 2082 nobis
2500 2016 2910 2083 Salomonem
2952 2019 3180 2102 spiritu
3205 2021 3529 2103 sapientiae

1984 2127 2183 2191 fuisse
2224 2125 2540 2208 repletum
2557 2173 2578 2204 ,
2625 2130 2700 2189 ut
2750 2128 2922 2207 patet
2948 2126 2972 2161 ⁴
2987 2175 3007 2206 ,
3066 2127 3207 2192 ideo
3255 2126 3530 2196 Ecclesia

1987 2233 2422 2299 indubitanter
2448 2233 2668 2317 recipit
2692 2234 2889 2299 libros
2914 2237 3075 2318 ejus·

2065 2343 2228 2409 Huic
2253 2343 2421 2408 libro
2448 2342 2781 2427 praemittit
2821 2350 3079 2411 sanctus
3104 2346 3531 2432 Hieronymus

1987 2451 2394 2534 prooemium,
2409 2449 2617 2535 inquo
2629 2452 2838 2535 primo
2853 2453 3209 2519 manifestat
3215 2455 3529 2522 motivum

1986 2560 2067 2625 ad
2076 2558 2614 2638 transferendum;
2636 2560 2917 2625 secundo
2935 2561 3315 2634 determinat
3326 2567 3531 2630 trans·

1984 2667 2240 2733 lationis
2268 2667 2553 2748 modum,
2573 2667 2664 2731 ibi
2687 2688 2701 2732 ε
2724 2668 2854 2734 Hoc
2868 2667 3141 2737 breviter
3159 2669 3529 2742 admonens.

1989 2775 2205 2841 Prima
2221 2791 2372 2857 pars
2388 2775 2581 2839 habet
2597 2779 2728 2839 tres
2753 2780 2962 2858 partes
2988 2795 3005 2841 ε
3028 2777 3237 2859 primo
3258 2781 3533 2846 ostendit

1986 2883 2144 2966 quid
2156 2883 2427 2948 moverit
2438 2901 2589 2947 eum
2608 2882 2687 2946 ad
2707 2883 3159 2966 inchoandum,
3173 2886 3408 2952 scilicet
3424 2889 3527 2953 in-

1985 2991 2282 3056 tercessio
2310 2990 2606 3056 Blaesillae
2622 3014 2638 3069 ;
2672 2992 2951 3056 secundo
2990 2994 3203 3074 tangit
3227 2995 3382 3077 quid
3403 2996 3531 3061 im-

1988 3098 2225 3182 pedivit
2235 3098 2314 3164 ad
2325 3097 2769 3179 differendum,
2784 3099 3017 3165 scilicet
3030 3118 3204 3167 mors
3217 3104 3273 3186 ej
3281 3103 3526 3184 usdem,

1985 3206 2075 3271 ibi
2112 3229 2128 3271 ε
2179 3207 2400 3288 Itaque
2419 3254 2441 3286 ,
2474 3208 2781 3288 quoniam
2827 3209 2903 3273 in
2942 3210 3310 3290 procincta,
3364 3219 3525 3292 etc.;

1985 3315 2193 3394 terti0,
2225 3313 2381 3397 quid
2408 3314 2610 3380 movit
2627 3314 2708 3379 ad
2735 3317 3332 3396 consummandum,
3358 3318 3527 3384 scili-

1986 3426 2084 3488 cet
2108 3427 2172 3487 et
2196 3425 2336 3505 ejus
2361 3422 2694 3500 memoria,
2726 3426 2790 3488 et
2815 3423 3179 3490 intercessio
3204 3424 3528 3492 Eustochii

1986 3533 2049 3594 et
2085 3528 2300 3595 Paulae
2324 3578 2342 3608 ,
2374 3529 2503 3594 ibi:
2540 3531 2731 3599 Nunc
2768 3531 2844 3597 in
2884 3531 3234 3598 Bethlehem
3253 3536 3526 3616 posim-s,

1985 3637 2095 3705 hoc
2124 3638 2395 3704 breviter
2422 3637 2805 3705 admonens:
2829 3637 2948 3702 Hic
2971 3642 3067 3703 est
3092 3641 3363 3705 secunda
3381 3660 3531 3725 pars

1985 3745 2350 3828 principalis
2374 3745 2656 3829 prologi,
2680 3747 2749 3809 in
2777 3764 2905 3829 qua
2931 3746 3312 3813 determinat
3331 3752 3531 3814 trans-

1983 3853 2237 3918 lationis
2264 3853 2530 3918 modum
2556 3876 2573 3933 ;
2606 3857 2669 3918 et
2696 3853 2889 3918 hahet
2915 3854 3073 3919 duas
3103 3858 3313 3937 partes
3343 3878 3358 3919 z
3391 3856 3529 3939 pri-

1986 3977 2093 4025 mo
2112 3961 2373 4043 ponitur
2392 3960 2643 4040 modus,
2669 3959 2906 4025 scilicet
2931 3961 3101 4044 quod
3129 3979 3245 4027 nec
3266 3964 3529 4031 omnino

1985 4069 2282 4134 convenit
2307 4088 2459 4135 cum
2485 4069 2647 4149 aliis,
2696 4087 2814 4134 nec
2843 4071 3107 4135 omnino
3133 4071 3364 4154 differt,
3396 4074 3530 4140 imo

1984 4177 2056 4241 in
2080 4178 2319 4260 quibus
2344 4176 2570 4258 potuit,
2591 4195 2724 4241 uno
2742 4177 2934 4242 modo
2962 4195 3071 4242 eos
3088 4183 3183 4244 aet
3199 4178 3524 4262 imitatus3

1984 4284 2263 4349 secundo
2303 4284 2725 4379 subjungitur
2764 4286 2927 4351 ratio
2970 4286 3203 4369 huius»,
3251 4287 3343 4352 ibi
3376 4311 3392 4354 ε
3446 4293 3531 4359 Ut

1983 4407 2098 4458 nee
2137 4393 2422 4459 novitate
2467 4408 2605 4458 mea
2625 4441 2643 4470 ‚
2697 4396 2819 4458 etc.
2867 4393 2947 4458 Et
2989 4398 3085 4458 est
3127 4395 3289 4460 ratio
3310 4444 3329 4476 ‚
3375 4398 3530 4480 quia

1983 4504 2239 4566 secutus
2281 4505 2376 4566 est
2417 4502 2489 4565 in
2524 4501 2844 4585 aliquibus
2858 4551 2877 4583 ,
2925 4521 3008 4568 ne
3050 4503 3378 4571 videretur
3423 4506 3524 4571 ni·

1985 4608 2183 4673 miam
2221 4609 2518 4689 ingerere
2558 4609 2949 4690 novitatem3
2980 4628 3100 4677 nec
3134 4612 3397 4679 omnino
3424 4631 3527 4680 se-

1981 4720 2189 4795 cutm,
2219 4734 2303 4781 ne
2333 4716 2650 4781 desereret
2674 4718 3028 4782 veritatem.

2071 4823 2277 4890 Verba
2296 4823 2713 4903 Ecclesiastoe,
2739 4827 2858 4888 etc.
2882 4823 3005 4889 Iste
3022 4824 3169 4890 talis
3186 4826 3351 4893 liber
3371 4827 3527 4893 divi·
3570 4851 3737 4899 Divisio

1981 4932 2155 4998 ditur
2179 4933 2248 4998 in
2276 4936 2403 4997 tres
2427 4937 2636 5016 partes
2685 4954 2701 4998 ε
2733 4933 2803 4996 in
2826 4932 3109 5012 titulum,
3150 4933 3287 5001 sive
3312 4952 3522 5017 prooe-
3551 4913 3765 5034 „¹¹:2¹¹ss

3611 5039 3696 5083 ten.

1982 5039 2187 5105 mium
2210 5061 2227 5119 ;
2250 5043 2316 5103 et
2330 5042 2694 5120 tractatum,
2723 5038 2838 5122 qui
2854 5039 3077 5122 incipit
3102 5040 3225 5105 ibi:
3257 5043 3524 5110 Vanitas

1981 5149 2385 5227 vanitatum,
2435 5150 2580 5225 etc.;
2639 5151 2703 5210 et
2743 5145 3101 5228 epilogum,
3146 5147 3258 5231 qui
3303 5148 3525 5232 incipit

1978 5256 2068 5320 ihi
2084 5255 3077 5338 :cumqueessetsapientissimus
3085 5255 3521 5327 Ecclesiastes.

1978 5408 2149 5541 propia¹
2180 5416 2354 5469 tinem.
2393 5442 2454 5455 —
2494 5416 2518 5454 ⁸
2555 5412 2756 5482 uatem,
2800 5427 2965 5483 xxm,
3005 5421 3055 5472 3.
3104 5447 3158 5460 -
3204 5421 3228 5457 δ
3270 5422 3335 5475 ΙΙΙ
3382 5423 3523 5497 Req„

1983 5500 2063 5555 111,
2159 5524 2172 5539 .
