4196 6294
730 492 846 553 388

1372 682 1627 747 Epilogus,

795 812 887 870 Ait
921 826 1065 883 ergo
1091 809 1413 883 Propheta,
1442 810 1540 867 vel
1567 808 1794 881 patiens
1819 823 1967 866 voce
2010 808 2269 881 prophe-

724 905 838 964 tica
867 924 881 962 ε
912 908 1115 963 Mmor
1140 906 1230 973 fui
1241 905 1578 975 judiciorum
1607 907 1841 975 tuorum,
1867 906 2159 975 quantum
2187 901 2267 959 ad

721 1000 1015 1075 patientiae
1042 998 1257 1055 divinae
1284 996 1591 1055 materiam
1609 1040 1627 1067 ,
1656 997 1823 1067 cujus
1849 996 2096 1054 materia
2130 997 2269 1052 sunt

723 1094 927 1151 divina
973 1091 1200 1165 judicia
1252 1108 1266 1147 ε
1314 1106 1449 1148 ecce
1495 1089 1838 1147 memoriale
1893 1089 2262 1164 speciosum3

722 1190 762 1244 A
803 1189 1019 1257 saecule,
1059 1190 1346 1260 quantum
1374 1183 1455 1241 ad
1481 1183 1643 1241 illius
1668 1184 1962 1258 patientiae
1987 1183 2264 1256 frequen-

720 1281 863 1338 tiam
894 1300 935 1357 ¹:
993 1297 1126 1338 ecce
1182 1278 1529 1337 memoriale
1584 1278 1946 1352 spatiosum;
2002 1281 2224 1334 Domine
2242 1320 2261 1349 ,

722 1379 1008 1448 quantum
1034 1373 1114 1431 ad
1139 1373 1323 1447 ipsius
1344 1371 1638 1446 patientias
1661 1371 2101 1429 excellentiam:
2127 1386 2263 1428 ecce

721 1467 1064 1525 memoriale
1092 1466 1450 1536 virtuosum3
1480 1467 1554 1521 Et
1582 1467 1884 1521 consolatus
1909 1480 2050 1535 sum,
2080 1479 2266 1538 quan-

719 1567 844 1620 tum
898 1562 976 1618 ad
1032 1560 1301 1634 ejusdem
1345 1558 1639 1635 patientiae
1685 1557 2009 1616 efficaciam
2053 1577 2068 1613 :
2127 1573 2262 1614 ecce

716 1655 1064 1714 memoriale
1091 1653 1495 1712 victoriosum.

1276 1879 1605 1922 vssastcums
1641 1879 1700 1918 V.

784 2044 872 2098 53.
888 2041 1128 2108 Defectio
1139 2040 1313 2095 tenuit
1324 2053 1425 2107 me,
1439 2034 2030 2095 etc.Consolationem
2041 2034 2265 2108 patien-

720 2135 868 2192 tium
903 2133 1226 2190 declaravit
1260 2130 1668 2205 quaternarius
1705 2128 2055 2186 antecedens
2066 2148 2084 2199 3
2118 2143 2260 2185 con-

720 2227 1070 2286 solationem
1112 2224 1594 2299 compatientium
1644 2222 1905 2280 declarat
1951 2225 2264 2295 quaterna·

718 2322 839 2379 rius
895 2335 1173 2394 praesenS.
1232 2321 1359 2375 Haec
1409 2316 1736 2375 consolatio
1788 2318 2260 2386 consummatur,

716 2414 960 2490 quando
1001 2414 1257 2470 fraterna
1302 2411 1477 2486 culpa
1520 2410 1905 2484 deploratur,
1953 2408 2129 2465 venia
2158 2409 2266 2465 im-

712 2510 1018 2582 ploratur,
1066 2522 1245 2581 poena
1289 2509 1687 2573 memoratur,
1736 2502 2077 2576 poenitentia
2119 2518 2263 2576 pro·

714 2607 983 2673 curatur,
1013 2601 1163 2657 sicut
1205 2604 1460 2674 quatuor
1497 2597 1787 2672 proximis
1828 2597 2100 2653 versibus
2126 2595 2261 2652 inti-

713 2701 927 2753 matur.
964 2696 1175 2751 Versus
1208 2694 1435 2767 primus
1464 2691 1763 2766 pertinens
1792 2688 1873 2746 ad
1906 2688 2262 2763 deploratio·

712 2804 851 2845 nem
879 2788 1069 2862 culpoe
1086 2787 1371 2858 fraternae,
1402 2785 1635 2843 videtur
1658 2787 1913 2859 quatuor
1940 2783 2260 2853 continere,

712 2882 987 2940 videlicet
1015 2881 1289 2938 dolorem
1329 2880 1510 2937 animi
1538 2882 1782 2953 propter
1822 2893 2083 2933 errorem
2119 2892 2262 2949 pro—

713 2977 856 3035 ximi
889 2996 903 3034 ε
934 2976 1109 3034 dolor
1136 2973 1466 3050 liquefacit3
1496 2974 1731 3031 animus
1756 2971 2065 3045 liquescit3
2097 2985 2263 3028 error

713 3072 1035 3145 frigefacit;
1058 3071 1367 3146 proximus
1392 3067 1734 3141 refrigescit.

1211 3229 1496 3286 Articulus
1525 3229 1760 3299 primus.

789 3361 1085 3429 Quantum
1138 3356 1219 3414 ad
1266 3355 1530 3428 primum
1586 3351 1925 3421 articulum,
1983 3348 2197 3407 dicitur
2244 3368 2258 3401 ε

718 3457 952 3523 Defectio
987 3471 1000 3510 :
1031 3453 1140 3510 ista
1167 3450 1416 3508 desectio
1447 3451 1533 3506 est
1560 3448 1880 3504 vehemens
1908 3443 2264 3518 compassio-

716 3551 807 3606 nis
833 3549 1087 3619 affectio,
1110 3564 1242 3622 quoe
1264 3547 1347 3603 sic
1373 3545 1632 3602 servidas
1656 3544 1883 3601 animas
1905 3539 2260 3614 comprimit,

718 3643 883 3717 quod
911 3642 1134 3700 calidas
1160 3641 1455 3714 lacrymas
1487 3638 1779 3712 exprimit.
1811 3641 1879 3695 Et
1903 3639 2065 3708 nota,
2096 3635 2264 3710 quod

717 3741 802 3795 est
847 3735 1097 3795 defectio
1146 3734 1433 3810 tripartita
1465 3752 1479 3789 ε
1529 3732 1805 3806 quaedam
1834 3730 2069 3800 laetitire,
2108 3747 2266 3804 quoe-

719 3834 857 3892 dam
880 3834 1099 3906 gratiae,
1125 3829 1401 3906 quaedam
1429 3828 1632 3900 gloriae
1651 3826 1982 3900 privativa:
2009 3841 2265 3899 quarum

716 3929 911 4003 prima
960 3928 1255 3999 justorum
1273 3943 1291 3996 ;
1349 3923 1612 3981 secunda
1664 3921 2020 3993 injustorum
2032 3938 2051 3991 3
2096 3919 2265 3975 tertia

717 4022 1132 4096 reproborum.
1181 4024 1258 4077 De
1295 4019 1490 4093 prima
1519 4021 1537 4054 ¹
1573 4034 1588 4073 ε
1625 4039 1653 4069 «
1688 4020 1801 4073 Cor
1836 4015 2181 4084 tabescens,
2211 4016 2267 4069 et

720 4117 1029 4175 dissolutio
1069 4115 1515 4189 geniculorum,
1551 4115 1608 4169 et
1650 4110 1898 4169 defectio
1942 4110 2005 4166 in
2044 4107 2266 4166 cunctis

718 4212 1001 4284 renibus;
1033 4232 1061 4262 n
1100 4210 1204 4267 ubi
1241 4205 1668 4281 compassionis
1696 4204 1871 4264 dolor
1895 4202 2265 4272 describitur,

721 4306 825 4380 qui
854 4305 1001 4362 dum
1036 4302 1202 4362 cordi
1237 4303 1537 4372 illabitur,
1578 4315 1794 4374 corpus
1833 4297 2181 4364 collabitur,
2211 4298 2268 4353 et

720 4400 994 4473 voluptas
1036 4397 1310 4455 elabitur.
1350 4399 1426 4452 De
1463 4393 1725 4452 secunda
1748 4390 1813 4448 ⁸:
1862 4411 1889 4445 α
1926 4389 2267 4449 Jucunditas

719 4494 915 4551 cordis
925 4536 945 4566 ,
986 4492 1111 4549 haec
1138 4495 1224 4548 est
1249 4490 1366 4549 vita
1406 4488 1694 4559 hominis,
1724 4491 1779 4545 et
1804 4488 2112 4544 thesaurus
2141 4485 2266 4542 sine

719 4587 1044 4646 defectione
1094 4584 1411 4644 sanctitatis
1442 4602 1456 4639 :
1489 4603 1517 4636 n
1553 4599 1686 4640 ecce
1728 4581 1976 4639 defectio
2014 4581 2215 4654 gratiae
2247 4597 2264 4637 z

719 4689 776 4742 et
822 4699 1029 4742 revera
1078 4681 1276 4740 laetitia
1322 4680 1370 4737 si
1417 4678 1628 4750 afficit,
1673 4693 1796 4735 non
1847 4676 2110 4751 proficit,
2159 4675 2265 4733 ubi

721 4779 908 4852 gratia
934 4778 1150 4835 deficit.
1182 4781 1259 4834 De
1286 4775 1457 4833 tertia
1485 4776 1507 4810 ³
1542 4792 1557 4830 :
1593 4794 1621 4826 α
1649 4772 1924 4831 inclinate
1948 4773 2267 4828 humerum

720 4878 981 4933 vestrum
1010 4878 1066 4931 et
1090 4872 1378 4930 cervicem
1407 4874 1664 4928 vestram
1683 4911 1701 4940 ,
1734 4872 1790 4925 et
1821 4882 2068 4941 operam
2094 4866 2267 4923 facite

720 4969 845 5040 regi
874 4966 1214 5042 BabyloniS,
1239 4969 1297 5024 et
1319 4965 1598 5023 sedebitis
1618 4963 1679 5020 in
1704 4965 1882 5032 terra,
1911 4977 2096 5036 quam
2127 4959 2267 5017 dedi

719 5062 987 5135 patribus
1037 5061 1263 5118 vestriS.
1316 5059 1487 5129 Quod
1535 5058 1583 5114 si
1636 5073 1760 5114 non
1811 5056 2098 5126 feceritis,
2156 5069 2267 5111 nec

721 5155 1021 5215 audieritis
1038 5172 1252 5216 vocem
1285 5153 1515 5212 Domini
1542 5151 1642 5210 Dei
1669 5150 1846 5209 vestri
1875 5147 2110 5223 operari
2137 5147 2266 5220 regi

719 5249 1057 5322 Babyloniae
1073 5293 1091 5322 ,
1156 5248 1545 5308 defectionem
1597 5249 1856 5303 vestram
1908 5242 2124 5300 faciam
2190 5239 2264 5297 de

786 5382 796 5410 ¹
825 5376 978 5440 Nata„
1006 5390 1065 5440 11,
1097 5381 1173 5428 ¹0.
1204 5402 1264 5413 —
1291 5378 1308 5405 ²
1341 5374 1522 5437 Eccli„
1549 5385 1675 5436 xxx,
1699 5374 1778 5421 23.
1808 5397 1870 5418 ,-
1897 5370 1919 5405 ⁸
1954 5366 2167 5431 Bar-uel«,
2205 5378 2263 5429 ιι,

717 5460 797 5522 21,
842 5457 920 5504 22.
952 5478 1005 5488 --
1038 5451 1056 5481 ⁴
1084 5448 1223 5500 Psal.
1258 5458 1524 5510 cxxxviii,
1565 5448 1640 5496 10.
1675 5461 1739 5482 -·-
1768 5444 1785 5473 ⁸
1813 5443 1983 5504 Cant„
2025 5452 2094 5503 ιι,
2124 5443 2172 5488 6.
2207 5465 2261 5475 —-

1766 482 2178 550 EXPOSITIO
2222 483 2305 549 ΙΝ
2349 483 2877 551 PSALTERIUM.

2383 619 2712 678 civitatibus
2750 621 2921 692 luda,
2950 642 2979 676 n
3013 625 3160 691 etc.3
3191 638 3260 680 ae
3302 623 3352 679 si
3391 623 3639 696 apertius
3681 620 3878 678 dicatur

2379 713 2829 787 peccatoribus:
2855 715 3164 774 Humiliate
3205 731 3313 773 vos
3349 715 3428 772 ad
3455 715 3877 785 confessionem,

2380 808 2655 866 sustinete
2683 809 3091 868 confusionem
3114 852 3130 879 ,
3172 814 3236 868 ut
3271 810 3562 884 recipiatis
3597 808 3879 882 iniquitatis

2380 903 2788 962 remissionem
2807 946 2827 976 ,
2857 910 2913 962 et
2949 905 3302 962 haereditatis
3345 910 3569 963 aeternoe
3602 902 3879 977 repromis-

2379 995 2628 1054 sionem.
2664 998 2838 1067 Quod
2866 998 2915 1055 si
2951 999 3255 1058 nolueritis
3294 998 3643 1057 confessioni
3667 1011 3878 1065 vacare,

2379 1092 2435 1146 et
2463 1089 2791 1149 confusioni
2836 1108 3083 1166 operam
3125 1093 3298 1165 dare,
3338 1098 3579 1168 propter
3622 1091 3878 1149 defectum

2381 1186 2580 1257 gratiae
2610 1186 2860 1246 deficere
2898 1204 3005 1245 vos
3045 1188 3260 1246 faciam
3292 1204 3328 1245 a
3376 1187 3737 1245 societatibus
3775 1184 3877 1256 glo-

2376 1278 2501 1337 riae.
2531 1284 2672 1338 Ecce
2710 1282 2959 1341 defectio
3001 1284 3204 1356 gloriae
3235 1303 3250 1342 ε
3297 1285 3537 1356 Babylon
3563 1280 3712 1339 enim
3736 1280 3881 1336 inter-

2378 1376 2638 1445 pretatur
2666 1376 2956 1449 confusi0,
2992 1384 3050 1435 et
3075 1378 3221 1434 Iuda
3248 1376 3543 1450 gloriatio.

2853 1538 3129 1593 Articulus
3161 1535 3447 1594 secundus.

2448 1656 2744 1724 Quantum
2771 1658 2849 1715 ad
2874 1660 3202 1717 secundum
3234 1659 3509 1718 subditur
3541 1678 3555 1717 :
3598 1662 3775 1717 Tenuit
3799 1672 3885 1723 me,

2377 1749 2596 1808 scilicet
2633 1752 2900 1810 animum
2948 1770 3152 1811 meum
3191 1754 3474 1826 afficienS,
3516 1760 3571 1813 et
3607 1749 3887 1810 afficiendo

2377 1842 2758 1918 liquefaciens
2820 1862 2976 1904 eum.
3049 1848 3106 1905 Si
3172 1849 3386 1922 quaeris
3445 1848 3694 1923 qualiter
3743 1844 3891 1902 affec·

2377 1937 2567 1994 tiones
2619 1941 2817 1997 tenent
2860 1940 3154 2010 animum,
3203 1942 3466 2017 profecto
3524 1936 3889 1999 diversimode

2379 2029 2768 2090 diversorum.
2852 2035 3189 2093 Notandum
3271 2052 3415 2109 ergo
3511 2034 3841 2110 generaliter
3872 2073 3888 2101 ‚

2378 2125 2546 2198 quod
2608 2127 2944 2185 affectiones
2998 2130 3264 2187 animum
3311 2133 3513 2187 tenent
3561 2127 3839 2203 tripliciter
3877 2141 3888 2178 :

2377 2218 2654 2292 quasdam
2690 2220 2979 2293 feliciter3
3033 2223 3309 2297 quiedam
3356 2222 3702 2292 infeliciter3
3747 2234 3890 2293 quae·

2377 2312 2518 2370 dam
2598 2315 3001 2374 mediocriter.
3095 2318 3301 2375 Primae
3398 2322 3598 2375 tenent
3689 2314 3893 2372 animos

2374 2406 2723 2477 beatorum3
2779 2410 3054 2468 secundae
3077 2452 3097 2481 ,
3151 2411 3385 2468 animos
3452 2410 3890 2473 damnatorum;

2372 2502 2582 2572 tertioe,
2614 2502 2846 2560 animos
2872 2504 3187 2562 viatorum.
3220 2508 3297 2563 De
3325 2504 3523 2579 primo
3554 2502 3814 2569 scribitur
3833 2498 3887 2553 ⁸:

2380 2613 2409 2647 α
2447 2596 2689 2653 Tenebit
2732 2613 2827 2654 me
2874 2597 3115 2656 dextera
3151 2602 3273 2657 tua.
3317 2619 3345 2654 n
3397 2601 3527 2657 Haec
3571 2598 3800 2655 dextera
3824 2595 3896 2649 est

2373 2692 2589 2747 aeterna
2633 2689 2863 2763 laetitia,
2910 2708 3045 2765 quae
3101 2692 3322 2750 tenebit
3370 2692 3636 2750 animam
3691 2701 3897 2765 sponsoe

2372 2780 2525 2840 felici
2579 2784 2867 2856 tentione,
2921 2786 3051 2859 ipsa
3094 2789 3236 2843 teste
3280 2789 3302 2821 ⁸
3347 2804 3362 2842 ε
3425 2806 3453 2841 α
3506 2790 3748 2844 Dextera
3788 2782 3896 2853 ejus

2373 2876 2805 2950 amplexabitur
2841 2894 2957 2936 me.
3002 2899 3031 2932 u
3063 2881 3141 2936 De
3182 2880 3479 2949 secundo,
3509 2880 3618 2937 ubi
3647 2877 3845 2934 dicitur
3867 2889 3899 2929 a

2373 2970 2586 3028 Saule⁸
2650 2989 2664 3027 ε
2710 2990 2739 3024 α
2785 2972 3046 3030 lnterfice
3085 2988 3212 3044 me,
3256 2973 3548 3047 quoniam
3580 2973 3774 3031 tenent
3814 2982 3896 3024 me

2374 3064 2674 3136 angustioe.
2710 3084 2737 3119 ι)
2780 3066 2946 3123 Tales
2982 3066 3263 3139 angustiae
3294 3068 3542 3142 mystice
3588 3064 3897 3129 intellectae,

2373 3162 2510 3215 sunt
2549 3158 2851 3217 aeternales
2900 3160 3167 3233 tristitiae,
3206 3177 3462 3236 quarum
3500 3161 3784 3221 tentiones
3822 3157 3900 3213 in·

2371 3251 2570 3310 felices
2596 3254 2676 3310 ad
2710 3254 2843 3311 illos
2869 3255 3189 3329 pertinent,
3224 3256 3329 3330 qui
3363 3254 3385 3289 '¹
3418 3276 3447 3310 α
3475 3258 3735 3332 quoerent
3759 3265 3900 3311 mor-

2374 3351 2490 3405 tem
2515 3391 2534 3420 ,
2586 3350 2643 3406 et
2694 3363 2819 3405 non
2862 3348 3192 3421 invenient,
3228 3371 3257 3405 ι)
3317 3351 3465 3408 sicut
3519 3351 3787 3409 scribitur
3833 3343 3900 3402 ab

2374 3443 2674 3514 Apostolo.
2721 3445 2800 3500 De
2840 3443 3007 3500 tertio
3047 3444 3070 3479 ⁸
3110 3462 3124 3498 :
3177 3464 3205 3497 α
3241 3447 3430 3502 Pavor
3473 3446 3663 3504 tenuit
3701 3458 3823 3512 me,
3855 3441 3903 3494 et

2373 3538 2612 3594 tremor.
2651 3556 2680 3590 ι
2725 3537 2817 3594 Sic
2850 3541 3045 3611 potest
3089 3538 3284 3596 dicere
3323 3538 3553 3612 viator,
3593 3539 3758 3612 cujus
3796 3533 3904 3591 ani·

2374 3644 2541 3687 mum
2559 3633 2716 3688 tenet
2736 3632 2930 3690 timor.

2878 3791 3166 3848 Articulus
3204 3794 3421 3849 tertius.

2445 3919 2740 3983 Quantum
2777 3916 2856 3974 ad
2891 3917 3124 3974 tertium
3145 3962 3164 3991 ,
3208 3917 3491 3976 additur:
3537 3922 3642 3977 Pro
3686 3917 3907 3989 peccato-

2373 4010 2562 4080 ribus;
2611 4011 2897 4084 quoniam
2955 4011 3060 4069 ubi
3114 4016 3412 4087 peccator,
3468 4013 3555 4071 ibi
3605 4026 3786 4082 error,
3829 4005 3905 4063 ibi

2377 4104 2628 4161 tenebrae
2667 4109 2802 4162 sunt
2839 4107 2862 4141 ⁹
2911 4125 2927 4163 ε
2964 4127 2992 4158 «
3038 4109 3214 4164 Error
3258 4110 3316 4164 et
3365 4106 3625 4165 tenebrae
3660 4107 3908 4179 peccato-

2373 4197 2539 4254 ribus
2576 4203 2888 4257 concreata
2922 4204 3076 4257 sunt.
3107 4220 3136 4255 »
3180 4200 3287 4257 Ubi
3323 4217 3468 4259 vero
3507 4197 3906 4260 tenebrositas,

2374 4291 2459 4349 ibi
2514 4293 2664 4351 solet
2722 4309 2847 4350 esse
2899 4292 3206 4366 frigiditas.
3267 4295 3431 4352 Unde
3501 4297 3780 4369 peccator
3837 4293 3911 4346 est

2374 4386 2642 4459 frigidus,
2668 4393 2725 4446 et
2748 4387 3142 4460 infrigidator,
3176 4391 3233 4446 et
3267 4389 3599 4462 specialiter
3626 4387 3907 4453 adulator,

2376 4480 2712 4554 explorator
2733 4525 2752 4552 ,
2781 4481 3077 4539 detractor
3101 4501 3119 4536 ε
3151 4499 3409 4557 quorum
3436 4485 3669 4557 primus
3702 4485 3785 4539 est
3807 4479 3913 4535 lac·

2374 4578 2566 4649 tator;
2605 4576 2899 4634 secundus
2935 4577 3279 4649 sagittarum
3328 4577 3684 4650 fabricator3
3723 4572 3912 4633 tertius

2374 4670 2694 4743 sagittator.
2744 4673 2820 4727 De
2865 4670 3061 4744 primo
3089 4670 3132 4706 ²⁰
3162 4688 3177 4728 ς
3213 4689 3242 4724 α
3270 4672 3375 4729 Fili
3403 4672 3518 4744 mi,
3560 4672 3613 4729 si
3661 4677 3716 4730 te
3749 4670 3915 4726 lacta·

2374 4764 2564 4822 verint
2600 4769 2938 4837 peccatores
2962 4806 2982 4836 ,
3026 4781 3102 4822 ne
3151 4766 3490 4841 acquiescas
3535 4767 3621 4823 eis
3667 4785 3685 4821 :
3727 4785 3756 4821 n
3790 4775 3913 4819 ecce

2371 4863 2647 4932 peccator
2684 4858 2928 4916 lactans.
2961 4861 3038 4916 De
3072 4859 3334 4919 secundo
3372 4863 3405 4898 ¹¹
3446 4880 3464 4917 ε
3498 4878 3528 4914 α
3556 4863 3749 4918 Homo
3791 4872 3916 4931 pec-

2375 4958 2538 5010 cator
2572 4952 2848 5026 sanguini
2884 4953 3228 5026 insidiatur;
3266 4955 3499 5013 attende
3537 4954 3658 5011 tihi.
3691 4970 3727 5011 a
3753 4948 3916 5026 pesti-

2373 5046 2530 5117 fer0,
2582 5045 2833 5104 fabricat
2888 5047 3048 5105 enim
3097 5048 3291 5120 mala,
3342 5065 3417 5106 ne
3477 5049 3631 5106 forte
3685 5047 3919 5105 inducat

2373 5156 2551 5214 super
2578 5144 2632 5197 te
2662 5140 3187 5200 subsannationem
3208 5143 3271 5199 in
3296 5145 3654 5217 perpetuum
3682 5160 3698 5198 :
3730 5163 3758 5196 u
3791 5152 3916 5197 ecce

2375 5294 2394 5322 ⁸
2436 5295 2472 5342 ΙΙ
2520 5294 2658 5354 lte-q..
2691 5303 2741 5353 1,
2779 5294 2826 5342 9.
2866 5319 2921 5330 --
2966 5295 2989 5330 '¹
3023 5295 3192 5358 Apoc„
3239 5307 3322 5359 ix,
3363 5297 3410 5344 6.
3446 5323 3505 5332 —
3543 5296 3562 5326 ⁸
3592 5294 3707 5357 Job,
3740 5305 3812 5356 iv,
3849 5292 3916 5341 14.

2374 5392 2433 5488 3-4
2462 5365 2686 5488 'agie-cli„
2720 5376 2795 5429 xi,
2844 5368 2919 5416 16.
2950 5393 3013 5403 —
3039 5367 3078 5397 ¹⁰
3099 5368 3263 5431 prov..
3291 5380 3331 5432 1,
3382 5370 3455 5418 10.
3480 5393 3542 5405 —
3572 5369 3605 5397 ¹¹
3632 5366 3814 5430 Recta,
3849 5373 3918 5424 ιι,

2437 5476 2454 5502 ,
2547 5473 2561 5487 .
