4196 6294
504 4530 634 4599 Porta

478 4601 652 4643 rapien-

482 4653 570 4695 tin.

728 474 806 534 34
1771 456 2441 528 ILLUMINATIONES
2483 459 2881 527 ECCLESIAE

718 602 984 669 tenebra
1016 599 1170 677 odii,
1193 597 1528 664 tenebrosa
1553 597 1808 677 reputat
1834 612 2026 677 opera
2054 595 2250 660 exosi.

720 709 925 775 Iratus
952 707 1130 773 Plato
1159 713 1179 747 ¹
1205 756 1222 786 ‚
1255 722 1560 789 suspenso
1600 701 1858 783 flagello
1875 752 1893 782 ,
1924 721 2056 766 non
2087 721 2258 785 prae-

717 817 990 899 sumpsit
1000 815 1287 898 judicare
1305 830 1591 876 servum.
1614 810 1809 875 Debet
1826 813 2040 874 autem
2054 810 2259 892 judex

716 925 955 989 habere
985 923 1222 988 notitiae
1249 920 1617 985 claritatem.
1648 921 1671 953 ²
1705 941 1738 978 α
1761 919 2031 983 Causam
2060 936 2256 999 quam

714 1031 1073 1095 nesciebam
1095 1076 1116 1108 ,
1147 1027 1637 1109 diligentissime
1682 1025 2178 1105 investigabam.
2216 1047 2246 1083 ι)

714 1138 918 1203 Amici
958 1137 1074 1202 Job
1123 1135 1487 1217 arguebant
1526 1151 1676 1197 eum
1730 1132 2008 1195 dicentes
2045 1129 2256 1194 :Deus

705 1248 954 1328 ,iustum
979 1262 1111 1308 non
1137 1242 1325 1326 punit
1350 1265 1367 1321 ;
1399 1246 1460 1306 te
1488 1246 1705 1306 autem
1736 1238 1959 1321 punit;
1992 1256 2154 1318 ergo
2182 1243 2253 1302 tu

709 1374 841 1419 non
869 1373 936 1419 es
957 1356 1192 1436 justus,
1223 1351 1256 1416 J
1261 1352 1341 1417 ob
1368 1336 1783 1434 respondebat
1808 1351 1829 1384 ³
1862 1371 1878 1412 ι
1920 1372 1950 1409 α
1979 1348 2252 1413 Conver-

706 1462 915 1526 timini
943 1463 1021 1524 ad
1049 1479 1154 1524 me
1181 1477 1430 1538 omnes,
1461 1463 1525 1523 et
1551 1458 1785 1536 venite,
1817 1461 1881 1521 et
1910 1475 2039 1519 non
2067 1456 2248 1520 inve-

704 1569 882 1633 niam
927 1569 993 1631 in
1023 1569 1205 1631 vobis
1232 1567 1440 1631 ullum
1470 1566 1842 1648 sapientem.
1873 1586 1903 1623 n
1937 1562 2011 1626 ln
2038 1562 2252 1627 Evan—

707 1676 879 1757 gelio
921 1675 1150 1740 dicitur
1180 1674 1202 1709 ⁸
1249 1697 1265 1737 z
1319 1698 1350 1733 α
1395 1673 1596 1738 Nolite
1638 1672 1968 1755 judicare,
2008 1675 2073 1734 et
2117 1686 2250 1732 non

696 1784 1165 1867 judicabimini.
1191 1807 1221 1843 ι)
1250 1774 1328 1847 Εῖ
1353 1780 1696 1866 Apostolus
1719 1780 1871 1844 dicit
1889 1785 1911 1820 ⁸
1943 1799 1956 1842 :
1989 1801 2020 1838 α
2041 1777 2249 1843 Nolite

703 1897 851 1959 ante
885 1896 1139 1975 tempus
1183 1892 1508 1974 judicare,
1561 1889 1979 1971 quoadusque
2030 1885 2247 1949 veniat

703 1999 1038 2079 DominuS,
1067 1999 1261 2081 quiet
1281 1996 1669 2062 illuminabit
1690 1993 2059 2059 abscondita
2074 1998 2250 2057 tene·

703 2109 991 2173 brarum.
1022 2129 1052 2166 n

785 2217 1065 2300 Septima
1133 2214 1429 2279 columna
1482 2210 1810 2294 sapientiae
1879 2210 1973 2272 est
2029 2211 2247 2272 sancta

702 2325 1066 2408 simplicitas
1098 2322 1163 2385 in
1190 2321 1577 2384 intentione:
1613 2342 1643 2379 α
1664 2317 1959 2399 Judicans
1990 2315 2068 2397 (a)
2109 2315 2247 2379 sine

701 2433 1126 2499 simulatione.
1153 2451 1184 2490 ι)
1220 2428 1356 2492 Rex
1385 2427 1687 2492 Salomon
1717 2426 1739 2459 ⁶
1767 2425 1909 2489 fecit
1935 2424 2246 2487 thronum

699 2543 1042 2625 grandem,
1083 2540 1162 2604 ad
1201 2555 1395 2621 quem
1427 2535 1881 2599 ascendebatur
1929 2551 2043 2595 sex
2090 2550 2242 2612 gra-

700 2651 908 2714 dibus,
968 2647 1240 2712 Ultimus
1294 2643 1538 2725 gradus
1597 2639 1935 2724 septenarii
1995 2638 2247 2701 colum-

698 2775 931 2822 narum
962 2753 1323 2836 sapientiae,
1358 2753 1454 2814 est
1490 2748 1784 2811 sanctitas
1829 2744 2246 2827 simplicitatis

697 2864 765 2927 in
792 2863 1160 2927 intentione.
1206 2859 1338 2922 Hoc
1378 2856 1585 2938 gradu
1622 2853 1961 2933 attingitur
1988 2851 2246 2915 culmen

700 2971 871 3049 coeli;
906 2974 1163 3053 propter
1186 2965 1355 3049 quod
1385 2964 1614 3028 dicitur
1642 2968 1663 3001 ⁷
1694 2983 1710 3025 ε
1747 2984 1777 3020 α
1801 2959 1956 3036 Quae
1985 2977 2243 3022 sursum

697 3087 849 3147 sunt
865 3129 889 3160 ,
921 3081 1153 3163 sapite,
1185 3098 1214 3135 n
1251 3079 1368 3139 etc.
1399 3072 1421 3106 ⁸
1457 3096 1488 3133 a
1535 3070 1697 3149 Quid
1737 3069 1930 3133 habet
1968 3067 2244 3151 amplius

700 3182 895 3254 stulto
930 3188 1215 3269 sepiem,
1254 3183 1377 3246 nisi
1415 3185 1490 3245 ut
1524 3184 1749 3264 pergat
1784 3177 1938 3242 illuc
1961 3225 1979 3253 ‚
2008 3178 2121 3241 ubi
2151 3181 2245 3241 est

699 3299 865 3362 vita?
911 3318 942 3357 »³
990 3294 1197 3375 Hujus
1230 3288 1553 3372 sapientiae
1603 3285 1887 3350 Christus
1926 3285 2043 3348 suit
2085 3286 2243 3348 fun-

699 3406 917 3483 dator,
948 3406 1011 3466 et
1051 3402 1525 3464 consummator
1555 3399 1577 3433 ⁹
1613 3417 1628 3460 ι
1681 3417 1712 3454 α
1755 3392 1836 3457 Ut
1862 3394 2113 3476 sapiens
2139 3411 2245 3458 ar-

699 3514 1004 3578 chitectus
1032 3509 1522 3574 fundamentum
1555 3503 1791 3585 posuit.
1832 3501 2246 3567 Fundamen-

699 3627 838 3687 tum
857 3626 1069 3686 autem
1089 3618 1263 3682 aliud
1290 3633 1480 3679 nemo
1507 3617 1710 3696 potest
1727 3630 1985 3695 ponere,
2009 3616 2244 3694 praeter

699 3731 763 3795 id
817 3728 986 3812 quod
1040 3726 1319 3810 positum
1386 3724 1515 3800 est,
1574 3720 1746 3801 quod
1797 3722 1892 3783 est
1956 3718 2244 3784 Christus

696 3838 897 3904 JESUS.
929 3860 961 3898 ι)
984 3837 1062 3901 Et
1077 3836 1155 3898 ¹⁰:
1199 3856 1230 3893 α
1255 3832 1326 3896 ln
1357 3828 1641 3913 (Christo)
1667 3831 1817 3892 sunt
1842 3845 2067 3892 omnes
2095 3826 2250 3892 the-.

698 3946 870 4010 sauri
925 3943 1250 4025 sapientiae
1278 3989 1294 4018 ,
1354 3943 1419 4002 et
1473 3935 1749 4000 scientiae
1801 3935 2178 3998 absconditi.
2202 3956 2234 3994 n

697 4055 740 4090 ¹¹
765 4052 990 4118 «Oculi
1018 4049 1319 4133 sapientis
1344 4048 1413 4109 in
1442 4045 1644 4128 capite
1670 4046 1831 4126 eJuS,
1863 4064 1893 4102 ι)
1929 4043 1994 4106 id
2026 4047 2141 4122 est,
2174 4044 2243 4108 in

698 4162 944 4226 Christo
967 4209 983 4240 ‚
1031 4158 1184 4242 quia
1217 4159 1264 4196 ¹²
1311 4178 1344 4215 α
1367 4154 1507 4217 haec
1546 4157 1642 4215 θεῖ
1679 4151 1812 4214 vita
1850 4154 2126 4228 aeterna,
2169 4156 2243 4213 ut

698 4270 1085 4351 cognoscant
1111 4270 1173 4328 te
1200 4263 1407 4327 solum
1436 4276 1667 4325 verum
1694 4257 1895 4321 Deum
1912 4306 1930 4337 ‚
1961 4261 2024 4321 et
2046 4276 2239 4341 quem

698 4376 927 4442 misisti
955 4374 1155 4439 Jsssum
1181 4370 1523 4435 Christum.
1554 4388 1584 4425 n

775 4484 927 4550 Viso
951 4479 1275 4565 sapientiae
1300 4481 1470 4554 ortu,
1500 4474 1642 4537 visa
1669 4471 1994 4554 sapientiae
2020 4471 2235 4552 dom0‚

696 4591 971 4659 videnda
1004 4593 1098 4655 est
1133 4584 1457 4669 sapientiae
1483 4584 1710 4664 janua.
1760 4579 1866 4643 Est
1892 4584 2108 4644 autem
2135 4598 2241 4642 sa·

697 4699 951 4784 pientiae
980 4699 1162 4780 porta
1188 4688 1697 4773 concupiscentia
1729 4690 1904 4769 ejus,
1942 4692 2004 4750 et
2042 4687 2237 4751 vehe-

699 4825 880 4870 mens
905 4801 1312 4869 desiderium.
1343 4794 1385 4832 ¹³
1411 4820 1441 4857 α
1465 4794 1656 4878 Aperi
1684 4812 1755 4858 os
1782 4800 1989 4868 tuum,
2021 4798 2085 4858 et
2113 4813 2236 4876 ego

695 4913 1054 4996 adimplebo
1095 4909 1271 4974 illud.
1313 4930 1343 4967 »³
1386 4906 1507 4970 Per
1550 4908 1889 4968 attractum
1917 4889 2252 4981 desiderii‚'

695 5019 1013 5085 descendit
1043 5019 1107 5080 in
1132 5036 1237 5080 me
1266 5013 1592 5098 sapientia.
1625 5010 1745 5074 Per
1771 5012 1888 5074 iter
1916 5010 2233 5085 desiderii,

696 5146 900 5211 pergo
930 5127 1009 5192 ad
1044 5125 1440 5208 sapientiam.
1476 5120 1519 5156 ¹⁸
1557 5143 1588 5179 α
1617 5119 1782 5183 Deus
1810 5116 2083 5180 charitas
2119 5122 2234 5197 est,

761 5259 773 5286 ¹
814 5253 1039 5306 Laertius
1074 5253 1125 5301 in
1161 5249 1390 5309 Platone,
1430 5250 1480 5296 θῖ
1523 5244 1636 5294 Val.
1675 5246 1834 5306 Max„
1866 5244 1957 5294 lib.
2000 5246 2088 5308 IV,
2118 5260 2164 5295 c.
2195 5258 2235 5295 1.

696 5353 754 5363 —
782 5325 934 5389 Ἰοῖ),
967 5335 1114 5387 xxix,
1144 5325 1221 5372 16.
1250 5346 1312 5359 -
1336 5320 1357 5353 ³
1377 5317 1486 5380 lob,
1517 5328 1648 5378 xvn,
1680 5321 1754 5367 10.
1779 5343 1843 5353 -
1865 5317 1883 5347 ⁴
1907 5316 2112 5382 Mami„
2140 5329 2236 5380 vu,

695 5403 754 5462 ¹3
782 5399 895 5457 Luc,
925 5397 1106 5455 v1‚3‘1.
1127 5421 1189 5430 —
1216 5395 1234 5421 ⁵·
1262 5393 1273 5440 1
1305 5392 1535 5452 Cor.,1V,
1562 5392 1609 5437 5.
1630 5414 1693 5425 —
1719 5387 2125 5449 ⁶11Paral.,1x‚
2159 5395 2237 5453 11,

696 5474 775 5522 18.
807 5496 868 5508 -
903 5470 919 5501 ²
949 5466 1162 5527 coloss„
1199 5477 1274 5524 ιιι,
1303 5467 1352 5512 2.
1386 5488 1449 5500 —
1477 5463 1494 5490 ⁸
1520 5459 1706 5521 Eccle„
1736 5472 1805 5523 w,
1838 5462 1884 5510 8.
1909 5487 1963 5497 -
1994 5462 2017 5496 ⁹
2051 5464 2064 5509 Ι
2096 5461 2234 5522 θον..

2369 597 2566 679 etqui
2591 600 2805 662 manet
2829 596 2900 661 in
2927 595 3236 661 charitate
3250 642 3272 675 ,
3299 595 3368 659 in
3395 593 3523 660 Deo
3567 597 3819 674 manet,
3848 598 3913 659 et

2366 704 2529 770 Deus
2565 706 2633 769 in
2680 723 2778 770 eo,
2817 727 2848 766 n
2896 703 3015 770 Ubi
3063 722 3218 769 vera
3253 703 3588 786 sapientia,
3633 702 3722 766 ibi
3760 720 3915 767 vera

2366 813 2871 894 complacentia:
2917 811 3032 876 ubi
3069 815 3288 875 autem
3334 828 3590 875 summa
3636 808 3914 889 compla-

2365 921 2571 985 centia
2589 967 2607 995 ,
2636 920 2726 984 ibi
2753 920 3106 985 necessario
3146 920 3445 1003 praecedit
3478 936 3735 982 summa
3767 936 3913 981 con-

2364 1029 2772 1110 cupiscentia.
2809 1035 2855 1069 ¹¹⁵
2898 1051 2931 1088 α
2961 1028 3110 1107 Fili,
3164 1028 3611 1110 concupiscens
3663 1025 3909 1108 sapien-

2363 1137 2542 1216 tiam,
2582 1155 2887 1201 conserva
2920 1136 3237 1218 justitiam
3256 1185 3274 1213 ,
3305 1138 3372 1199 et
3403 1136 3568 1199 Deus
3598 1133 3908 1217 praebebit

2362 1244 2538 1308 illam
2567 1244 2705 1308 tibi.
2731 1264 2763 1303 ι)
2794 1243 3208 1309 observantia
3226 1242 3492 1324 justitiae
3519 1242 3797 1325 disponit
3827 1240 3908 1305 ad

2361 1353 2776 1435 sapientiam,
2805 1353 2969 1416 sicut
3010 1351 3327 1434 appetitus
3372 1350 3661 1414 materiae
3696 1350 3778 1414 ad
3807 1350 3908 1414 in-

2360 1459 2819 1523 troductionem
2864 1459 3114 1524 formae.
3178 1458 3445 1522 Inclinat
3497 1457 3671 1521 enim
3716 1475 3908 1540 appe·

2362 1567 2534 1643 titus,
2576 1570 2650 1630 ut
2695 1567 2958 1630 uniatur
2994 1565 3201 1631 forma
3246 1565 3532 1629 materiae
3558 1611 3575 1642 ‚
3624 1564 3907 1628 median-

2357 1676 2532 1740 tibus
2557 1675 3092 1759 dispositionibuS‚
3122 1693 3253 1739 non
3278 1674 3451 1757 quod
3474 1673 3601 1737 illae
3629 1674 3907 1756 disposi-

2357 1783 2560 1848 tiones
2600 1783 3001 1865 perimantur
3020 1830 3040 1862 ,
3070 1782 3178 1847 sed
3215 1782 3428 1863 magis
3465 1782 3897 1865 perficiantur.

2357 1890 2513 1968 Quis
2532 1897 2623 1956 est
2642 1910 2803 1974 ergo
2822 1891 3050 1956 modus
3071 1888 3457 1972 adipiscendi
3477 1889 3852 1971 sapientiam
3868 1892 3903 1954 ‘I

2357 1998 2791 2081 Respondetur
2827 2001 2869 2041 ¹⁶
2900 2022 2916 2064 ε
2947 2023 2977 2060 (ι
3004 1998 3265 2063 Initium
3295 1997 3467 2061 enim
3495 1996 3669 2060 illius
3697 1998 3903 2060 veris-

2355 2107 2519 2171 sima
2544 2113 2641 2171 est
2667 2106 3016 2190 disciplinae
3043 2104 3571 2188 concupiscentia.
3605 2101 3904 2167 Custodia

2355 2212 2703 2296 disciplinae
2749 2215 2998 2278 dilectio
3039 2217 3170 2292 est,
3213 2218 3277 2277 et
3319 2211 3566 2277 dilectio
3614 2211 3902 2276 custodia

2352 2320 2578 2402 legum
2602 2321 2773 2385 illius
2792 2328 2922 2385 est:
2948 2320 3233 2386 custodia
3263 2322 3479 2383 autem
3500 2317 3725 2400 legum
3753 2338 3902 2384 con-

2354 2430 2696 2492 summatio
2752 2434 2847 2492 est
2890 2427 3383 2510 incorruptionis
3432 2450 3448 2490 2
3485 2428 3900 2510 ‚incorruptio

2353 2541 2570 2601 autem
2596 2537 2743 2600 facit
2767 2555 2904 2601 esse
2933 2536 3303 2619 proximum
3341 2535 3468 2600 Deo
3511 2558 3526 2599 ε
3573 2538 3902 2620 concupis-

2353 2644 2558 2707 centia
2584 2649 2798 2708 autem
2834 2644 3159 2731 sapientiae
3197 2641 3463 2707 deducet
3495 2643 3577 2708 ad
3617 2663 3897 2725 regnum

2352 2756 2756 2835 perpetuum.
2780 2774 2811 2811 ι)
2840 2752 3356 2834 Concupiscentia
3382 2769 3543 2832 ergo
3571 2751 3898 2834 sapientiae

2354 2864 2621 2939 generat
2646 2858 3217 2940 concupiscentiam
3261 2858 3632 2941 disciplinae.
3692 2859 3901 2924 Disci-
4003 2888 4152 2932 mm-

3836 2974 3904 3031 Εἰ
3931 2953 4063 3007 plina
4079 2951 4154 2993 du·

3930 3017 4058 3071 plex.

2351 2968 2524 3050 plina
2538 2972 2751 3031 autem
2771 2966 3010 3047 duplex
3033 2970 3149 3041 est,
3172 2964 3405 3030 scilicet
3424 2965 3817 3046 scholastica,

2350 3075 2720 3139 monastica.
2763 3072 3000 3138 Neutra
3037 3071 3263 3137 sufficit
3294 3072 3372 3137 ad
3416 3074 3756 3156 perfectam
3803 3094 3904 3139 sa-

2351 3183 2678 3265 pientiam,
2715 3181 2869 3264 quia
2896 3200 3026 3246 non
3051 3182 3363 3246 audiendo
3392 3182 3626 3261 solum,
3655 3183 3765 3247 sed
3789 3184 3903 3248 ob-

2351 3289 2663 3353 servando
2690 3289 2764 3352 fit
2785 3289 2981 3353 homo
3005 3290 3279 3372 sapienS.
3307 3288 3486 3354 Unde
3515 3289 3715 3355 David
3737 3291 3902 3356 dice-

2349 3396 2457 3459 bat
2474 3403 2518 3437 ¹⁷
2557 3418 2571 3460 z
2605 3395 3028 3474 «Bonitatem‚
3066 3400 3130 3460 et
3152 3396 3575 3479 disciplinam,
3602 3406 3664 3461 et
3691 3399 3902 3463 scien-

2350 3504 2504 3567 tiam
2532 3504 2686 3568 doce
2714 3522 2817 3568 me
2836 3553 2853 3584 ,
2883 3526 2915 3564 u
2954 3501 3106 3588 quia
3139 3505 3399 3568 scientia
3425 3523 3554 3569 non
3591 3506 3897 3587 habetur,

2348 3614 2470 3677 nisi
2498 3599 2813 3696 praecedat
2852 3612 3205 3696 disciplina;
3236 3632 3355 3677 nec
3378 3614 3704 3697 disciplina
3723 3663 3740 3694 ‚
3769 3615 3896 3679 nisi

2349 3721 2665 3802 praecedat
2682 3720 2967 3785 bonitas:
2992 3724 3055 3784 θῖ
3080 3708 3169 3783 sic
3198 3740 3310 3803 per
3328 3721 3673 3787 bonitatem
3692 3726 3754 3786 et
3776 3722 3902 3787 dis-

2348 3827 2647 3910 ciplinam
2667 3828 2832 3892 inest
2849 3828 3030 3891 nobis
3060 3828 3343 3892 scientia.
3369 3827 3677 3909 AEgrotus
3702 3830 3898 3894 etiam

2348 3954 2478 3999 non
2505 3938 2765 3999 sanatur
2821 3935 3134 4000 audiendo
3180 3936 3540 4017 medicum,
3574 3937 3684 4002 sed
3725 3956 3895 4018 prze-

2348 4048 2527 4126 cepta
2550 4044 2691 4126 ejus
2722 4043 3033 4108 servando
3056 4066 3072 4107 ι
3095 4045 3247 4126 quia
3264 4063 3425 4126 ergo
3448 4045 3631 4127 pauci
3650 4045 3899 4111 vadunt

2346 4169 2460 4233 per
2491 4151 2682 4215 istam
2718 4152 2895 4217 viam
2933 4153 3282 4234 sapientiae,
3330 4153 3474 4218 ideo
3517 4154 3702 4236 pauci
3745 4173 3895 4236 per·

2345 4257 2613 4322 veniunt
2639 4260 2719 4323 ad
2752 4279 2974 4325 veram
3003 4260 3400 4342 sapientiam.
3433 4261 3897 4345 Concupiscen-

2344 4363 2433 4427 tia
2479 4366 2654 4429 enim
2698 4365 3047 4449 disciplinae
3080 4367 3194 4431 ubi
3243 4372 3375 4448 est,
3409 4368 3572 4450 parit
3610 4369 3896 4434 dilectio-

2344 4490 2530 4552 nem,
2578 4472 2827 4539 dilectio
2879 4473 3218 4553 virtutem,
3273 4492 3422 4555 quae
3458 4475 3544 4538 sit
3575 4474 3892 4555 liberalis,

2344 4597 2473 4643 non
2519 4580 2808 4660 servilis;
2859 4600 2941 4644 ex
2991 4600 3246 4658 amore,
3294 4601 3427 4647 non
3470 4584 3699 4648 timore
3733 4603 3749 4647 ε
3800 4586 3896 4650 sic

2344 4691 2560 4751 autem
2598 4706 2748 4753 cum
2777 4688 2993 4769 diligis
3022 4689 3263 4751 bonum
3280 4738 3301 4769 ,
3344 4690 3555 4772 legem
3584 4691 3891 4773 custodiS,

2344 4801 2417 4859 ut
2460 4795 2704 4860 dictum
2748 4801 2862 4874 est,
2910 4795 3063 4877 quia
3109 4801 3154 4837 ¹⁸
3201 4819 3233 4857 α
3258 4798 3406 4860 finis
3452 4801 3747 4882 praecepti
3799 4807 3897 4866 est

2343 4903 2619 4967 charitas
2667 4902 2743 4966 de
2788 4902 2976 4966 corde
3021 4920 3205 4984 pure.
3256 4925 3286 4963 »
3351 4903 3617 4981 Quando
3668 4909 3893 4971 autem

2344 5012 2619 5076 custodis
2676 5011 2891 5091 legem
2910 5057 2931 5089 ,
2988 5010 3431 5092 sanctificariS,
3495 5018 3560 5075 et
3625 5014 3894 5080 efficeris

2343 5168 2423 5220 111,
2454 5159 2530 5219 1ο,
2563 5159 2639 5205 11.
2670 5181 2731 5191 —
2762 5155 2799 5188 ¹⁰
2834 5153 3039 5215 Coloss„
3080 5167 3149 5220 11,
3173 5159 3219 5206 3.
3249 5183 3311 5194 —-
3342 5158 3379 5192 ¹¹
3408 5157 3592 5220 Eccle„
3625 5172 3696 5223 ιι,
3728 5164 3804 5210 14.
3828 5187 3893 5199 —-

2345 5230 2385 5264 ¹¹
2409 5229 2570 5283 Joan..
2602 5237 2735 5286 ινιτ,
2764 5227 2812 5274 3.
2836 5251 2896 5262 -
2923 5226 2962 5260 ¹³
2993 5225 3125 5276 Psal.
3158 5239 3313 5292 mxx,
3339 5232 3480 5279 11.-
3510 5230 3548 5265 ¹⁸
3579 5233 3593 5280 l
3619 5233 3782 5296 loen„
3819 5246 3891 5297 ιν,

2346 5303 2420 5350 16.
2452 5325 2514 5336 -
2554 5301 2592 5333 ¹⁵
2616 5295 2794 5354 Eccli„
2828 5309 2866 5359 1,
2895 5300 2972 5348 33.
2997 5325 3057 5336 —
3092 5301 3130 5330 ¹⁶
3160 5302 3377 5365 Sap.,v1,
3411 5305 3659 5354 18-21.-
3688 5306 3728 5341 ¹⁷
3750 5308 3889 5357 Psal.

2343 5382 2527 5435 cxvm,
2556 5372 2636 5421 66.
2664 5395 2719 5405 -
2754 5368 2796 5403 ¹⁸
2822 5370 2838 5418 1
2869 5370 3011 5430 Tim„
3045 5384 3081 5434 ι,
3108 5374 3157 5421 5.

2412 5464 2476 5526 (α)
2515 5459 2782 5513 Delendum
2808 5461 3062 5526 judicans.
