4196 6294
1718 434 1863 499 PSA
1873 434 2081 500 LMUS
2124 434 2382 501 cxvm.

454 572 740 648 quoniam
774 570 1038 644 benigna
1064 572 1149 629 est
1187 567 1591 628 misericordia
1616 572 1750 642 tua,
1780 589 1809 624 ι
1842 574 1951 628 etc.
1976 588 1991 628 ε

453 681 589 724 ecce
616 664 1023 723 misericordia
1048 663 1330 737 benigna,
1352 678 1633 738 separans
1660 678 1699 721 a
1724 663 1996 722 molestia

451 759 760 835 temporali
787 758 848 816 in
874 762 1139 831 tempore
1163 755 1568 815 defunctionis.

934 921 1207 977 Articulus
1240 919 1517 977 secundus.

525 1046 819 1113 Quantum
855 1042 935 1101 ad
962 1043 1318 1115 secundum,
1347 1043 1698 1117 supposuit:
1741 1044 1994 1116 Viviflca,

451 1137 672 1195 scilicet
704 1136 991 1210 spirituali
1030 1137 1178 1207 vita,
1215 1153 1337 1211 qua
1375 1137 1629 1195 vitantur
1663 1136 1888 1194 illicita.
1930 1139 1997 1195 Et

451 1234 621 1301 nota,
650 1230 816 1304 quod
842 1229 947 1287 tali
972 1230 1093 1288 vita
1119 1230 1407 1287 vivificari
1434 1229 1730 1304 supplicat
1755 1234 1996 1304 propter

449 1324 562 1381 tria
598 1341 614 1379 ι
656 1322 933 1380 videncet
973 1323 1053 1381 ad
1103 1306 1479 1397 spiritualiter
1519 1322 1954 1382 ambulandum
1974 1342 1993 1395 ;

451 1416 530 1474 ad
584 1416 935 1474 fiducialiter
989 1416 1450 1491 postulandum;
1516 1417 1594 1493 ad
1648 1415 1996 1474 aeternaliter

450 1509 871 1584 gratulandum
901 1527 916 1566 ε
974 1525 1234 1584 quorum
1295 1511 1556 1584 primum
1609 1511 1860 1583 pertinet
1914 1510 1994 1568 ad

451 1604 888 1678 operationem;
933 1605 1290 1675 secundum,
1343 1604 1422 1662 ad
1467 1604 1830 1676 orationem;
1881 1606 1996 1660 ter-

452 1696 619 1768 tium,
639 1698 719 1755 ad
733 1699 1037 1773 utriusque
1055 1698 1611 1757 remunerationem.
1630 1700 1709 1755 De
1732 1698 1927 1771 primo
1943 1701 1989 1753 ¹:

456 1809 485 1844 α
524 1792 651 1849 llaec
695 1791 836 1850 dicit
876 1793 1183 1865 Dominus,
1226 1812 1255 1846 η
1290 1795 1348 1849 et
1388 1782 1586 1849 infra:
1631 1810 1660 1844 «
1688 1793 1753 1847 ln
1790 1793 1991 1848 sancto

449 1883 749 1956 babitans,
785 1889 843 1943 et
869 1900 1008 1943 cum
1043 1884 1291 1944 contrito
1329 1887 1386 1942 et
1411 1884 1623 1942 humili
1661 1884 1900 1959 spiritu,
1929 1887 1994 1941 ut

448 1977 707 2036 vivificet
738 1978 1397 2052 spiritum‘humilium:
1429 1999 1458 2034 »
1499 1993 1634 2036 ecce
1669 1978 1988 2035 vivificatio

450 2071 531 2129 ad
552 2071 926 2145 spiritualiter
951 2071 1404 2130 ambulandum.
1438 2076 1515 2130 De
1542 2071 1807 2129 secundo
1832 2071 1990 2144 legi-

451 2167 545 2223 tur
572 2169 633 2223 ²:
669 2186 697 2221 α
726 2166 1060 2224 Vivificabis
1100 2183 1243 2237 nos,
1277 2172 1333 2224 et
1371 2181 1594 2224 nomen
1630 2168 1799 2222 tuum
1824 2164 1990 2222 invo-

449 2260 755 2318 cabimus:
788 2281 815 2315 ι)
853 2276 986 2319 οοοο
1017 2260 1337 2319 vivificatio
1372 2259 1451 2317 ad
1477 2258 1831 2317 fiducialiter
1856 2274 1991 2331 pos-

448 2353 779 2411 tulandum.
811 2359 887 2412 De
914 2354 1082 2413 tertio
1105 2353 1377 2412 scribitur
1395 2369 1430 2411 a
1448 2351 1913 2426 Psalmographo
1930 2354 1952 2389 ⁸
1968 2372 1988 2411 ε

454 2467 485 2501 α
512 2446 846 2505 Vivificabis
871 2463 1001 2517 nos,
1032 2451 1088 2504 et
1112 2447 1283 2521 plebs
1309 2450 1412 2504 tua
1438 2446 1732 2504 laetabitur
1757 2446 1821 2503 in
1847 2449 1931 2503 te:
1955 2467 1983 2501 n

450 2558 583 2601 ecce
608 2543 929 2602 vivificatio
957 2543 1035 2601 ad
1062 2542 1410 2601 aeternaliter
1440 2543 1877 2616 gratulandum.

942 2702 1226 2759 Articulus
1275 2702 1489 2757 tertius.

519 2828 811 2895 Quantum
839 2826 918 2884 ad
945 2825 1206 2898 tertium,
1239 2824 1585 2900 proposuit:
1621 2828 1742 2895 Mc,
1770 2824 1989 2907 scilicet

448 2923 732 2978 tentatum
773 2919 1067 2994 corporali
1109 2919 1444 2978 tentatione.
1493 2921 1560 2975 Et
1599 2922 1775 2990 nota,
1820 2920 1987 2993 quod

448 3014 734 3087 contingit
768 3014 1039 3088 spiritum
1076 3012 1377 3087 tripliciter
1420 3012 1626 3070 tentari
1667 3013 1771 3070 tali
1802 3015 1987 3070 tenta-

448 3109 634 3181 tione,
673 3107 797 3167 sine
825 3107 1058 3166 mortali
1088 3105 1606 3182 praevaricatione:
1646 3108 1846 3182 utpote
1875 3105 1985 3164 im-

444 3205 628 3278 perite
684 3202 1032 3275 cogitandO,
1075 3202 1255 3259 invite
1313 3201 1662 3259 delectando
1676 3241 1696 3271 ,
1751 3201 1984 3259 incaute

447 3297 889 3356 consentiendo.
921 3294 1385 3368 cogitationibus
1421 3293 1696 3367 vallatur,
1727 3294 1985 3352 delecta-

444 3392 704 3451 tionibus
751 3391 1126 3461 verberatur,
1181 3388 1670 3447 consensionibus
1709 3388 1987 3447 vulnera·

444 3489 537 3543 tur
547 3506 566 3559 3
587 3487 636 3542 si
654 3489 854 3543 tamen
878 3483 1281 3542 indeliberatee
1305 3482 1541 3554 fuerint,
1562 3497 1685 3540 non
1717 3486 1979 3540 necatur.

444 3581 523 3636 De
546 3578 742 3653 primo
769 3578 828 3635 ⁸:
863 3596 893 3631 ι(
921 3575 1444 3634 Circumdederunt
1473 3592 1571 3639 me
1599 3592 1768 3650 aquae
1793 3592 1984 3650 usque

444 3673 524 3731 ad
564 3672 825 3731 animam
859 3687 1087 3741 meam,
1118 3670 1367 3745 abyssus
1400 3671 1644 3728 vallavit
1669 3686 1785 3728 me.
1814 3692 1843 3726 >v
1877 3673 1985 3729 Per

443 3782 633 3841 aquas
663 3782 876 3839 vagas,
906 3765 1166 3838 intellige
1204 3764 1585 3837 cogitationes
1623 3780 1809 3822 vanas
1819 3784 1838 3838 3
1876 3779 1984 3838 per

445 3860 729 3935 abyssum
788 3861 1102 3918 obscuram
1117 3901 1139 3931 ,
1189 3858 1604 3932 cogitationem
1660 3857 1979 3932 impuram.

443 3956 601 4011 Tunc
629 3954 805 4027 igitur
824 3954 1085 4011 animam
1113 3968 1270 4026 aqua
1290 3951 1634 4021 circumdat,
1656 3966 1793 4008 cum
1816 3965 1984 4009 vanae

445 4048 827 4122 cogitationes
852 4047 1145 4105 inundant
1156 4064 1174 4117 3
1198 4051 1336 4103 tunc
1355 4045 1603 4120 abyssus
1618 4043 1821 4116 vallat,
1844 4060 1982 4102 cum

444 4142 680 4215 impura
714 4142 987 4215 cogitatio
1032 4157 1093 4198 se
1135 4140 1496 4211 admiscens,
1534 4137 1888 4211 cogitantem
1911 4136 1981 4196 ti-

444 4236 608 4294 tillat.
651 4239 731 4294 De
762 4235 1025 4294 secundo
1058 4238 1116 4292 ⁸:
1150 4254 1180 4289 α
1206 4233 1676 4291 verberaverunt
1709 4248 1805 4289 me
1815 4273 1835 4302 ,
1874 4231 1981 4289 sed

443 4346 567 4389 non
605 4329 771 4389 dolui
798 4348 812 4387 ε
842 4351 869 4382 »
903 4328 1071 4404 quod
1099 4327 1174 4385 de
1201 4326 1611 4384 involuntariis
1639 4325 1979 4384 delectatio-

442 4424 619 4483 nibus
645 4428 838 4500 potest
870 4423 1152 4495 intelligi,
1180 4420 1685 4496 quoe‘verberant,
1716 4419 1861 4492 quia
1885 4434 1982 4477 ra·

440 4518 824 4577 tionalitatem
859 4517 1171 4574 molestant
1180 4535 1198 4588 3
1237 4513 1345 4572 sed
1381 4513 1654 4571 dolorem
1688 4528 1813 4570 non
1842 4527 1981 4570 cau-

440 4617 599 4685 sant,
634 4612 777 4687 quia
804 4610 1238 4669 sensualitatem
1266 4607 1579 4666 oblectant.
1612 4610 1689 4664 De
1715 4605 1885 4664 tertio
1913 4607 1936 4641 ⁶
1962 4625 1977 4664 ε

445 4726 474 4760 α
502 4709 856 4765 Invenerunt
881 4720 977 4762 me
1006 4703 1299 4772 custodes,
1319 4701 1425 4777 qui
1451 4702 1817 4759 circumeunt
1842 4698 1982 4756 civi·

439 4804 645 4872 tatem3
683 4802 1095 4875 percusserunt
1130 4813 1256 4868 me,
1302 4796 1762 4853 vulneraverunt
1795 4809 1913 4851 me.
1944 4812 1973 4848 ιο

437 4896 601 4954 Tales
638 4893 912 4951 custodes
951 4891 1226 4949 videntur
1260 4906 1385 4948 esse
1422 4889 1755 4960 daemoneS,
1785 4887 1888 4962 qui
1915 4887 1980 4946 in

439 4989 685 5047 circuitu
705 4986 1033 5059 ambulant,
1057 4989 1114 5043 et
1135 4985 1497 5041 circumeunt
1517 4986 1757 5054 terram,
1775 4985 1842 5040 ut
1867 4986 1980 5039 ter-

435 5085 671 5159 rigenas
690 5082 1169 5142 circumveniant.
1191 5079 1257 5137 Hi
1275 5078 1627 5153 percutiunt,
1649 5093 1788 5135 cum
1807 5077 1980 5135 affec-

437 5179 659 5238 tionem
683 5196 791 5255 per
814 5179 1114 5253 impuram
1139 5173 1588 5235 delectationem
1608 5171 1976 5247 concutiunt3

502 5308 521 5342 ¹
558 5306 675 5373 lca„
718 5318 844 5369 nvn,
890 5309 966 5357 15.
1002 5330 1065 5341 —
1102 5303 1120 5334 ²
1158 5301 1292 5353 Pscl.
1340 5312 1528 5363 nxnx,
1567 5302 1644 5351 19.
1682 5324 1744 5337 —-
1773 5300 1798 5334 ³
1832 5298 1974 5351 Psal.

442 5387 654 5444 Lxxx1v,
692 5379 739 5430 7.
776 5404 831 5415 -
873 5377 894 5412 ⁸
925 5377 1058 5441 lon„
1088 5387 1157 5439 11,
1185 5379 1232 5426 6.
1265 5400 1328 5412 —-
1368 5374 1385 5402 ⁵
1420 5373 1589 5434 Prov„
1617 5383 1778 5435 xxm,
1808 5374 1883 5422 35.
1914 5397 1978 5411 -

3522 453 3632 514 431

2101 570 2209 629 sed
2235 570 2579 644 vulnerant,
2619 589 2757 633 cum
2792 574 3082 636 rationem
3119 593 3227 654 per
3263 581 3522 643 subitam
3541 599 3640 644 as-

2101 664 2436 725 sensionem
2462 665 2728 728 alterant.

2592 825 2871 887 aniculus
2905 835 3150 903 quartus.

2173 948 2467 1017 Quantum
2484 949 2564 1007 ad
2584 954 2885 1024 quartum,
2908 954 3186 1028 apposuit
3207 972 3222 1012 ε
3246 958 3320 1013 Bt
3347 959 3642 1016 antediem

2105 1036 2411 1099 testimonia
2442 1046 2554 1101 oris
2601 1048 2706 1102 tui.
2752 1047 2905 1104 Talis
2961 1048 3231 1108 custodia
3277 1055 3363 1109 est
3404 1053 3643 1112 moralis

2103 1134 2481 1194 observantia
2499 1179 2517 1205 ,
2547 1153 2650 1196 ore
2680 1140 2984 1198 dominico
3010 1142 3354 1216 praedicata.
3384 1149 3452 1205 Et
3476 1150 3637 1220 nota,

2102 1228 2270 1301 quod
2324 1228 2529 1288 divina
2590 1232 2922 1292 testimonia
2985 1235 3295 1309 diligenter
3348 1240 3642 1299 custodire

2102 1320 2412 1393 debemus,
2441 1326 2699 1383 maxime
2726 1326 2775 1383 si
2801 1327 3115 1400 vigilanter
3138 1346 3475 1404 pensemus,
3507 1350 3589 1408 qu
3614 1351 3643 1391 s

2102 1413 2295 1486 dator,
2326 1417 2460 1489 quis
2485 1425 2928 1493 remunerator,
2959 1424 3090 1496 quis
3125 1423 3280 1482 ultor
3309 1444 3325 1482 ε
3355 1427 3642 1499 quoniam

2100 1506 2200 1565 ille
2225 1512 2309 1566 est
2336 1508 2509 1568 dator
2526 1553 2547 1583 ‚
2576 1511 2671 1569 cui
2707 1513 2957 1573 debetur
2987 1516 3283 1574 maximus
3310 1535 3478 1577 amor
3493 1538 3510 1589 ;
3540 1520 3640 1579 ille

2098 1606 2528 1675 remunerator,
2571 1605 2664 1662 cui
2695 1606 2944 1665 debetur
2969 1609 3263 1668 maximus
3288 1611 3515 1682 honor;
3539 1613 3640 1671 ille

2098 1695 2276 1769 ultor,
2318 1696 2413 1753 cui
2456 1697 2704 1756 debetur
2741 1702 3038 1759 maximus
3077 1702 3275 1762 timor.
3324 1708 3400 1763 De
3444 1706 3639 1779 primo

2098 1791 2301 1848 scribit
2326 1792 2821 1869 psalmographus
2845 1799 2867 1833 ⁷
2909 1816 2923 1854 ε
2971 1816 2999 1851 α
3039 1798 3457 1860 custodiebant
3483 1801 3641 1860 testi·

2097 1885 2302 1942 monia
2330 1886 2488 1957 ejuS,
2518 1890 2574 1944 et
2608 1893 2967 1963 praeceptum
3007 1892 3175 1965 quod
3212 1893 3377 1951 dedit
3411 1894 3528 1952 illis
3557 1913 3573 1953 ε
3608 1918 3637 1953 »

2100 1993 2232 2036 ecce
2278 1979 2480 2049 dator,
2527 1981 2620 2038 cui
2676 1982 2927 2041 debetur
2977 1985 3271 2044 maximus
3323 2003 3513 2046 amor.
3562 1992 3640 2048 De

2097 2072 2362 2129 secundo
2407 2073 2553 2132 alibi
2580 2074 2662 2133 ait
2700 2076 2766 2131 ⁸:
2816 2096 2844 2129 α
2871 2075 2927 2134 Si
2973 2078 3354 2138 custodierint
3397 2081 3505 2139 filii
3558 2084 3641 2141 tui

2097 2167 2510 2224 testamentum
2553 2184 2785 2240 meum,
2827 2172 2885 2228 et
2929 2171 3258 2231 testimonia
3308 2190 3445 2233 mea
3491 2176 3637 2248 baec,

2097 2273 2236 2331 quae
2260 2259 2491 2317 docebo
2520 2276 2622 2319 eos
2638 2280 2656 2333 3
2687 2265 2744 2320 et
2775 2262 2881 2320 filii
2909 2280 3117 2322 eorum
3144 2282 3333 2340 usque
3360 2268 3423 2325 in
3458 2284 3638 2328 saecu-

2095 2350 2224 2409 lum
2269 2353 2562 2411 sedebunt
2600 2371 2777 2429 super
2823 2356 3025 2415 sedem
3072 2362 3278 2417 tuam:
3321 2380 3350 2414 ³>
3385 2377 3519 2420 ecce
3554 2379 3639 2421 re-

2095 2452 2459 2520 munerator,
2512 2450 2608 2506 cui
2661 2449 2909 2509 debetur
2948 2453 3243 2511 maximus
3292 2455 3504 2514 honor.
3560 2460 3638 2516 De

2095 2540 2267 2598 tertio
2303 2547 2500 2599 autem
2540 2542 2684 2601 alibi
2725 2544 3032 2618 psallimus
3060 2548 3134 2620 (a)
3163 2547 3186 2582 ⁹
3214 2566 3228 2604 :
3265 2568 3295 2601 ι
3319 2549 3639 2608 Exacerba-

2096 2638 2310 2692 verunt
2335 2637 2520 2693 Deum
2551 2637 2882 2710 excelsum,
2924 2644 2979 2696 et
3007 2640 3338 2699 testimonia
3363 2643 3489 2715 ejus
3513 2659 3640 2702 non

2097 2727 2531 2798 custodierunt3
2554 2750 2583 2783 »
2612 2734 2669 2787 et
2686 2729 2875 2788 inira:
2905 2753 2932 2784 α
2953 2731 3190 2790 Audivit
3208 2736 3379 2807 Deus,
3392 2738 3450 2793 et
3474 2752 3638 2811 spre-

2095 2821 2200 2891 vit,
2231 2822 2392 2879 etad
2421 2822 2670 2880 nihilum
2701 2823 2932 2896 redegit
2966 2825 3144 2884 valde
3172 2827 3345 2885 lsrael
3383 2847 3398 2886 :
3440 2850 3469 2885 ι
3503 2845 3637 2889 οοοο

2096 2916 2273 2987 ultor,
2302 2916 2395 2974 cui
2424 2915 2675 2976 debetur
2702 2919 2997 2976 maximus
3026 2919 3220 2980 timor.

2738 3080 2994 3145 Epilogus.

2166 3200 2326 3255 Patet
2356 3197 2555 3272 itaque
2591 3214 2709 3257 vox
2746 3201 3074 3275 Prophetoe,
3118 3206 3328 3278 typum
3386 3208 3637 3280 gerentis

2092 3305 2361 3364 personae
2386 3291 2733 3350 intrinsecus
2762 3294 3006 3353 titillatae
3045 3313 3060 3354 ε
3101 3298 3400 3357 Secundum
3424 3303 3634 3360 miseri-

2093 3385 2336 3442 cordiam
2395 3392 2562 3457 tum,
2617 3386 2838 3445 scilicet
2884 3389 3133 3448 miserioe
3183 3408 3330 3450 meae
3378 3396 3635 3453 sensuali

2094 3494 2444 3552 congruam,
2474 3484 2763 3554 quantum
2782 3482 2861 3539 ad
2882 3484 3365 3558 concupiscentiae
3393 3503 3635 3563 corrup-

2093 3572 2273 3630 telam
2283 3592 2302 3646 3
2341 3576 2594 3646 Viviltca,
2625 3575 2842 3633 scilicet
2868 3577 3155 3651 spirituali
3173 3579 3314 3650 vita,
3344 3588 3633 3656 quantum

2092 3666 2175 3725 ad
2202 3667 2400 3739 gratian
2427 3669 2707 3739 tutelam3
2732 3672 2838 3737 Me,
2871 3671 3089 3729 scilicet
3114 3675 3395 3731 tentatum
3420 3691 3634 3749 corpo-

2091 3762 2204 3819 rali
2248 3762 2564 3821 tentatione
2585 3805 2606 3835 ‚
2652 3768 2939 3839 quantum
2977 3766 3057 3823 ad
3092 3765 3410 3841 iniquitatis
3438 3771 3633 3827 caute-

2091 3854 2251 3927 lam3
2293 3858 2366 3914 Et
2399 3857 2696 3914 custodiam
2743 3862 3049 3914 testimonia
3095 3863 3206 3917 oris
3250 3865 3365 3932 tui,
3413 3862 3634 3921 scilicet

2091 3949 2306 4007 morali
2360 3950 2771 4009 observatione
2792 3992 2812 4021 ,
2869 3956 3156 4025 quantum
3211 3954 3290 4011 ad
3345 3955 3633 4029 aequitatis

2090 4043 2414 4117 sequelam.

2632 4198 2964 4244 vnnslcuws
3001 4201 3078 4244 tx.

2164 4329 2251 4384 89.
2288 4329 2357 4383 In
2406 4332 2692 4400 oetemum,
2733 4332 2996 4401 Domine,
3047 4331 3262 4388 verbum
3298 4339 3475 4406 tuum,
3516 4337 3624 4391 etc.

2090 4421 2340 4478 Causam
2382 4419 2753 4479 deficientem
2797 4422 3058 4480 vidimus
3110 4441 3219 4498 per
3259 4427 3625 4486 octonarium

2089 4513 2550 4587 praecedentem5
2609 4532 2850 4574 causam
2888 4516 3249 4576 reficientem
3293 4518 3629 4578 videbimus

2089 4621 2198 4679 per
2223 4611 2590 4680 praesentem.
2631 4611 2764 4666 Hoec
2810 4616 3008 4668 autem
3054 4626 3232 4670 causa
3275 4617 3361 4671 est
3393 4613 3629 4672 bonitas

2090 4700 2295 4759 divina
2339 4718 2353 4758 ε
2397 4718 2530 4776 quae
2572 4718 2697 4760 non
2734 4709 2820 4760 est
2855 4703 3180 4776 defectiva,
3223 4705 3372 4764 sicut
3411 4707 3629 4780 probat

2090 4795 2500 4868 quaternarius
2537 4796 2790 4870 primus;
2834 4797 2941 4854 sed
2985 4798 3293 4870 refectiva,
3320 4799 3470 4858 sicut
3492 4816 3629 4874 pro-

2089 4889 2195 4946 bat
2239 4889 2552 4948 secundus.
2609 4889 2898 4947 Probatur
2937 4895 3136 4949 autem
3183 4893 3352 4967 quod
3391 4908 3516 4952 non
3553 4895 3629 4954 sit

2091 4980 2398 5053 defectiva,
2447 4997 2519 5040 eo
2565 4982 2731 5056 quod
2783 4982 2857 5040 sit
2898 4984 3261 5043 mirabilium
3314 4985 3621 5046 effectiva:

2089 5093 2224 5151 quae
2250 5079 2388 5133 sunt
2430 5075 2775 5150 inquietatio
2807 5078 3084 5137 maximae
3108 5078 3418 5154 firmitatis,
3459 5082 3627 5157 quie-

2088 5170 2232 5229 tatio
2283 5169 2559 5229 maximae
2609 5170 2961 5230 infirmitatis
2979 5214 3002 5245 ,
3052 5173 3297 5232 retentio
3350 5176 3626 5236 maximoe

2088 5299 2112 5333 ⁶
2140 5297 2307 5352 Cant..
2337 5307 2386 5361 v,
2421 5298 2468 5344 7.
2502 5323 2563 5333 —
2598 5297 2615 5328 ⁷
2642 5296 2774 5347 Psal.
2809 5308 2999 5359 xcvnr,
3035 5299 3084 5348 7.
3115 5325 3178 5338 -
3213 5300 3236 5335 ⁸
3270 5300 3409 5352 Psal.
3445 5314 3622 5364 cxxxx,

2093 5371 2337 5420 ¹2·13.-
2370 5369 2401 5431 ‚⁹
2431 5367 2562 5419 Psal.
2595 5380 2775 5420 nxxvu
2792 5406 2811 5436 ,
2839 5372 2917 5434 56,
2948 5372 3025 5451 513.
3050 5398 3104 5409 -
3139 5372 3207 5437 (α)
3236 5372 3352 5439 Leq.
3375 5375 3623 5431 Pontinus.
