4196 6294
78 2936 275 2981 Dilatatio

123 3498 270 3541 Posui-

109 3562 245 3605 tonti-

90 3620 247 3667 tructus

88 3686 186 3729 tres.

1590 450 1953 521 psamus
1994 457 2254 526 mm.
2322 544 2330 551 .

336 554 472 621 sine
497 575 760 644 corpore
783 567 1123 639 subsistere
1149 592 1278 641 non
1309 588 1593 662 possunt,
1628 590 1700 650 ut
1725 589 1866 652 ani-

333 678 467 741 ma3
498 665 840 753 intellectu,
867 677 1129 759 spiritus
1152 685 1262 766 qui
1282 685 1416 751 sine
1438 707 1699 774 corpore
1727 714 1864 762 esse

331 777 616 854 possunt,
638 781 713 841 ut
735 783 983 865 angeli;
1014 787 1461 874 intelligentia,
1488 799 1750 883 spiritus
1769 804 1862 866 in-

331 886 603 959 creatuS,
650 884 1085 959 Mundandum
1139 903 1234 963 est
1282 919 1439 983 ergo
1486 924 1621 989 cor,
1672 914 1746 975 ut
1781 914 1862 977 ab

329 990 505 1052 omni
535 994 705 1057 terra
744 1000 807 1060 et
836 1017 1002 1082 aqua
1027 1003 1222 1084 longe
1250 1011 1529 1092 recedat,
1560 1020 1635 1080 ut
1662 1017 1733 1080 in
1758 1037 1857 1082 se·

326 1095 661 1162 renitatem
700 1104 961 1172 rationis
1007 1112 1269 1194 evadat,
1311 1120 1384 1180 ut
1418 1117 1485 1182 in
1512 1120 1863 1190 intellectus

327 1201 690 1270 societatem
726 1219 981 1293 surgat,
1019 1220 1084 1280 et
1129 1219 1199 1282 in
1242 1224 1578 1292 candorem
1621 1231 1857 1296 intelli-

325 1309 565 1386 gentiae
609 1318 935 1401 ascendat;
979 1322 1194 1407 sicque
1229 1330 1755 1416 transfiguratum
1797 1344 1861 1405 et

322 1412 753 1493 glorificatum
778 1424 997 1492 Jesum
1024 1441 1261 1499 cernat.

406 1523 505 1585 11.
535 1526 760 1595 Dilata
790 1548 858 1598 os
885 1540 1088 1618 tuum,
1120 1547 1181 1609 et
1208 1544 1474 1628 implebo
1505 1551 1692 1619 illud.
1726 1555 1859 1622 Hoc

323 1627 557 1696 dicitur
578 1637 830 1703 tantum
857 1645 1325 1724 egredientibus
1352 1654 1430 1720 de
1455 1656 1754 1744 AEgypto.
1778 1664 1857 1728 Os

325 1733 604 1804 hominis
626 1742 941 1813 interioris
970 1756 1065 1816 est
1090 1755 1472 1826 desiderium
1500 1768 1723 1833 cordis.
1757 1770 1872 1835 Di··

323 1841 453 1910 lata
476 1847 857 1919 desiderium
881 1861 1107 1942 cordis,
1130 1868 1194 1928 et
1215 1884 1338 1949 ego
1363 1869 1638 1955 implebo
1666 1879 1855 1943 resec·

323 1950 494 2018 tione
521 1957 702 2038 panis
722 1962 1007 2031 coelestiS.
1036 1973 1055 2008 ¹
1088 1993 1119 2029 c<
1136 1970 1331 2053 Beati,
1352 1977 1464 2059 qui
1487 1982 1776 2047 esuriunt
1793 1991 1857 2050 et

319 2058 550 2126 sitiunt
572 2066 909 2146 justitiam.
938 2095 970 2132 n
991 2075 1143 2154 Quis
1169 2083 1526 2164 propinabit
1552 2088 1668 2152 tibi
1693 2090 1851 2156 ista?

321 2162 462 2247 Ipse
490 2166 795 2254 Christus,
826 2178 903 2243 de
929 2200 1057 2263 quo
1085 2184 1314 2251 dicitur
1340 2197 1399 2254 ¹:
1442 2215 1473 2251 c<
1512 2191 1852 2263 Transiens

318 2272 699 2354 ministrabit
726 2282 872 2349 illis.
904 2309 935 2346 ι)
974 2289 1154 2356 Dabit
1182 2312 1413 2376 panem
1440 2301 1551 2381 qui
1579 2302 1656 2366 de
1693 2305 1850 2372 coelo

315 2378 635 2449 descendit
651 2435 667 2467 ,
716 2409 834 2455 nec
873 2394 1072 2462 deerit
1108 2403 1317 2482 potus.
1365 2404 1527 2470 Nam
1557 2411 1579 2448 ⁸
1615 2433 1645 2470 (ι
1673 2412 1850 2479 flabit

312 2486 577 2567 spiritus
604 2497 774 2577 ejus{‚
807 2504 873 2564 et
899 2502 1099 2569 fluent
1127 2526 1333 2591 aquae.
1362 2534 1393 2571 υ
1430 2512 1648 2595 Vides,
1684 2538 1844 2602 quo-

311 2593 491 2659 niam
535 2598 820 2669 Christus
861 2608 931 2672 in
970 2612 1141 2694 cibo,
1181 2620 1244 2680 et
1282 2617 1557 2701 Spiritus
1593 2631 1846 2692 sanctus

309 2699 379 2764 in
424 2711 581 2786 potu
630 2712 1062 2785 ministranda
1121 2722 1332 2800 Qualis
1383 2731 1675 2813 refectio,
1729 2736 1843 2801 ubi

308 2807 553 2892 dapifer
571 2814 889 2901 ChristuS,
921 2825 1223 2906 pincerna
1251 2831 1524 2916 Spiritus
1546 2847 1838 2914 sanctus!

388 2921 613 2989 Dilata
639 2941 709 2993 os
738 2933 938 2996 tuum.
967 2933 1257 3003 Dilatatio
1276 2946 1368 3006 est
1393 2943 1459 3007 in
1487 2946 1756 3032 duohuS‚
1780 2957 1845 3017 et

305 3026 386 3091 de
414 3028 701 3099 duobus:
732 3036 798 3100 in
826 3057 1110 3124 corpore,
1141 3048 1299 3112 etin
1320 3067 1465 3131 ore;
1499 3057 1560 3117 et
1586 3056 1663 3121 de
1689 3059 1835 3140 fide,

304 3138 371 3199 et
397 3155 634 3206 amore.
678 3143 761 3211 Et
786 3147 1048 3231 implebo
1075 3153 1244 3221 illud
1260 3205 1281 3237 ,
1322 3178 1483 3240 pane
1508 3163 1679 3231 vitae.
1719 3166 1836 3232 Le-

305 3244 487 3324 gitur
514 3247 558 3328 ‘,
585 3253 756 3332 quod
786 3252 943 3321 Sara
970 3259 1113 3326 fecit
1146 3267 1279 3328 tres
1305 3285 1500 3349 panes
1527 3289 1610 3335 ex
1639 3274 1838 3340 trihus

302 3351 455 3415 satis
480 3354 722 3439 farinae,
757 3360 877 3427 hoc
903 3369 998 3429 est
1022 3372 1337 3437 mensur⁷s
1362 3379 1468 3456 (a).
1495 3377 1651 3459 ⁴Tres
1665 3382 1836 3447 enim

302 3463 455 3523 sunt
481 3462 725 3531 fructus
768 3473 1157 3553 poenitentiae
1202 3498 1219 3543 ε
1269 3484 1477 3549 cordis
1506 3490 1829 3572 contritio,

300 3567 432 3630 oris
480 3573 786 3641 confessio
805 3627 826 3657 ,
865 3572 1073 3664 operis
1127 3589 1483 3659 satisfactio.
1542 3595 1620 3661 Et
1661 3600 1835 3666 »bene

299 3673 459 3741 Sara
485 3679 605 3745 hoc
652 3683 816 3752 fecit.
861 3688 1019 3756 Sara
1060 3696 1227 3762 enim
1278 3718 1459 3766 mens
1509 3704 1791 3791 bominis
1811 3759 1830 3789 ,

300 3801 448 3865 quae
467 3786 571 3852 illa
596 3792 717 3856 tria
734 3803 1065 3879 operatur:
1094 3823 1301 3871 unum
1328 3828 1560 3892 panem
1592 3814 1663 3879 in
1688 3834 1832 3881 arca

296 3886 475 3971 fecit,
503 3893 566 3957 id
595 3902 691 3961 est
710 3949 727 3979 ,
759 3903 1272 3988 adimpletionem
1296 3914 1447 3981 boni
1475 3919 1709 4000 operis;
1741 3940 1832 3987 se·

295 3997 580 4065 cundum
596 4051 617 4082 ,
650 4008 820 4089 quod
845 4010 952 4075 ille
979 4013 1140 4080 dixit
1158 4023 1179 4058 ⁸
1209 4041 1225 4082 ε
1267 4044 1297 4081 α
1323 4020 1463 4088 Non
1489 4043 1828 4108 possumus

294 4120 430 4168 non
473 4106 649 4192 loqui
703 4118 874 4198 quod
917 4121 1196 4189 vidimus
1250 4132 1313 4192 et
1356 4131 1755 4214 audivimus;
1787 4158 1817 4195 ι)

293 4211 579 4293 tertium,
599 4215 796 4285 Maria
818 4243 898 4289 ex
914 4226 1244 4297 devotione
1262 4232 1634 4319 lacrymosae
1659 4258 1826 4306 com-

290 4321 678 4400 punctionis·
707 4328 817 4394 Ille
837 4379 855 4410 ,
885 4334 996 4416 qui
1043 4335 1149 4401 hic
1173 4338 1477 4424 loquitur,
1510 4350 1606 4410 est
1630 4367 1825 4414 mun-

291 4424 417 4490 dus
440 4428 514 4511 (b)
541 4452 557 4493 ε
579 4433 748 4500 unde
765 4434 1070 4507 Dominus
1094 4450 1309 4513 noster
1326 4454 1422 4514 est
1438 4452 1818 4523 adorandus.

293 4530 469 4599 Unde
494 4536 800 4608 Dominus
822 4544 1050 4615 liberat
1066 4569 1104 4615 a
1120 4557 1412 4638 peccatis,
1432 4559 1601 4625 unde
1621 4562 1743 4628 hoc
1761 4566 1818 4630 ⁶:

293 4641 419 4718 Qui
443 4642 650 4714 θάπτετ’
675 4652 733 4715 te
757 4650 835 4717 de
864 4656 1035 4721 terra
1068 4657 1341 4744 AEqypti
1366 4683 1391 4728 :
1418 4669 1482 4730 et
1506 4666 1649 4733 ideo
1675 4671 1816 4736 dili·

291 4755 563 4833 gendus.
608 4757 726 4824 Dat
779 4772 1201 4846 augmentum
1249 4773 1505 4841 virtutis
1520 4826 1542 4858 ,
1600 4783 1767 4847 unde
1796 4806 1813 4848 :

287 5074 391 5139 vel
411 5077 684 5159 justitiae
714 5082 783 5148 in
809 5091 1109 5168 praesenti
1129 5140 1149 5172 ,
1178 5095 1392 5162 unde:
1428 5099 1514 5167 Et
1553 5119 1663 5187 eqo
1691 5109 1814 5172 im·

285 5181 457 5263 plebe
484 5184 650 5253 illud
675 5210 701 5261 ,-
726 5194 789 5255 et
813 5192 954 5258 ideo
975 5198 1392 5271 extollendus.

353 5347 366 5377 ¹
398 5348 600 5418 Mami„
630 5366 681 5417 v,
710 5358 755 5408 6.
786 5383 848 5396 —
879 5358 896 5389 ²
921 5359 1058 5426 Luc„
1087 5376 1183 5429 xn,
1211 5369 1288 5419 37.
1319 5396 1382 5408 —
1408 5370 1430 5407 ³
1457 5375 1590 5425 Psal.
1621 5389 1812 5443 (πηνα,

289 5419 365 5468 18.
399 5445 452 5456 -
484 5423 504 5452 ⁴
537 5423 679 5487 Gen„
708 5439 864 5491 xvm,
902 5433 948 5482 6.
982 5459 1034 5470 -
1074 5436 1098 5471 ⁸
1124 5437 1257 5502 Act„
1290 5452 1359 5503 w,
1394 5445 1474 5495 20.
1496 5471 1556 5485 -
1583 5448 1603 5478 ⁸
1630 5450 1811 5513 Exod„

562 5530 709 5580 mx.
752 5535 844 5583 11.

3387 503 3507 565 257

2055 599 2156 659 12.
2186 596 2281 664 Et
2308 615 2438 667 non
2486 602 2750 677 audivit
2769 613 3043 694 populus
3083 636 3255 691 mus
3297 644 3510 702 vocem

1972 715 2199 768 meam.
2231 703 2391 771 Nota
2439 731 2454 771 ε
2503 710 2666 777 Deus
2701 719 2974 786 seminat
3008 728 3279 797 verbum
3315 755 3507 806 suum

1971 804 2039 869 in
2077 810 2375 892 auribus,
2427 834 2611 900 voce3
2658 821 2725 885 in
2781 828 3011 911 oculis,
3051 841 3382 924 exemplo;
3439 848 3507 913 in

1970 914 2188 994 corde,
2217 921 2444 998 gratiae
2471 924 2813 996 infusione.
3478 937 3487 948 ’

2051 1025 2151 1086 15.
2195 1026 2409 1109 Super
2436 1033 2811 1105 tribulantes
2836 1058 2972 1123 eos,
3025 1053 3342 1123 misissem
3366 1076 3503 1128 ma-

1967 1141 2147 1194 num.
2185 1130 2353 1198 Deus
2388 1138 2579 1204 mittit
2615 1161 2879 1211 manum
2924 1170 3107 1219 suam
3144 1164 3467 1242 puniendo
3485 1219 3502 1250 ,
3532 1176 3742 1282 „xm”

1967 1238 2041 1296 ut
2067 1235 2212 1317 hic;
2246 1245 2633 1326 protegendo
2656 1299 2673 1330 ,
2707 1255 2878 1319 unde
2915 1258 3037 1325 hoc
3064 1264 3128 1328 ⁷:
3175 1290 3206 1328 α
3229 1268 3503 1342 Posuisti
3616 1269 3629 1283 ’

1965 1357 2157 1425 super
2184 1365 2287 1411 me
2316 1369 2575 1418 manum
2601 1361 2817 1440 tuam3
2848 1384 2878 1422 υ
2909 1351 3295 1457 quandoque
3313 1378 3504 1447 bene-

1967 1446 2257 1533 dicend0,
2288 1458 2457 1522 unde
2497 1464 2688 1528 Jacob
2732 1471 2754 1506 ⁸
2797 1473 3150 1542 cancellatis
3204 1485 3501 1556 manibus

1965 1558 2178 1636 posuit
2203 1579 2434 1630 manus
2459 1586 2652 1652 super
2682 1573 2847 1660 filios
2872 1596 3043 1648 suos.

2202 1805 2593 1882 PSALMUS
2638 1815 2909 1890 DAVID
2952 1824 3252 1903 LXXXI.

2044 1995 2100 2052 1.
2134 1993 2302 2062 Deus
2329 2002 2512 2068 stetit
2539 2004 2614 2068 in
2634 2021 2969 2096 synaqoqa
3001 2018 3285 2091 deorum.
3317 2028 3498 2098 Stare
3570 2065 3689 2107 noa.

1967 2091 2072 2160 Dei
2098 2117 2215 2181 pro
2241 2103 2543 2187 adjuvare
2563 2160 2579 2190 ,
2615 2115 2783 2182 unde
2827 2119 2948 2186 hoc
2971 2129 3034 2189 ⁰:
3078 2152 3108 2189 «
3135 2129 3496 2217 Stephanus
3521 2126 3733 2232 ἓξὲξ

1960 2204 2118 2271 vidit
2142 2210 2333 2276 coelos
2368 2222 2619 2298 apertos
2638 2270 2660 2301 ,
2694 2228 2758 2288 et
2786 2225 3005 2296 lesum
3033 2240 3343 2325 stantem,
3366 2247 3407 2307 n‘
3428 2250 3493 2314 id
3520 2263 3593 2357 {gr
3620 2251 3730 2293 ‘¹¹⁰³‘

1959 2316 2085 2393 est,
2120 2316 2553 2398 adjuvantem.
2593 2325 2731 2393 Stat
2767 2331 2933 2399 Deus
2960 2357 3073 2421 per
3089 2346 3315 2425 judicii
3343 2373 3489 2421 sen-
3598 2345 3609 2358 '

1957 2421 2253 2504 tentiam,
2284 2429 2451 2494 unde
2483 2431 2604 2498 hoc
2634 2438 2677 2476 ¹⁰
2709 2459 2723 2500 ε
2752 2438 3051 2512 «Utinam
3075 2455 3316 2523 stemus
3341 2480 3489 2530 cum

1955 2526 2092 2609 ipso
2119 2529 2485 2614 injudicio!
2513 2561 2543 2601 υ
2584 2542 2722 2624 Stat
2763 2567 2879 2631 per
2906 2554 3134 2634 gloriae
3177 2569 3489 2637 stabilita-

1953 2637 2118 2716 tem,
2152 2640 2321 2706 unde
2346 2645 2479 2728 ipse
2520 2650 2561 2686 ¹¹
2589 2651 2658 2716 in
2683 2652 2895 2723 littore
2938 2666 3107 2731 stetit
3132 2688 3247 2752 per
3275 2694 3490 2746 resur-

1953 2744 2319 2814 rectionem.
2343 2750 2462 2828 Qui
2477 2758 2647 2823 enim
2663 2765 2786 2827 stat
2803 2765 2872 2830 in
2894 2768 3126 2855 littore,
3153 2783 3274 2845 stat
3298 2783 3482 2868 bene,

1951 2848 2179 2915 firmus
2215 2861 2309 2919 est
2336 2876 2353 2921 ε
2384 2864 2446 2924 et
2491 2862 2632 2930 ideo
2662 2866 2946 2939 Christus
2989 2885 3133 2960 post
3164 2902 3485 2958 resurree-

1951 2955 2189 3024 tionem
2206 2961 2368 3029 hene
2394 2967 2518 3033 fuit
2539 2972 2788 3041 firmus.
2812 2978 2946 3046 Stat
2972 3003 3088 3067 per
3113 2994 3323 3060 carnis
3358 3017 3486 3065 ma-

1950 3063 2438 3154 nifestationem,
2469 3080 2641 3145 unde
2666 3083 2787 3151 hoc
2805 3093 2851 3128 ¹²
2884 3111 2898 3153 ε
2938 3114 2969 3154 α
2997 3092 3240 3166 Medius
3265 3110 3481 3176 autem

1950 3176 2239 3240 vestrum
2267 3183 2478 3264 stetit,
2529 3206 2722 3270 quem
2755 3212 2871 3260 vos
2896 3203 3170 3270 nescitis.
3205 3231 3235 3269 n
3270 3215 3429 3281 Nota
3462 3239 3478 3282 ε

1948 3277 2185 3345 Dicitur
2215 3288 2380 3353 stare
2407 3289 2478 3355 in
2506 3296 2713 3361 medio
2735 3349 2752 3379 ,
2786 3319 2917 3368 non
2944 3314 3125 3375 extra
3148 3318 3475 3386 exclusus:

1945 3403 2097 3450 nam
2116 3390 2343 3458 dicitur
2365 3397 2533 3463 intra
2558 3406 2803 3488 omnia,
2826 3413 2981 3493 quia
3006 3422 3224 3486 omnia
3245 3428 3476 3511 replet;

1946 3497 2126 3559 extra
2168 3501 2381 3567 omnia
2399 3551 2416 3582 ,
2464 3508 2615 3588 quia
2657 3516 2874 3580 omnia
2924 3526 3234 3609 continet3
3287 3550 3481 3619 super

1945 3602 2192 3683 omnia,
2223 3607 2374 3689 quia
2400 3614 2702 3681 omnibus
2729 3623 3054 3709 praesidet;
3086 3635 3312 3703 subtus
3336 3658 3479 3709 orn-

1943 3706 2050 3771 nia
2067 3756 2090 3788 ,
2120 3713 2272 3794 quia
2301 3719 2552 3800 omnia,
2583 3724 2689 3789 vel
2716 3733 3015 3800 omnibus
3035 3743 3324 3811 sustinet.

2025 3821 2081 3880 7.
2137 3819 2317 3889 Sicut
2368 3842 2537 3895 unus
2585 3832 2664 3898 de
2718 3839 3123 3923 principibus
3165 3853 3415 3925 cadetis
3451 3879 3477 3925 .·

1941 3922 2179 3990 scilicet
2204 3947 2320 4010 per
2362 3935 2748 4017 superbiam.
2797 3942 2958 4012 Nota
2989 3969 3008 4014 ε
3042 3951 3298 4038 Septem
3325 3971 3478 4033 sunt
3502 3990 3619 4034 vm·
3645 4003 3715 4035 οι-

1939 4029 2097 4094 vitia
2124 4036 2415 4118 capitalia
2435 4089 2457 4120 ,
2492 4061 2638 4125 quae
2665 4066 2705 4112 a
2727 4056 3025 4134 superbia
3075 4069 3468 4155 procedunt,
3494 4096 3501 4102 ·
3527 4054 3710 4173 ἓξὲξ,

1937 4137 2171 4206 scilicet
2195 4146 2525 4228 superbia,
2557 4151 2821 4238 invidia,
2850 4160 2967 4244 ira,
3001 4167 3284 4256 tristitia,
3318 4197 3472 4246 ava-

1929 4888 2187 4957 luxuria
2204 4895 2579 4966 devoratum
2599 4908 2988 4979 stercoravit.
3012 4915 3127 4985 11ae
3151 4932 3303 4992 sunt
3328 4949 3466 5014 spe-

1795 5049 1812 5080 ,
1928 4998 2052 5063 cies
2079 5002 2416 5085 nequitiae,
2446 5026 2594 5090 quae
2636 5014 2909 5084 militant
2951 5027 3291 5099 adversum
3317 5056 3459 5106 nos.

1929 5104 2005 5179 Hi
2041 5112 2193 5172 sunt
2234 5110 2508 5178 latrones
2541 5117 2609 5197 ¹⁸,
2656 5124 2768 5204 qui
2817 5129 3088 5209 spoliant
3134 5136 3462 5213 hominem

1928 5243 2016 5295 xx,
2044 5236 2092 5287 2.
2125 5260 2188 5273 —
2210 5236 2227 5266 ²
2256 5237 2389 5289 Psal.
2414 5252 2677 5308 cxxxvm,
2703 5249 2753 5298 ⁵.
2772 5275 2834 5287 —
2860 5252 2885 5286 ⁸
2912 5254 3054 5323 Gen„
3081 5272 3271 5325 xnvm,
3299 5273 3372 5323 14.
3401 5303 3457 5313 -

1881 5346 1884 5347 γ
1927 5304 1946 5335 ’
1967 5305 2100 5368 Act„
2127 5318 2217 5367 vn,
2242 5310 2323 5359 55.
2341 5337 2404 5349 —
2435 5315 2477 5349 ¹⁰
2491 5314 2610 5378 Iso„
2634 5330 2783 5383 tvm,
2810 5326 2859 5387 8,
2882 5338 2991 5379 non
3010 5329 3192 5386 iisdem
3212 5341 3458 5397 terminis.

1924 5403 1984 5415 -
2016 5378 2054 5411 ¹¹
2080 5378 2241 5441 loon„
2272 5392 2382 5444 xxi,
2410 5386 2456 5433 4.
2480 5412 2542 5424 —-
2566 5389 2608 5423 ¹²
2626 5390 2787 5456 loon„
2821 5406 2860 5459 1,
2881 5400 3039 5448 26.-
3067 5404 3108 5439 ¹⁸
3126 5406 3262 5472 Luc„
3288 5424 3341 5477 x,
3375 5420 3457 5471 3ο.

1988 5455 2053 5515 (a)
2088 5454 2213 5504 Coet.
2247 5457 2368 5508 edit.
2399 5473 2656 5518 mensura.
2684 5493 2747 5505 —
2774 5469 2847 5534 (b)
2876 5472 2990 5537 Leq.
3017 5478 3229 5534 Creator
3259 5493 3454 5544 mundi.
