4196 6294
728 502 845 562 372
1772 494 2188 563 Exposl‘rto
2227 494 2309 560 IN
2351 495 2885 563 PSALTEmtm.

722 633 1488 708 buszproutinsinuatiste
1514 636 1782 710 quartus,
1809 634 1873 692 in
1900 649 2024 709 quo
2052 631 2270 689 descri-

720 725 883 786 bitur
900 729 1191 802 poenitens
1210 729 1590 789 laudabiliter
1610 729 1966 803 intelligens,
1989 727 2268 802 diligens,

723 820 987 898 eligens3
1018 826 1125 884 sed
1153 826 1538 903 corporaliter
1563 826 1875 900 indigens,
1909 827 1969 883 et
1992 823 2134 882 ideo
2160 838 2269 881 ne·

723 917 1052 978 cessitatem
1089 921 1352 995 exigens.
1393 925 1461 981 Et
1495 922 1827 981 secundum
1870 920 1988 979 boc
2022 917 2268 994 quadri·

720 1012 969 1083 partitus
994 1017 1082 1071 est
1104 1030 1307 1074 versus
1332 1032 1608 1092 praesens.
1654 1017 1793 1074 Dico
1821 1020 2021 1074 autem
2043 1011 2265 1070 intelli·-

720 1110 958 1177 gentem
977 1149 997 1179 ,
1037 1112 1327 1181 quantum
1354 1109 1436 1168 ad
1459 1109 1718 1168 veritatis
1745 1111 2089 1183 aspectum3
2135 1102 2270 1161 dili-

722 1203 997 1271 gentem,
1037 1207 1327 1274 quantum
1370 1202 1452 1260 ad
1488 1203 1770 1261 bonitatis
1797 1201 2111 1272 affectum3
2157 1197 2268 1256 eli·

720 1299 957 1366 gentem
974 1336 996 1368 ,
1023 1300 1312 1370 quantum
1336 1297 1417 1356 ad
1450 1298 1739 1371 aequitatis
1766 1296 2080 1367 eflectnm3
2109 1290 2266 1351 indi·

718 1393 953 1459 gentem
971 1432 991 1463 ,
1021 1394 1312 1464 quantum
1338 1390 1420 1450 ad
1445 1390 1803 1449 necessitatis
1829 1389 2144 1450 detectum.

1210 1550 1497 1606 Articulum
1532 1552 1762 1621 prinum.

783 1674 1043 1733 Primum
1070 1678 1327 1747 notatur,
1359 1691 1498 1733 cum
1534 1673 1748 1732 dicitur
1776 1690 1794 1730 ε
1824 1674 1991 1743 Ecce,
2030 1671 2095 1727 in
2137 1683 2262 1744 quo

710 1768 970 1826 veritatis
1023 1769 1352 1843 speculatio
1404 1768 1862 1838 demonstratur,
1913 1781 2022 1840 per
2075 1780 2262 1839 quam

709 1862 991 1920 bonitatis
1008 1863 1308 1922 aemulatio
1333 1862 1714 1921 ministratur.
1736 1860 1883 1919 Dicit
1902 1876 2077 1933 ergo:
2107 1859 2260 1928 Ecce,

711 1957 884 2031 quasi
922 1957 1082 2015 dicat
1110 1975 1127 2015 ε
1156 1959 1288 2016 Non
1315 1956 1529 2030 ignoro
1575 1955 1745 2030 quod
1788 1954 2090 2030 imploro3
2135 1951 2259 2010 imo

710 2067 1136 2126 praecognosco
1177 2050 1344 2127 quod
1372 2050 1752 2125 concupisco.
1795 2048 2126 2107 Intellectus
2150 2063 2260 2122 per

709 2145 1061 2220 sapientiam
1100 2144 1532 2221 apprehendit,
1576 2143 1657 2203 ad
1684 2143 1854 2218 quod
1883 2141 2126 2201 affectus
2149 2156 2260 2217 per

710 2240 1250 2316 concupiscentiam
1284 2254 1348 2297 se
1390 2239 1671 2298 extendit.
1717 2238 1984 2296 Dicturus
2008 2235 2255 2310 itaque:

713 2335 1046 2408 Concupivi,
1094 2332 1411 2409 praedixit:
1460 2335 1630 2404 Eme,
1669 2347 1748 2391 ne
1791 2331 2113 2389 nesciretur
2151 2344 2257 2404 ap-

705 2428 1026 2505 prehensio
1054 2426 1385 2504 appetitum
1409 2425 1767 2502 praecedere.
1795 2428 1862 2484 Et
1887 2428 2058 2497 nota,
2087 2423 2260 2499 quod

466 2550 581 2594 ece·
606 2548 682 2593 «ι.
706 2524 825 2583 boc
868 2523 1222 2582 adverbium
1240 2566 1261 2595 ,
1312 2525 1463 2592 Ecce,
1515 2525 1601 2579 est
1645 2518 1986 2595 multiplex,
2040 2517 2261 2576 scilicet

466 2612 668 2657 ’ΜΨ
706 2618 1005 2693 sapientiai
1049 2616 1579 2677 demonstrativum
1604 2656 1624 2684 ,
1673 2613 1997 2672 intellectus
2035 2611 2256 2671 illumi·

706 2715 975 2772 nativum
994 2754 1017 2784 ,
1047 2711 1291 2771 affectus
1337 2708 1856 2768 inflammativum.
1889 2710 2259 2765 Demonstrat

707 2809 867 2867 enim
883 2806 1185 2865 interdum
1202 2804 1503 2882 sapientiae
1528 2801 1893 2878 principium
1904 2819 1924 2874 3
1955 2800 2257 2860 interdum

706 2901 1006 2978 sapientiae
1024 2899 1307 2972 modum3
1327 2898 1627 2956 interdum
1643 2897 1943 2971 sapientire
1962 2894 2219 2955 fructum
2238 2912 2255 2952 τ

706 3011 968 3073 quorum
985 2995 1247 3071 primum
1265 2996 1486 3068 spectat
1501 2990 1582 3051 ad
1594 3007 1839 3051 causam
1853 2990 2224 3050 materialem
2233 3007 2254 3062 3

708 3091 1069 3162 secundum,
1096 3088 1178 3146 ad
1203 3087 1549 3159 formalem3
1580 3084 1817 3143 tertium
1834 3127 1854 3157 ,
1881 3084 1961 3143 ad
1988 3083 2252 3143 finalem.

705 3190 785 3245 De
814 3185 1010 3261 primo
1040 3184 1255 3259 legitur
1275 3185 1293 3219 ²
1321 3200 1337 3239 ε
1370 3203 1401 3237 ι
1420 3184 1567 3240 Ecce
1585 3181 1766 3239 timor
1790 3179 1891 3237 Dei
1913 3179 2046 3254 ipsa
2067 3179 2143 3253 (a)
2172 3182 2259 3237 est

707 3278 1030 3355 sapientia:
1050 3299 1080 3333 ιι
1103 3278 1220 3337 hoc
1248 3281 1333 3336 est
1356 3275 1718 3351 principium
1744 3274 2076 3349 sapientioe3
2107 3273 2259 3331 sicut

705 3373 954 3432 materia
1005 3371 1218 3430 dicitur
1268 3368 1596 3429 substantia
1625 3411 1644 3440 ‚
1693 3368 1836 3442 quia
1891 3366 2256 3443 principium

707 3465 1065 3526 substantiae.
1094 3464 1432 3524 Secundum
1458 3464 1618 3521 bunc
1645 3463 1896 3521 modum
1922 3460 2213 3536 loquendi
2232 3502 2253 3533 ,

708 3562 887 3620 timor
905 3566 992 3620 est
1017 3558 1305 3635 sapientia
1336 3557 1553 3615 Veteris
1572 3554 1940 3624 Testamenti,
1967 3551 2255 3629 quemad-

709 3655 963 3714 modum
1009 3670 1180 3713 amor
1205 3652 1374 3712 Novi.
1429 3655 1509 3710 De
1551 3649 1815 3709 secundo
1856 3647 2130 3706 scribitur
2162 3648 2186 3683 ²
2236 3665 2251 3706 ε

714 3770 744 3807 ι
771 3757 916 3811 Ecce
947 3751 1231 3828 descripsi
1277 3766 1412 3811 eam
1439 3749 1745 3824 tripliciter
1754 3766 1776 3822 3
1808 3769 1835 3801 ι»
1868 3747 1975 3806 ubi
2018 3748 2259 3804 notatur

709 3846 904 3906 torma
943 3846 1243 3922 sapientioe
1279 3846 1548 3904 divisiva.
1597 3847 1676 3903 De
1705 3843 1872 3904 tertio
1902 3842 2161 3901 traditur
2185 3840 2208 3876 ⁸
2234 3858 2252 3899 t

716 3961 745 3997 ι
771 3945 915 4000 Ecce
946 3941 1130 4001 iactus
1156 3946 1243 4000 est
1268 3940 1414 3999 mibi
1442 3943 1660 3999 trames
1690 3938 2040 4010 abundans,
2068 3941 2126 3995 et
2150 3936 2258 3996 flu·

711 4037 842 4094 vius
894 4051 1064 4094 meus
1109 4035 1538 4111 propinquavit
1584 4032 1665 4092 ad
1718 4048 1921 4105 mare3
1966 4023 2257 4108 quoniam

712 4129 1045 4190 doctrinam
1068 4172 1090 4203 ‚
1134 4133 1423 4205 tanquam
1467 4127 1928 4200 antelucanum,
1980 4125 2253 4185 illumino

712 4227 992 4287 omnibus
1017 4246 1038 4301 3
1067 4247 1097 4282 s
1129 4226 1235 4285 ubi
1260 4229 1498 4285 notatur
1539 4223 1737 4282 finalis
1771 4222 2209 4283 consummatio
2235 4263 2258 4294 ,

710 4337 844 4398 quse
883 4325 971 4380 est
1010 4319 1292 4382 doctrinae
1333 4334 1517 4380 sacro
1562 4317 1864 4391 dilatatio,
1902 4320 1960 4375 et
2000 4315 2256 4377 dilatatae

708 4414 1072 4477 dilucidatio.

1181 4569 1468 4627 Artis-ulus
1500 4567 1781 4625 secundus.

780 4701 1117 4764 Secundum
1158 4699 1511 4759 subnotatur
1532 4741 1554 4772 ,
1584 4713 1722 4756 cum
1759 4694 1972 4755 dicitur
2000 4712 2015 4752 ε
2047 4695 2253 4752 Concu-

704 4802 849 4873 pivi,
878 4796 1099 4856 scilicet
1124 4792 1600 4869 concupiscentia
1627 4790 1886 4862 virtuali,
1906 4787 2004 4848 vel
2035 4787 2250 4847 affectu

707 4892 998 4951 laudabili
1016 4908 1037 4965 3
1068 4890 1212 4965 quia
1255 4888 1491 4947 bonitas
1530 4891 1722 4962 potest
1765 4885 1951 4956 bene,
1994 4888 2050 4942 et
2093 4881 2251 4941 male

709 4987 927 5062 appeti.
971 4985 1133 5045 Unde
1172 4982 1506 5042 notandum
1549 4986 1673 5055 est,
1713 4979 1882 5056 quod
1924 4977 2252 5038 bonitatem

710 5081 1134 5155 concupiscunt
1188 5078 1435 5155 quidam
1492 5075 1783 5135 desidiose
1810 5118 1831 5148 ,
1863 5073 2112 5149 quidam
2140 5071 2250 5131 do·

771 5255 787 5285 ¹
815 5252 931 5316 Job,
959 5263 1159 5315 xxvm,
1194 5253 1272 5302 28.
1302 5276 1364 5289 —
1395 5250 1415 5281 ²
1435 5250 1605 5314 Pron„
1640 5258 1755 5300 xxu
1774 5283 1791 5311 ,
1827 5248 1905 5298 20.
1937 5271 1998 5284 —
2022 5245 2041 5275 ³
2067 5242 2251 5306 Ecclt'„

706 5337 855 5389 xxxv',
882 5327 962 5375 34.
981 5350 1044 5361 —
1073 5324 1093 5354 ⁴
1118 5324 1287 5388 Pron„
1320 5334 1432 5387 ιιι,
1458 5323 1539 5384 25,
1568 5323 1727 5370 26.-
1753 5319 1810 5368 ⁸1
1840 5318 1998 5380 Petru,
2021 5327 2084 5380 11,
2118 5319 2165 5367 2.
2189 5343 2253 5356 -

708 5400 728 5428 ⁸
754 5397 894 5462 Sap„
923 5408 995 5457 vt,
1026 5399 1105 5447 12.
1133 5422 1193 5433 -
1221 5396 1238 5426 ⁷
1267 5394 1400 5447 Psal.
1426 5393 1546 5456 boc,
1580 5394 1688 5443 166.
1714 5416 1778 5428 -
1814 5390 1832 5420 ⁸
1867 5387 2013 5450 ibid„
2054 5387 2161 5440 ¹28.
2190 5414 2252 5426 —-

706 5473 725 5500 ⁹
750 5468 898 5534 lbid„
934 5470 1037 5521 173.

2374 632 2860 709 lore,quidam
2915 633 3172 693 virtuose
3230 637 3905 719 :primisuntotiosi3

2375 726 2622 785 secundi
2653 772 2674 801 ,
2724 728 3109 803 superstitiosi
3146 749 3165 803 3
3225 731 3377 791 tertii
3413 776 3434 805 ,
3497 736 3785 810 religiosi.
3824 742 3906 799 Ad

2374 821 2600 895 primos
2643 823 2919 897 respicit,
2958 826 3128 899 quod
3170 828 3454 887 Salomon
3500 831 3581 888 ait
3625 831 3648 865 ⁸
3696 850 3713 888 :
3751 853 3779 886 ι
3807 835 3906 893 De·

2371 914 2590 975 sideria
2604 917 2882 977 occidunt
2907 919 3145 994 pigrum
3168 923 3523 980 :noluerunt
3548 925 3710 982 enim
3736 927 3905 1000 quid-

2373 1026 2556 1083 quam
2583 1028 2797 1069 manus
2822 1014 2950 1085 ejus
2977 1016 3208 1088 operari
3223 1035 3242 1088 3
3272 1022 3394 1074 tota
3421 1016 3518 1075 die
3555 1021 3909 1095 concupiscit

2372 1108 2427 1161 et
2472 1104 2786 1164 desiderat.
2836 1126 2869 1163 ι
2905 1107 3074 1165 Tales
3124 1113 3289 1181 sunt,
3341 1110 3445 1184 qui
3491 1114 3907 1188 concupiscunt

2370 1196 2599 1257 virtutis
2619 1199 2892 1259 habitum
2908 1201 3037 1259 sine
3061 1205 3221 1274 actu,
3238 1208 3298 1262 et
3321 1202 3615 1262 felicitatis
3636 1207 3907 1266 bravium

2370 1291 2496 1349 sine
2522 1309 2720 1351 cursu.
2760 1294 2852 1352 Ad
2894 1296 3190 1354 secundos
3231 1297 3464 1371 attinet,
3501 1301 3674 1374 quod
3717 1305 3906 1360 Petrus

2369 1386 2654 1446 admonet
2673 1387 2696 1421 ⁸
2723 1406 2741 1446 ε
2775 1409 2806 1443 ι
2830 1389 2988 1447 Sicut
3025 1390 3213 1449 modo
3244 1392 3426 1465 geniti
3451 1391 3708 1452 infantes
3741 1396 3907 1454 ratio-

2367 1480 2601 1540 nabiles
2628 1482 2700 1557 (b)
2741 1482 2866 1541 sine
2894 1483 3040 1542 dolo
3077 1484 3171 1543 lac
3196 1487 3631 1562 concupiscite,
3657 1491 3810 1549 utin
3835 1506 3905 1548 eo

2368 1576 2640 1633 crescatis
2665 1574 2729 1634 in
2767 1577 3020 1637 salutem
3047 1597 3064 1635 ε
3093 1600 3123 1634 ιι
3154 1580 3297 1655 quia
3336 1582 3728 1655 superstitiosi
3768 1599 3902 1642 con-

2368 1669 2679 1743 cupiscunt
2702 1687 2827 1730 non
2849 1672 3303 1745 rationabiliter,
3330 1674 3437 1732 sed
3473 1675 3689 1735 dolose
3715 1677 3902 1736 dulce-

2368 1762 2571 1823 dinem
2624 1765 2906 1823 bonitatis
2947 1785 2963 1824 ε
3013 1783 3136 1826 non
3184 1772 3428 1844 propter
3481 1770 3904 1831 incrementum

2365 1859 2602 1931 salutis,
2630 1861 2738 1917 sed
2777 1861 3030 1935 alicujus
3068 1862 3371 1922 commodi
3417 1867 3789 1940 temporalis.
3823 1866 3906 1924 Ad

2364 1953 2515 2011 alios
2559 1958 2784 2029 spectat
2812 1996 2834 2028 ,
2890 1956 3057 2031 quod
3113 1958 3358 2032 Sapiens
3419 1958 3785 2032 dogmatizat
3823 1962 3844 1994 ⁸
3888 1978 3901 2016 ε

2371 2066 2402 2100 ι
2427 2048 2836 2122 concupiscite
2864 2066 3170 2109 sermones
3195 2067 3393 2125 meos,
3418 2057 3477 2111 et
3498 2052 3732 2127 diligite
3758 2054 3903 2125 illos,

2367 2144 2425 2198 et
2447 2140 2743 2200 babebitis
2779 2143 3185 2219 disciplinam3
3215 2166 3245 2201 s
3277 2162 3349 2203 ac
3385 2145 3436 2203 si
3473 2150 3682 2222 aperte
3710 2148 3902 2206 dicat:

2365 2235 2676 2295 Sermones
2727 2254 2896 2297 meos
2948 2240 3340 2315 concupiscite
3387 2245 3633 2316 propter
3679 2242 3904 2317 sapien-

2366 2328 2539 2403 tiam,
2568 2333 2628 2388 et
2668 2329 2892 2404 diligite
2933 2333 3069 2392 illos
3103 2338 3346 2409 propter
3382 2335 3791 2409 eloquentiam
3806 2355 3825 2408 3
3854 2339 3905 2394 et

2365 2421 2658 2483 habebitis
2684 2425 2976 2485 interioris
3005 2433 3063 2487 et
3087 2429 3388 2488 exterioris
3429 2428 3763 2504 disciplinas
3793 2431 3902 2489 ele·

2364 2518 2646 2590 gantiam.

2860 2593 3146 2652 Articulus
3198 2597 3412 2653 tertius.

2435 2707 2689 2766 Tertium
2736 2714 3050 2769 annotatur
3069 2753 3088 2782 ‚
3123 2728 3262 2771 cum
3301 2712 3542 2772 additur
3581 2731 3599 2771 ε
3639 2715 3902 2772 Harudum

2366 2805 2464 2858 tua
2490 2817 2512 2859 .·
2540 2817 2682 2860 nam
2720 2803 3070 2862 mandatum
3098 2803 3240 2862 dicit
3279 2806 3567 2881 aequitatis
3594 2807 3865 2868 effectum
3882 2850 3899 2879 ‚

2367 2894 2534 2968 quod
2558 2911 2667 2970 per
2693 2897 3031 2971 aequitatem
3058 2897 3417 2975 injungitur,
3447 2905 3504 2959 et
3536 2916 3647 2975 per
3674 2903 3904 2977 aequita-

2365 2991 2544 3046 tatem
2571 2989 2828 3063 eligitur.
2859 2992 3022 3050 Unde
3046 2993 3401 3065 notandum,
3429 2995 3596 3069 quod
3623 2996 3900 3055 mandato

2365 3080 2614 3140 debetur
2627 3083 2896 3155 dilectio,
2918 3085 3185 3160 directio,
3215 3088 3422 3146 electio
3455 3106 3471 3145 z
3504 3104 3769 3164 quorum
3790 3088 3902 3164 pri·

2365 3193 2532 3235 mum
2558 3179 2809 3253 pertinet
2833 3179 2914 3237 ad
2940 3180 3262 3240 voluntatis
3288 3182 3684 3255 desiderium3
3708 3199 3899 3244 secun·

2367 3271 2533 3345 dum,
2563 3272 2644 3331 ad
2669 3272 2914 3331 rationis
2939 3275 3254 3334 consilium
3268 3296 3287 3350 3
3313 3277 3549 3335 tertium
3565 3321 3585 3351 ,
3615 3279 3703 3337 ad
3728 3280 3898 3337 liber-

2364 3366 2496 3425 tatis
2525 3368 2856 3427 arbitrium.
2906 3371 2984 3428 De
3029 3371 3225 3444 primo
3268 3371 3467 3447 psallit
3522 3374 3816 3448 Propheta
3835 3374 3896 3428 ⁷:

2370 3479 2400 3516 ι
2429 3463 2822 3537 Expectabam
2848 3463 3101 3522 salutare
3126 3469 3295 3524 tuum
3313 3508 3333 3538 ,
3354 3466 3628 3536 Domine,
3659 3472 3722 3525 et
3748 3481 3900 3525 man·

2366 3553 2506 3614 data
2554 3559 2657 3614 tua
2700 3555 2925 3615 dilexi:
2957 3577 2988 3613 »
3032 3574 3167 3618 ecce
3215 3559 3480 3618 mandati
3522 3559 3787 3620 dilectio.
3831 3562 3900 3617 De

2365 3648 2630 3709 secundo
2666 3667 2908 3726 quoque
2948 3651 3090 3710 dicit
3131 3653 3397 3713 Psalmus
3421 3655 3445 3689 ⁸
3475 3673 3490 3711 :
3525 3673 3555 3707 α
3584 3655 3680 3714 Ad
3708 3655 3901 3715 omnia

2364 3745 2648 3804 mandata
2672 3748 2774 3805 tua
2801 3743 3099 3820 dirigebar
3131 3765 3146 3804 ε
3178 3768 3206 3801 n
3243 3764 3378 3806 ecce
3408 3748 3675 3807 mandati
3715 3749 3900 3808 direc-

2365 3840 2469 3897 tio.
2521 3842 2599 3898 De
2651 3840 2821 3898 tertio
2870 3838 2934 3897 in
2973 3840 3185 3898 eadem
3225 3839 3440 3915 legitur
3476 3844 3813 3917 psalmodia
3836 3841 3895 3898 ἐ

2370 3953 2401 3987 ι
2427 3932 2550 3991 Fiat
2577 3948 2789 3992 manus
2815 3936 2918 3992 tua
2934 3976 2953 4006 ,
2981 3937 3046 3991 ut
3072 3933 3257 3993 salvet
3293 3952 3425 4007 me3
3456 3935 3599 4011 quia
3626 3937 3900 3997 mandata

2365 4030 2468 4087 tua
2490 4027 2641 4101 elegi
2669 4047 2684 4085 ε
2718 4050 2747 4084 ι
2774 4044 2908 4087 ecce
2935 4028 3200 4087 mandati
3228 4030 3461 4088 electio.

2839 4189 3122 4246 Articutus
3176 4195 3428 4261 quartus.

2436 4312 2718 4382 Quartum
2769 4317 3119 4372 connotatur
3146 4356 3166 4387 ,
3221 4330 3359 4373 cum
3403 4315 3896 4374 connectitur:1n

2364 4408 2623 4478 equitate
2673 4410 2767 4463 tua
2810 4411 3025 4480 vivifica
3069 4425 3150 4466 me
3178 4425 3200 4465 .·
3226 4409 3350 4468 hmo
3386 4409 3547 4468 enim
3586 4408 3894 4468 vivificatio

2366 4502 2453 4556 est
2489 4500 2622 4558 vites
2664 4502 3042 4576 sustentatio,
3075 4518 3256 4577 quam
3281 4519 3319 4561 a
3357 4503 3607 4562 Domino
3640 4503 3894 4578 flagitat,

2364 4593 2462 4653 cui
2503 4593 2888 4668 intelligendo
2907 4639 2926 4669 ,
2953 4595 3292 4669 diligendo,
3336 4601 3393 4656 et
3433 4597 3710 4671 eligendo
3749 4596 3898 4655 mili·

2363 4691 2466 4746 tat.
2496 4689 2847 4763 AEquitatem
2873 4693 3071 4749 autem
3109 4690 3360 4765 allegat,
3391 4692 3680 4766 quoniam
3720 4689 3894 4767 asqui-

2363 4784 2451 4840 tas
2478 4782 2656 4841 dictat
2675 4826 2695 4856 ,
2724 4782 2890 4858 quod
2916 4783 3181 4844 favorem
3206 4786 3468 4844 iuveniat
3503 4786 3668 4862 apud
3707 4785 3896 4845 Domi-

2363 4891 2510 4935 num
2527 4919 2547 4949 ,
2576 4880 2821 4952 propter
2848 4894 3028 4952 quem
3071 4879 3448 4954 parvipendit
3497 4880 3767 4939 favorem
3800 4879 3897 4938 ho-

2361 4969 2613 5028 minum.
2638 4975 2703 5029 Et
2727 4976 2896 5043 nota,
2928 4972 3094 5046 quod
3138 4973 3418 5031 Dominus
3462 4973 3678 5047 legitur
3718 4972 3896 5030 vivifi·

2365 5079 2498 5122 care
2560 5064 2681 5123 vita
2740 5070 2962 5125 naturai
3035 5070 3150 5124 tres
3203 5066 3530 5142 specialiter
3591 5067 3896 5126 hominum

2361 5157 2584 5235 species
2601 5147 2622 5229 ,
2670 5158 2942 5219 videlicet
2984 5161 3324 5221 innocentes
3354 5205 3374 5235 ,
3416 5163 3763 5238 poenitentes
3781 5205 3800 5234 ,
3844 5163 3896 5217 et

2361 5250 2830 5325 persecutionem
2867 5270 2979 5329 pro
3010 5254 3232 5328 justitia
3267 5256 3592 5330 patientes3
3623 5257 3771 5316 sicut
3795 5269 3896 5330 pa-

2436 5378 2505 5448 (a)
2550 5381 2675 5434 caet.
2718 5381 2838 5434 edit.
2885 5383 3004 5448 ipse.
3041 5406 3104 5421 --
3147 5381 3215 5448 (ὁ)
3258 5382 3407 5448 Vulg.
3451 5382 3779 5445 rationabile·
3820 5393 3893 5446 ΕΓ·

2364 5459 2420 5510 τὸ
2446 5457 2656 5520 λογικὸν.
