4196 6294
479 2837 631 2882 Domi-

440 2911 542 2946 nus.

687 430 806 491 334

683 558 1002 634 spicaciam
1054 553 1556 628 intellectualcm3
1612 554 1876 612 secundo
1906 598 1925 627 ,
1981 556 2228 628 propter

681 651 1109 729 perspicaciam
1152 648 1543 720 rationalem3
1571 647 1742 705 tertio
1762 690 1781 719 ,
1814 651 2062 723 propter
2086 662 2224 722 per-

682 746 1002 822 spicaciam
1029 744 1380 804 sensualem.
1418 741 1826 801 intellectualis
1858 741 2228 817 perspicacia

659 833 664 838 ’
682 846 772 901 est
790 841 1167 916 superiorum
1185 835 1662 911 contemplativa,
1681 839 1739 894 ct
1754 835 1894 894 ideo
1916 851 2226 910 compara·

682 940 777 994 tur
793 935 1018 1010 templo
1036 931 1405 993 sacerdotali.
1421 930 1744 989 Rationalis
1760 929 2129 1005 perspicacia
2143 932 2229 987 est

682 1029 1031 1089 inferiorum
1052 1026 1299 1100 regitiva
1313 1067 1333 1098 ,
1354 1028 1412 1083 et
1431 1025 1570 1083 ideo
1601 1027 1979 1098 comparatur
2006 1023 2225 1081 throno

685 1123 892 1196 regali.
949 1120 1242 1181 sensualis
1299 1117 1663 1195 perspicacia
1722 1122 1808 1176 est
1869 1118 2228 1177 exteriorum

687 1216 1146 1292 apprehensiva,
1186 1217 1244 1273 et
1285 1213 1422 1272 ideo
1470 1216 1848 1286 comparatur
1886 1209 2227 1286 spectaculo

681 1309 963 1385 generali.
1007 1313 1087 1367 De
1130 1308 1327 1383 primo
1373 1307 1586 1365 dicitur
1615 1310 1633 1342 ¹
1666 1324 1682 1362 ε
1725 1323 1755 1360 α
1792 1306 2138 1363 Benedictus
2165 1321 2229 1362 es

681 1404 745 1463 in
772 1403 994 1479 templo
1039 1407 1243 1462 sancto
1291 1401 1495 1474 gloriae
1536 1404 1670 1461 tuae.
1710 1420 1741 1455 ι)
1772 1404 1892 1459 Boc
1935 1400 2226 1475 templum

681 1499 1057 1574 spiritualiter
1077 1496 1440 1555 intellectum
1465 1499 1551 1554 est
1566 1494 1975 1553 intellectualis
2001 1495 2228 1569 perspi·

681 1595 846 1655 cacia
889 1594 1266 1670 superiorum
1313 1591 1788 1665 contemplativa.
1838 1594 1915 1648 De
1961 1589 2226 1649 secundo

678 1689 976 1765 siquidem
1021 1686 1298 1746 subditur
1334 1684 1561 1744 ibidem
1595 1682 1619 1716 ²
1651 1702 1667 1741 ε
1703 1704 1732 1738 «
1775 1683 2120 1743 Benedictus
2165 1699 2229 1741 es

683 1785 748 1840 in
794 1783 1009 1841 throno
1052 1780 1223 1854 regni
1266 1780 1375 1839 tui.
1422 1801 1453 1835 n
1483 1783 1590 1838 Iste
1633 1778 1880 1837 thronus
1923 1778 2227 1837 moraliter

685 1876 1016 1935 intellectus
1043 1879 1129 1934 est
1152 1873 1456 1932 rationalis
1481 1873 1845 1949 perspicacia
1877 1872 2225 1931 inferiorum

683 1971 953 2045 regitiva.
982 1972 1061 2027 De
1087 1969 1257 2027 tertio
1285 1967 1559 2026 scribitur
1593 1968 1816 2026 eisdem
1854 1966 2010 2026 libro
2038 1971 2097 2025 et
2122 1982 2223 2025 ca·

682 2065 873 2140 pitulo
899 2066 923 2102 ⁸
954 2081 970 2120 z
997 2083 1026 2118 α
1043 2063 1385 2122 Benedictus
1413 2079 1493 2134 es,
1512 2062 1617 2136 qui
1637 2061 1880 2121 intueris
1904 2061 2219 2133 abyssos.»

682 2163 790 2217 Iste
818 2159 1059 2217 intuitus
1100 2163 1187 2216 est
1223 2157 1512 2215 sensualis
1554 2158 1823 2230 aspectus
1864 2153 2224 2213 exteriorum

677 2252 1051 2312 sensibilium
1069 2249 1597 2311 innumerabilium
1623 2249 2106 2324 apprehensivus.

1142 2409 1428 2466 Articulus
1469 2407 1746 2466 secundus.

746 2536 1086 2597 Secundam
1113 2533 1516 2595 conditionem
1543 2532 1844 2608 supponit,
1873 2547 2010 2590 cum
2043 2530 2216 2588 dicit:

677 2635 900 2689 Domine
912 2650 931 2704 3
958 2630 1023 2687 in
1041 2646 1162 2705 qua
1175 2628 1457 2704 supponit
1474 2628 1671 2703 ipsum
1689 2624 2027 2697 Dominum,
2054 2627 2114 2683 et
2139 2624 2222 2682 sic

680 2725 1041 2800 largifluum.
1071 2723 1289 2782 Dicitur
1334 2723 1493 2781 enim
1522 2721 1839 2793 Dominae,
1870 2719 2042 2795 quasi
2082 2719 2222 2776 dans

679 2837 893 2878 munus.
929 2823 996 2877 Et
1031 2821 1209 2889 nota,
1238 2817 1406 2892 quod
1446 2815 1658 2873 dicitur
1693 2814 1976 2872 Dominus
2009 2811 2219 2887 praeci-

679 2931 798 2990 pue
842 2916 1086 2989 propter
1124 2911 1337 2986 triplex
1383 2925 1631 2980 munus,
1658 2908 1934 2967 videlicet
1976 2910 2222 2981 propter

678 3012 844 3067 terrae
888 3006 1281 3077 fertilitatem,
1327 3004 1478 3062 aeris
1524 3003 1845 3061 claritatem
1869 3044 1888 3072 ,
1936 2998 2220 3074 temporis

678 3100 1179 3177 tranquillitatem.
1204 3099 1464 3158 Primum
1489 3112 1708 3156 munus
1733 3095 1908 3154 datur
1936 3093 2220 3152 divinitus

677 3201 920 3271 propter
963 3197 1231 3253 nostram
1283 3191 1806 3264 sustentationem3
1852 3188 2177 3247 secundum
2195 3230 2215 3261 ‚

673 3293 922 3365 propter
965 3289 1298 3360 actionem3
1344 3286 1580 3343 tertium
1600 3327 1621 3358 ,
1664 3286 1909 3359 propter
1952 3286 2218 3341 contem-

671 3383 1020 3459 plationem.
1072 3385 1151 3440 De
1196 3381 1391 3455 primo
1442 3379 1657 3438 dicitur
1681 3376 1703 3411 '⁰
1751 3397 1766 3436 ε
1820 3397 1849 3431 «
1894 3376 2006 3448 Qui
2042 3380 2253 3469 vocat¹

674 3493 864 3552 aquas
889 3475 1102 3546 maris,
1126 3479 1185 3534 et
1209 3472 1460 3531 effundit
1498 3488 1598 3531 eas
1638 3487 1820 3546 super
1855 3470 2071 3530 faciem
2098 3474 2216 3529 ter·

670 3587 782 3643 roe,
811 3571 1093 3629 Dominus
1116 3583 1339 3626 nomen
1362 3567 1517 3640 eJus3
1544 3587 1572 3622 n
1609 3565 1780 3641 quasi
1802 3565 1961 3623 dicat
1988 3582 2004 3621 ε
2040 3583 2071 3617 α
2103 3564 2215 3634 Qui

668 3668 846 3723 vocat
884 3680 1068 3739 aquas
1103 3660 1286 3720 maris
1325 3681 1354 3716 »ι
1398 3677 1507 3734 per
1547 3676 1843 3734 vaporum
1889 3658 2214 3717 exhalatio·

666 3775 841 3828 nem,
875 3777 905 3811 α
931 3762 988 3815 et
1032 3754 1284 3815 effundit
1327 3770 1427 3812 eas
1469 3769 1647 3829 super
1687 3752 1900 3811 faciem
1942 3755 2108 3810 terrae
2130 3794 2150 3824 ‚
2177 3773 2210 3809 n

664 3868 775 3927 per
799 3852 1069 3926 ipsorum
1095 3848 1520 3907 resolutionem
1541 3889 1560 3918 ,
1602 3866 1631 3902 «ι
1658 3846 1941 3904 Dominus
1986 3861 2212 3904 nomen

666 3947 825 4019 ejus,
849 3967 880 3998 »
914 3948 1156 4019 propter
1181 3946 1350 4001 terrae
1384 3941 1850 4000 foecunditatem.
1881 3943 1958 3998 De
1997 3957 2211 3999 secun·

668 4039 748 4096 do
777 4040 799 4073 ⁸
828 4056 844 4095 ε
881 4060 910 4092 «
937 4041 1067 4096 Haec
1106 4037 1249 4096 dicit
1286 4036 1601 4109 Dominus,
1631 4036 1736 4109 qui
1782 4035 1886 4093 dat
1910 4034 2104 4093 Solem
2148 4035 2213 4092 in

664 4132 890 4191 lumine
921 4132 1072 4203 diei,
1102 4131 1376 4189 ordinem
1402 4133 1576 4188 Lunoe
1608 4132 1667 4187 et
1688 4128 1991 4187 stellarum
2016 4128 2080 4186 in
2109 4128 2210 4185 lu-

666 4227 825 4285 mine
849 4226 1058 4284 noctis.
1085 4244 1116 4280 »
1153 4230 1230 4283 De
1258 4225 1427 4283 tertio
1455 4225 1478 4260 ⁶
1509 4242 1525 4281 ε
1562 4241 1592 4277 α
1617 4226 1681 4281 ln
1726 4223 1862 4281 loco
1905 4223 2016 4281 isto
2045 4222 2210 4283 dabo

666 4338 909 4399 pacem,
941 4321 1083 4380 dicit
1108 4321 1392 4380 Dominus
1419 4320 1804 4379 exercituum.
1834 4340 1863 4375 »ι

1169 4480 1457 4538 Articulis:
1491 4481 1709 4537 tertius.

733 4605 983 4665 Tertiam
1029 4604 1432 4663 conditionem
1475 4604 1791 4679 supponit,
1840 4619 1977 4662 cum
2020 4603 2203 4663 dicit:

662 4705 799 4761 Doce
834 4718 916 4758 me
934 4719 953 4770 3
999 4698 1106 4757 ubi
1133 4699 1416 4773 supponit
1453 4714 1594 4757 eum
1634 4714 1759 4756 esse
1793 4698 2121 4770 doctorem,
2147 4704 2209 4758 et

661 4795 745 4853 sic
771 4794 1105 4853 lucifluum.
1144 4794 1213 4850 Et
1247 4795 1418 4863 nota,
1468 4792 1635 4867 quod
1665 4792 1874 4852 doctor
1899 4792 2004 4851 iste
2031 4792 2208 4851 docet

660 4887 963 4962 tripliciter
982 4905 996 4944 :
1021 4885 1240 4959 primo,
1261 4885 1502 4944 interius
1519 4886 1865 4961 inspirando
1876 4906 1895 4959 3
1914 4886 2204 4959 secundo,

660 4982 914 5039 exterius
936 4979 1269 5052 incitando;
1291 4980 1482 5052 tertio,
1502 4980 1744 5039 inferius
1770 4979 2199 5055 comparando.

659 5077 738 5134 De
766 5075 962 5151 primo
989 5075 1012 5111 ⁷
1054 5092 1071 5131 ε
1125 5093 1154 5128 α
1198 5074 1477 5149 Spiritum
1508 5079 1680 5134 tuum
1705 5076 1936 5134 bonum
1964 5073 2202 5145 dedisti,

725 5223 743 5258 ¹
773 5222 925 5284 Dan„
964 5233 1057 5287 111,
1094 5224 1178 5275 53.
1213 5248 1277 5261 -
1319 5224 1338 5254 ²
1386 5222 1534 5286 thid„
1567 5226 1650 5276 54.
1676 5250 1740 5263 -
1773 5224 1792 5254 ⁸
1829 5221 1981 5286 naid„
2024 5223 2105 5272 55.
2138 5246 2203 5259 -

657 5296 676 5326 ⁴
705 5296 871 5360 Amos,
908 5307 993 5356 lx,
1029 5298 1078 5346 6.
1112 5322 1168 5333 -
1202 5297 1222 5328 ⁸
1260 5295 1464 5361 Jerem„
1500 5307 1626 5347 xxxt
1651 5332 1666 5359 ,
1703 5297 1785 5347 35.
1812 5319 1877 5335 —
1906 5296 1929 5331 ⁶
1953 5294 2107 5360 Aqq„
2139 5303 2200 5358 11,

660 5371 736 5420 to.
769 5393 825 5406 —-
855 5369 872 5397 ⁷
895 5367 939 5417 11
972 5365 1145 5430 Esdr„
1170 5377 1256 5432 lx,
1282 5370 1363 5421 2⁰.
1392 5392 1455 5409 -·-
1480 5368 1505 5404 ⁸
1531 5366 1743 5433 naith„
1767 5378 1839 5432 w,
1865 5370 1915 5418 2.
1943 5391 2008 5406 -—
2036 5367 2055 5398 ⁶
2086 5362 2199 5427 Job,

1728 416 2141 486 EXPOSITIO
2184 415 2265 483 IN
2307 417 2841 488 PSALTERIUM.

2338 555 2441 628 qui
2469 555 2713 615 doceret
2748 573 2852 616 eos
2861 575 2881 630 3
2913 579 2943 612 ι
2988 572 3123 617 ecce
3153 558 3420 617 doctrina
3456 559 3876 635 inspirationis.

2336 651 2414 705 De
2454 650 2718 708 secundo
2747 654 2770 688 ⁸
2814 670 2830 709 ε
2865 669 2894 706 α
2935 652 3178 710 Docebit
3220 669 3332 711 nos
3370 653 3447 712 de
3486 654 3599 711 viis
3632 656 3777 726 suis,
3820 660 3882 713 et

2335 743 2561 802 ibimus
2589 745 2652 802 in
2681 746 2905 804 semitis
2931 747 3075 819 eJuS.
3101 767 3130 800 ω
3162 746 3281 804 viae
3308 748 3601 821 pertinent
3625 748 3707 806 ad
3728 765 3881 823 proe-

2335 841 2531 912 cepta,
2568 841 2788 898 semitas
2827 840 2907 898 ad
2949 840 3214 898 consilia.
3263 843 3341 898 De
3377 842 3548 906 tertio
3575 844 3598 877 ⁹
3635 860 3650 899 z
3700 864 3730 895 a
3768 844 3880 913 Qui

2335 931 2510 991 docet
2535 949 2647 1000 nos
2683 950 2862 1008 super
2882 934 3150 1006 jumenta
3187 939 3387 1003 terrae,
3418 939 3475 992 et
3499 952 3679 1011 super
3703 937 3878 995 volu-

2335 1042 2463 1084 cres
2493 1027 2625 1085 coeli
2652 1028 2847 1086 erudIt
2865 1044 3010 1100 nos,
3038 1049 3067 1084 ι)
3098 1030 3268 1104 quasi
3298 1028 3554 1089 diceret:
3594 1032 3704 1098 Qui
3728 1031 3880 1089 docet

2333 1136 2430 1178 nos
2472 1138 2581 1194 per
2620 1123 3129 1197 comparationem
3160 1123 3241 1180 ad
3271 1123 3539 1196 jumenta
3564 1124 3878 1196 terrestria,

2335 1214 2541 1273 docebit
2588 1232 2684 1275 nos
2722 1233 2831 1291 per
2866 1218 3372 1292 comparationem
3407 1217 3488 1274 ad
3526 1217 3659 1275 coeli
3700 1217 3880 1275 vola-

2334 1309 2480 1368 tilia.
2511 1309 2675 1369 Unde
2701 1311 2977 1370 scribitur
3004 1311 3218 1369 eodem
3236 1312 3395 1369 libro
3425 1310 3496 1368 ¹⁰:
3528 1312 3882 1384 «Interroga

2329 1403 2635 1476 jumenta,
2678 1409 2736 1462 et
2770 1404 3071 1463 docebunt
3103 1408 3190 1474 te,
3225 1408 3283 1462 et
3320 1404 3593 1462 volucres
3628 1404 3793 1475 coeli,
3822 1411 3881 1461 et

2333 1496 2683 1556 indicabunt
2708 1498 2838 1556 tibi.
2878 1519 2907 1554 n
2958 1502 3228 1557 Iumenta
3259 1498 3594 1571 significant
3631 1498 3877 1570 activos,

2334 1590 2478 1663 quia
2513 1590 2715 1649 colunt
2754 1596 3010 1664 terram3
3037 1592 3313 1650 volucres
3351 1591 3685 1664 significant
3727 1606 3875 1650 con-

2332 1680 2706 1760 templativos
2730 1685 2976 1757 propter
2998 1682 3288 1743 volatum.

2828 1841 3107 1898 Articulus
3144 1845 3397 1913 quartus.

2403 1966 2682 2033 Quartam
2725 1964 3130 2024 conditionem
3172 1964 3492 2040 supponit,
3522 1980 3662 2022 cum
3689 1963 3878 2022 dicit:

2330 2059 2753 2129 ‚iustificationes
2804 2066 2951 2118 tuas·
3006 2063 3152 2117 Ecce
3195 2059 3477 2133 supponit
3520 2061 3704 2116 Deum
3751 2073 3879 2116 esse

2324 2151 2774 2225 justificatorem
2805 2155 2862 2211 et
2896 2153 3288 2224 mellifluum,
3316 2153 3459 2227 quia
3483 2153 3703 2212 scilicet
3740 2169 3878 2226 gra-

2330 2245 2427 2302 tioe
2470 2246 2760 2305 beneficia
2812 2250 2950 2305 sunt
3000 2246 3306 2305 dulciflua.
3356 2248 3425 2305 Et
3475 2251 3619 2305 nota
3637 2287 3659 2318 ,
3710 2248 3876 2322 quod

2331 2339 2647 2398 dominicae
2666 2339 3111 2413 justificationes
3137 2345 3275 2398 sunt
3299 2339 3677 2399 meditabiles
3694 2383 3714 2413 ‚
3743 2357 3877 2398 can·

2330 2434 2577 2502 tabiles,
2616 2435 2954 2510 operabiles
2981 2455 3002 2492 .·
3040 2433 3412 2493 meditabiles
3438 2435 3737 2510 siquidem
3769 2451 3877 2509 per

2330 2528 2780 2601 discretionem;
2810 2529 3134 2588 cantabiles
3159 2544 3267 2603 per
3290 2528 3710 2601 devotionem;
3739 2546 3877 2604 ope·

2328 2621 2550 2683 rabiles
2567 2638 2676 2697 per
2703 2622 3101 2682 dilectionem.
3133 2627 3211 2682 De
3237 2624 3433 2698 primo
3467 2629 3485 2661 ¹
3516 2643 3532 2682 ε
3568 2644 3597 2679 α
3621 2629 3687 2685 In
3706 2624 3876 2698 justi-

2327 2716 2705 2776 ficationibus
2748 2717 2864 2774 tuis
2903 2717 3257 2776 meditabor.
3296 2739 3326 2773 n
3377 2722 3458 2777 De
3504 2719 3768 2778 secundo
3811 2719 3874 2776 in

2330 2810 2546 2869 eodem
2568 2810 2801 2869 Psalmo
2827 2814 2850 2847 ²
2884 2830 2899 2870 ε
2932 2831 2966 2867 c<
2992 2813 3325 2870 cantabiles
3351 2813 3499 2871 mihi
3519 2817 3688 2872 erant
3707 2812 3873 2885 iusti-

2328 2905 2421 2962 tiae
2448 2908 2562 2963 tuae
2586 2904 2650 2961 in
2683 2905 2817 2963 loco
2853 2905 3342 2979 peregrinationis
3374 2922 3550 2977 meas,
3582 2925 3611 2962 ιι
3646 2911 3756 2964 etc.
3794 2908 3873 2964 De

2326 2999 2497 3058 tertio
2527 2996 2757 3056 canitur
2790 2999 2854 3056 in
2893 2999 3110 3058 eodem
3136 2999 3367 3058 Psalmo
3395 3001 3441 3037 ¹⁸
3472 3019 3492 3057 ε
3528 3017 3557 3054 α
3589 3000 3870 3059 inclinavi

2329 3112 2432 3156 cor
2484 3112 2688 3158 meum
2737 3096 2818 3156 ad
2878 3097 3180 3157 iaciendas
3238 3096 3685 3172 justificationes
3742 3101 3871 3157 tuas

2326 3196 2571 3268 propter
2593 3191 3065 3251 retributionem.
3092 3212 3122 3249 ν

2972 3354 3229 3419 Epilogus.

2395 3475 2543 3534 Dicit
2568 3489 2709 3547 ergo
2736 3474 3029 3550 Propheta
3059 3474 3123 3533 in
3157 3474 3598 3550 poenitentium,
3624 3478 3867 3550 propter

2325 3585 2593 3630 amorem
2610 3569 2845 3643 justitias
2862 3610 2879 3637 ‚
2908 3568 3329 3643 suspirantium
3367 3584 3626 3643 persona
3654 3587 3671 3628 :
3697 3571 3865 3627 Bene-

2324 3664 2504 3722 dictus
2542 3679 2633 3735 es,
2665 3663 3060 3738 supponendo
3096 3666 3283 3722 Deum
3317 3678 3443 3721 esse
3476 3661 3862 3734 laudifluum,

2324 3761 2613 3832 quantum
2654 3758 2735 3816 ad
2775 3756 2941 3815 bona
2979 3756 3300 3829 naturalia3
3343 3759 3599 3827 Domine,
3643 3772 3861 3830 suppo-

2322 3852 2524 3910 nendo
2544 3855 2729 3911 Deum
2756 3868 2881 3910 esse
2903 3851 3264 3925 largifluum,
3295 3854 3585 3925 quantum
3605 3850 3685 3910 ad
3702 3850 3863 3910 bona

2321 3946 2714 4022 temporalia3
2757 3948 2894 4003 Doce
2930 3963 3041 4011 me,
3079 3944 3476 4020 supponendo
3516 3948 3700 4003 Deum
3737 3961 3861 4004 esse

2321 4038 2633 4098 lucifluum
2653 4083 2670 4107 ,
2729 4042 3020 4113 quantum
3075 4039 3156 4096 ad
3198 4038 3359 4096 bona
3406 4037 3822 4097 intellectualia
3840 4058 3857 4110 ;

2319 4136 2741 4206 ‚iustificationes
2803 4136 2961 4204 tuas,
3026 4131 3423 4207 supponendo
3490 4135 3674 4190 Deum
3734 4147 3859 4189 csse

2319 4226 2681 4299 melissuum,
2708 4229 2997 4300 quantum
3024 4225 3105 4283 ad
3134 4225 3298 4283 bona
3324 4225 3615 4285 virtualia.

2846 4444 3175 4492 *vrasrcums
3214 4416 3341 4490 xm.

2387 4607 2456 4662 In
2489 4604 2653 4660 labiis
2685 4605 2816 4660 meis
2839 4605 3217 4676 pronuntiavi,
3255 4605 3366 4661 etc.
3402 4603 3466 4660 ln
3498 4601 3857 4676 praecedenti

2318 4696 2695 4772 quaternario
2729 4695 2839 4754 fuit
2869 4695 3172 4770 proposita
3213 4694 3592 4754 beatitudinis
3625 4695 3727 4753 via
3769 4711 3859 4753 re·

2317 4789 2752 4866 gredientibuS,
2789 4805 2896 4847 seu
2930 4789 3376 4864 poenitentibuS,
3407 4804 3513 4863 per
3539 4803 3858 4863 compunc-

2314 4887 2538 4944 tionem
2571 4883 3019 4957 suspirantibus.
3059 4886 3122 4942 1n
3167 4884 3438 4958 proesenti
3475 4883 3854 4957 quaternario

2315 4979 2528 5038 eadem
2561 4978 2915 5053 proponitur
2967 4978 3477 5051 regredientibus,
3519 4993 3625 5034 seu
3673 4974 3858 5050 poeni·

2313 5072 2571 5131 tentibus
2604 5086 2713 5145 per
2748 5071 3216 5130 consolationem
3250 5070 3695 5146 respirantibus.
3725 5071 3854 5126 Hoec

2314 5169 2510 5226 autem
2547 5162 2906 5239 consolatio,
2948 5165 3247 5225 mediante
3288 5165 3389 5223 Dei
3415 5164 3639 5235 verbo,
3665 5163 3853 5237 perci·

2312 5303 2472 5354 xxxv,
2511 5294 2587 5343 ss.
2616 5316 2680 5328 —
2720 5291 2755 5322 ¹⁰
2786 5290 2900 5355 Job,
2933 5302 3038 5352 111,
3075 5293 3124 5341 7.
3164 5316 3225 5331 -
3264 5293 3304 5328 ¹¹
3336 5289 3480 5343 Psal.
3516 5289 3644 5354 hoc,
3684 5290 3763 5340 ¹6.
3789 5314 3852 5327 —

2316 5363 2354 5400 ¹¹
2383 5363 2534 5428 thid„
2561 5365 2641 5416 54.
2662 5388 2727 5403 —
2760 5362 2801 5399 ¹⁸
2828 5364 2982 5427 thid„
3009 5367 3119 5415 112.
