4196 6294
640 446 758 509 428
1688 436 2095 506 EXPOSITIO
2141 439 2222 504 IN
2257 439 2790 513 PSALTERmM.

1276 638 1533 704 Epilogus.

706 768 978 840 Loquens
1018 780 1161 838 ergo
1202 763 1491 837 Propheta
1531 767 1813 837 tanquam
1846 762 2138 837 poenitens
2158 805 2177 834 ,

635 860 1063 920 irritamentum
1090 859 1424 935 exprimens
1451 855 1812 915 difficultatis
1841 855 1919 914 ad
1946 855 2180 913 bonita-

635 959 785 1027 tem,
816 956 1035 1013 scilicet
1052 952 1355 1027 judaicam
1399 949 1837 1010 fabulositatem
1858 991 1878 1020 ,
1908 949 1990 1007 ait
2020 967 2035 1007 ε
2067 953 2180 1007 Ini-

634 1054 759 1123 qui,
798 1050 861 1108 in
899 1066 1021 1125 quo
1060 1051 1296 1107 notatur
1330 1048 1609 1123 iniquitas
1654 1063 1787 1121 quoe
1834 1047 2141 1121 componit
2157 1067 2174 1119 ;

634 1146 1010 1204 Nar-revertant
1042 1184 1064 1214 ,
1106 1143 1169 1200 in
1220 1158 1342 1217 quo
1388 1145 1740 1199 connotatur
1783 1140 2003 1200 falsitas
2043 1156 2178 1215 quoe

632 1238 945 1314 proponit3
994 1240 1402 1307 Fabulationes,
1439 1237 1503 1294 in
1547 1253 1667 1311 quo
1715 1236 2029 1294 denotatur
2067 1251 2176 1293 va-

632 1332 784 1391 nitas
810 1350 943 1409 quoe
971 1332 1284 1409 supponit3
1321 1331 1428 1389 Sed
1454 1348 1560 1389 non
1585 1334 1650 1388 ut
1678 1334 1766 1388 lex
1793 1336 1890 1387 tua
1915 1371 1936 1402 ,
1962 1330 2026 1387 in
2053 1345 2177 1403 quo

631 1426 980 1486 subnotatur
1010 1426 1222 1485 veritas
1239 1469 1259 1498 ,
1303 1442 1437 1499 quae
1462 1423 1931 1483 fabulationibus
1973 1439 2035 1481 se
2066 1438 2175 1497 op·

550 1546 557 1551 ·
630 1519 816 1597 ponit.

1178 1670 1510 1715 vmtcuws
1546 1672 1627 1713 vl.

700 1810 787 1865 86.
843 1808 1040 1865 omnia
1078 1806 1342 1862 mandata
1396 1809 1491 1861 tua
1524 1808 1726 1863 veritas
1749 1847 1764 1875 ,
1811 1808 1918 1862 etc.
1968 1806 2178 1861 Versus

622 1899 1023 1974 praeambulus
1064 1898 1409 1956 versabatur
1449 1896 1603 1955 circa
1643 1896 2038 1955 fabulationes
2077 1898 2170 1970 iu-

628 1991 867 2064 daicas;
899 2006 1105 2048 versus
1132 1991 1239 2048 iste
1278 1994 1546 2048 versatur
1585 1990 1741 2047 circa
1769 1988 2174 2048 cavillationes

630 2084 945 2143 haereticas.
1003 2087 1068 2142 In
1114 2085 1282 2157 cujus
1334 2083 1485 2141 serie
1540 2085 1925 2142 enucleantur
1977 2086 2179 2157 aperte

630 2179 1050 2239 mandatorum
1080 2180 1431 2239 universitas
1444 2223 1465 2252 ,
1492 2180 1908 2238 universorum
1936 2179 2175 2249 veritas,

628 2276 1078 2349 persecutorum
1107 2275 1403 2334 temeritas
1420 2318 1438 2348 ‚
1471 2278 1529 2333 et
1557 2275 1962 2350 professorum
1989 2272 2175 2331 since-

628 2368 770 2427 ritas
836 2386 852 2426 :
894 2369 1245 2428 universitas
1300 2374 1386 2428 est
1420 2368 1757 2442 difformi33
1805 2367 1911 2426 sed
1963 2367 2178 2425 veritas

630 2468 715 2522 est
738 2462 1060 2522 conformis
1088 2483 1103 2522 ε
1132 2463 1424 2523 temeritas
1452 2468 1535 2522 est
1564 2462 1887 2533 deformis3
1920 2461 2025 2520 sed
2054 2464 2175 2519 sin·

629 2556 838 2614 ceritas
866 2559 952 2615 est
981 2555 1309 2616 deiformis,

1128 2718 1414 2775 Articulum
1450 2718 1676 2788 primus.

703 2839 1114 2899 mandatorum
1142 2839 1491 2900 universitas
1521 2840 1865 2916 explicatur,
1913 2856 2049 2898 cum
2092 2841 2180 2898 di-

393 2953 606 2999 uum.
632 2934 783 2993 citur
814 2956 833 2991 ε
881 2936 1076 2993 Omnia
1119 2935 1385 2993 mandata
1430 2941 1543 2992 tica.
1585 2936 1850 3004 Quorum
1894 2933 2180 2992 nonnulla

393 3018 493 3063 Dei.

630 3030 768 3086 sunt
811 3027 889 3087 ab
930 3029 1213 3087 haereticis
1254 3030 1646 3105 impugnata:
1678 3044 1786 3086 nec
1828 3027 1954 3085 sine
2000 3043 2179 3088 causa

632 3121 909 3182 dicuntur
935 3123 1216 3183 mandata
1244 3126 1344 3182 tua
1365 3166 1384 3195 ,
1425 3120 1594 3198 quasi
1623 3125 1737 3180 tuae
1762 3121 2018 3196 visioni,
2050 3126 2179 3182 ten-

631 3217 812 3288 tioni,
853 3222 912 3276 et
951 3215 1213 3276 fruitioni
1253 3216 1663 3291 promerendae
1704 3219 1761 3274 et
1800 3217 2178 3289 capessendae

630 3326 895 3385 congrua
944 3331 958 3368 :
1004 3314 1060 3368 et
1102 3310 1240 3368 ideo
1280 3310 1619 3382 credenda,
1667 3309 1990 3383 eligenda,
2042 3310 2177 3369 dili-

629 3406 845 3479 genda.
887 3409 965 3464 De
991 3405 1186 3481 primo
1220 3409 1237 3443 ¹
1270 3423 1284 3463 ε
1325 3426 1353 3459 α
1379 3406 1662 3464 Mandatis
1697 3405 1811 3463 tuis
1839 3404 2065 3462 credidi
2095 3424 2111 3463 ε
2144 3426 2172 3459 ιο

629 3515 766 3558 eece
819 3499 1059 3558 credere
1101 3515 1430 3572 congruum
1492 3499 1728 3558 visioni.
1781 3503 1857 3557 De
1912 3499 2177 3558 secundo

632 3594 959 3669 Propheta¹
991 3611 1006 3651 ε
1046 3594 1360 3652 «Mandata
1385 3597 1489 3652 tua
1516 3595 1665 3667 elegi
1700 3613 1761 3651 ε»
1795 3609 1929 3652 ecce
1961 3594 2177 3666 eligere

629 3702 963 3760 congruum
1000 3678 1263 3745 tentioni.
1310 3690 1386 3745 De
1420 3687 1590 3745 tertio
1629 3686 1975 3761 prophetica
2019 3688 2178 3761 psal-

630 3780 837 3840 modia
855 3781 915 3838 ⁸}
951 3801 981 3835 α
1004 3781 1278 3839 Mandata
1304 3785 1405 3838 tua
1435 3779 1612 3839 dilexi
1645 3799 1660 3838 :
1686 3801 1714 3833 υ
1767 3796 1902 3838 ecce
1931 3778 2177 3853 diligere

630 3888 961 3948 congruum
988 3873 1269 3932 fruitioni.

1107 4031 1387 4088 Animatus
1420 4033 1704 4090 sccundus.

702 4151 1116 4214 Universorum
1139 4155 1350 4214 veritas
1372 4158 1686 4227 eructatur,
1707 4172 1842 4213 cum
1863 4155 2137 4214 subditur
2157 4173 2171 4212 ε

640 4252 870 4307 Veritas.
901 4252 1048 4307 Nam
1076 4248 1357 4307 mandata
1384 4248 1667 4323 praedicta
1684 4291 1701 4318 ,
1727 4265 1861 4324 quae
1889 4248 2176 4322 disjungit

630 4343 914 4414 varietas,
944 4342 1252 4415 coniungit
1276 4339 1526 4399 veritas:
1552 4358 1686 4415 quae
1702 4357 1963 4418 namque
1991 4343 2179 4402 dictat

630 4436 881 4503 veritas,
918 4451 1043 4494 non
1068 4440 1319 4510 possunt
1352 4452 1477 4495 non
1515 4451 1641 4494 esse
1676 4434 1910 4493 veritas.
1941 4436 2003 4494 Si
2026 4436 2176 4494 forte

632 4530 870 4590 dubitas
897 4529 1208 4605 quomodo
1231 4531 1516 4589 mandata
1542 4528 1656 4588 sint
1678 4531 1921 4602 veritas,
1952 4547 2088 4588 cum
2116 4531 2178 4588 in

629 4625 773 4695 illis,
792 4639 903 4682 nec
932 4624 1145 4681 veritas
1170 4624 1405 4682 videtur
1433 4639 1558 4682 esse
1577 4666 1599 4695 ,
1625 4639 1734 4681 nec
1768 4622 2023 4696 falsitas3
2053 4624 2178 4681 haec

632 4716 921 4777 dubitatio
953 4716 1122 4775 citius
1165 4716 1427 4789 solvitur,
1460 4716 1509 4774 si
1535 4715 1955 4774 mandatorum
1994 4717 2176 4789 signi·

391 4833 603 4877 unm.
630 4812 824 4870 ficatio
848 4810 1084 4886 plenius
1112 4814 1397 4886 aperitur.
1428 4814 1574 4869 Nam
1601 4826 1807 4870 revera
1835 4810 1982 4868 nihil
2011 4811 2178 4869 aliud

389 4895 514 4952 quia.

629 4910 764 4963 sunt
788 4904 1103 4976 mandata,
1150 4920 1333 4978 quam
1357 4906 1494 4977 jnra
1520 4904 1723 4963 divina
1756 4905 1961 4963 manui
1999 4904 2138 4963 data
2157 4947 2176 4978 ,

630 4998 728 5055 vel
755 4998 992 5056 effectui
1018 4996 1433 5059 commendata
1450 5042 1467 5070 ,
1495 4995 1570 5056 de
1602 4998 1825 5074 quibus
1862 4997 2031 5056 nulla
2068 4999 2176 5057 du·

630 5090 839 5160 hietas,
869 5091 1016 5166 quin
1043 5092 1174 5166 ipsa
1200 5092 1315 5151 sint
1338 5092 1552 5150 veritas
1582 5111 1597 5150 :
1626 5091 1796 5151 verbi
1824 5107 2025 5164 causa,
2052 5108 2177 5151 non

699 5241 711 5270 ι
744 5237 884 5290 psat.
923 5215 1053 5300 hoo,
1083 5242 1161 5292 ss.
1190 5266 1253 5280 -
1292 5211 1489 5305 susa,
1521 5243 1715 5292 173.-
1753 5240 1776 5277 ⁸
1805 5240 2181 5308 1bid.,159.-

633 5312 657 5346 ⁸
684 5309 868 5372 Exod„
906 5322 1005 5377 xx,
1047 5316 1137 5375 15,
1179 5314 1264 5377 1⁴,
1303 5315 1391 5378 13,
1418 5314 1587 5378 quoad
1624 5327 1849 5365 sensum.
1879 5338 1942 5351 —
1966 5313 1989 5348 ⁸
2015 5313 2174 5374 Joan„

636 5392 760 5446 xv1‚
799 5383 876 5432 13.
916 5407 979 5421 -
1019 5384 1042 5420 ⁸
1075 5385 1249 5446 Pron„
1284 5395 1439 5448 xxV1,
1480 5386 1562 5435 28.
1601 5408 1662 5421 -
1701 5383 1724 5414 '¹
1767 5386 1886 5447 lca„
1931 5393 2087 5448 xxvi,
2133 5390 2178 5436 1.

2285 576 2642 652 furandum,
2668 598 2791 641 non
2818 585 3239 645 moechandum
3253 627 3272 658 ‚
3301 602 3423 646 non
3452 590 3784 650 necandum
3803 636 3819 663 ,

2288 674 2346 729 et
2371 671 2615 746 similia,
2644 680 2779 735 sunt
2806 676 3005 737 divina
3026 679 3163 752 jura
3176 723 3193 753 ,
3220 696 3353 754 quae
3377 682 3576 741 nullus
3601 684 3824 744 haesitat

2288 782 2413 824 esse
2440 783 2610 841 vera3
2641 787 2774 845 quoe
2793 773 2996 831 manui
3019 772 3254 845 dantur,
3282 775 3379 833 vel
3404 776 3634 837 effectui
3665 797 3823 839 com-

2288 859 2663 934 mendantur,
2692 879 2830 924 cum
2860 883 2967 940 per
2993 856 3388 942 legislatorem
3415 873 3773 933 mandatur'*
3800 896 3813 935 ;

2292 971 2320 1005 α
2345 956 2475 1012 Non
2502 955 2788 1016 furaberis
2808 1005 2824 1025 ,
2857 976 2982 1020 non
3020 965 3409 1023 moechaberis
3429 1009 3448 1037 ,
3489 983 3613 1026 non
3651 985 3822 1028 neca-

2286 1047 2440 1105 his.»
2472 1050 2775 1125 Quocirca,
2805 1054 2998 1112 sinon
3028 1056 3265 1116 dubitas
3296 1060 3440 1133 quin
3458 1062 3594 1133 jura
3619 1063 3821 1121 manui

2288 1142 2427 1200 data
2469 1143 2584 1202 sint
2620 1146 2866 1219 veritas,
2910 1149 3120 1208 frustra
3162 1151 3399 1210 dubitas
3438 1169 3516 1211 an
3543 1156 3823 1215 mandata

2286 1235 2402 1292 sint
2427 1236 2658 1296 veritaS.
2701 1243 2768 1297 Et
2794 1244 2935 1300 nota
2956 1285 2975 1314 ,
3007 1244 3174 1317 quod
3200 1244 3325 1304 baec
3353 1248 3566 1306 veritas
3605 1249 3821 1309 divini-

2287 1334 2380 1387 tus
2408 1332 2691 1405 eruditur,
2737 1335 2813 1393 ab
2848 1336 3187 1397 infidelibus
3216 1339 3436 1413 oditur,
3475 1358 3512 1400 a
3545 1343 3826 1403 fidelibus

2287 1426 2630 1485 custoditur.
2679 1429 2899 1498 Quaeris
2925 1474 2944 1502 ,
2993 1447 3115 1505 quo
3148 1433 3372 1492 modo?
3409 1435 3681 1495 Eruditur
3711 1437 3824 1497 im-

2288 1519 2612 1596 mittendo;
2653 1523 2850 1582 oditur
2879 1526 3205 1585 omittendo
3223 1571 3244 1599 ‚
3275 1528 3599 1587 custoditur
3625 1546 3728 1588 ore
3772 1537 3828 1590 et

2288 1629 2468 1689 opere
2498 1616 2855 1676 confitendo.
2902 1622 2978 1676 De
3004 1619 3195 1693 primo
3216 1621 3240 1656 ⁸
3280 1640 3295 1678 :
3341 1642 3371 1675 α
3396 1623 3640 1696 Spiritus
3672 1625 3827 1682 veri-

2287 1708 2417 1766 tatis
2445 1708 2679 1769 docebit
2705 1728 2813 1770 vos
2843 1729 3081 1772 omnem
3109 1716 3444 1774 veritatem:
3471 1738 3497 1769 n
3533 1734 3667 1776 ecce
3697 1736 3825 1777 eru·

2287 1802 2434 1861 ditio
2460 1803 2838 1863 immittentis
2863 1809 2939 1864 De
2960 1808 3223 1866 secundo
3242 1808 3301 1866 ⁰:
3342 1827 3370 1861 α
3389 1810 3613 1883 Lingua
3645 1809 3824 1870 fallax

2288 1913 2408 1955 non
2440 1903 2597 1957 amat
2632 1900 2937 1959 veritatem
2969 1921 2985 1959 ε
3015 1924 3042 1956 ι)
3080 1919 3212 1961 ecce
3242 1903 3450 1962 odium
3487 1905 3822 1965 obnitentis.

2290 1994 2366 2049 De
2394 1994 2626 2051 tertio‘1:
2655 2015 2683 2048 «ι
2705 1997 3076 2067 Ingrediatur
3105 2014 3249 2071 gens
3270 1999 3462 2072 iusta,
3492 2002 3824 2061 custodiens

2287 2086 2625 2145 veritatem:
2657 2110 2688 2142 n
2726 2105 2858 2147 ecce
2887 2092 3161 2149 custodia
3189 2093 3534 2152 confitentis

2795 2249 3072 2306 Articuli&
3109 2253 3319 2307 tertiam.

2359 2375 2800 2431 Persecutorum
2828 2376 3122 2435 temeritas
3143 2382 3468 2452 enarratur,
3493 2396 3629 2437 cum
3656 2380 3824 2437 addi·
3853 2417 4061 2461 amnui

2287 2470 2381 2524 tur
2411 2485 2426 2522 ε
2455 2469 2646 2540 Iniqui
2669 2474 2938 2541 persecuti
2963 2476 3088 2529 sunt
3116 2488 3215 2530 me.
3259 2473 3425 2530 Tales
3461 2472 3651 2548 iniqui
3691 2479 3826 2532 sunt
3877 2480 4051 2535 ntiqui

2286 2558 2560 2619 satellites
2586 2562 2769 2620 hostis
2797 2562 3020 2638 antiqui
3042 2607 3061 2636 ,
3104 2569 3161 2623 et
3196 2564 3527 2639 specialiter
3570 2567 3825 2625 haeretici
3874 2542 4044 2651 m

2285 2654 2555 2712 fidelium
2580 2655 2830 2729 inimici,
2859 2656 3114 2715 ramulos
3140 2659 3250 2730 {Dei
3279 2662 3338 2717 et
3367 2661 3642 2719 articulos
3682 2661 3825 2720 fidei
3917 2673 4004 2714 te·-

2287 2748 2639 2808 creberrime
2672 2750 2983 2824 persecuti.
3024 2752 3122 2809 Hic
3163 2757 3348 2826 potest
3385 2754 3576 2812 notari
3599 2799 3618 2825 ,
3657 2757 3826 2830 quod
3853 2750 4065 2855 ‘uergant

2285 2841 2536 2901 baeretici
2563 2843 2839 2917 leguntur
2868 2845 3188 2903 catholicos
3214 2846 3514 2923 tripliciter
3550 2864 3825 2923 persecu·
3853 2815 3957 2918 δι’
3987 2826 4063 2919 ζ.

2285 2936 2326 2993 ti
2345 2980 2362 3008 ,
2394 2937 2612 2995 scilicet
2638 2937 2841 3011 quoad
2883 2937 3214 2996 doctrinam
3235 2982 3252 3010 ,
3298 2941 3500 3014 quoad
3538 2944 3783 3013 gratiam
3804 2984 3824 3012 ,
3852 2936 4042 3011 ¹¹¹?li00·

2287 3031 2491 3104 quoad
2508 3030 2689 3089 vitam
2709 3050 2726 3103 ;
2747 3031 3033 3104 quoniam
3054 3034 3153 3089 aut
3168 3031 3498 3091 doctrinam
3522 3034 3823 3108 auserunt,
3853 3012 4061 3116 ὥ

2288 3127 2389 3183 aut
2414 3124 2728 3199 perfidiam
2754 3124 3093 3199 proferunt,
3139 3129 3239 3185 aut
3278 3142 3516 3201 poenam
3539 3127 3820 3189 inferunt.

2287 3219 2478 3277 Prima
2502 3219 2829 3292 persecutio
2852 3219 3184 3292 denotatur,
3216 3220 3444 3279 dicente
3471 3223 3750 3295 Apostolo
3766 3225 3822 3280 ⁸.-

2295 3333 2322 3366 ιι
2342 3315 2456 3370 Nos
2483 3312 2768 3386 persecuti
2795 3315 2948 3383 sunt,
2979 3317 3036 3370 et
3064 3317 3180 3370 Deo
3208 3329 3331 3371 non
3356 3314 3606 3388 placent,
3639 3320 3696 3373 et
3720 3315 3824 3374 ho-

2286 3405 2547 3463 minibus
2593 3405 3013 3476 adversantur,
3072 3406 3449 3481 prohibentes
3503 3423 3613 3466 nos
3656 3410 3825 3484 loqui

2288 3498 2595 3571 gentibuS,
2625 3503 2689 3557 ut
2714 3499 2892 3558 salvae
2920 3498 3102 3558 fiant:
3135 3519 3164 3555 n
3195 3515 3329 3558 ecce
3360 3503 3690 3574 persecutio
3721 3503 3824 3561 ab·

2285 3591 2464 3649 lativa
2509 3592 2807 3650 doctrinae.
2857 3592 3124 3650 Secunda
3173 3595 3503 3668 persecutio
3535 3595 3825 3670 !designa-

2286 3690 2398 3758 tur,
2431 3684 2535 3743 ubi
2564 3686 2776 3744 dicitur
2805 3702 2877 3744 ex
2903 3691 3068 3760 parte
3099 3688 3307 3762 populi
3335 3688 3527 3746 fidelis
3561 3690 3584 3724 ⁹
3611 3709 3625 3748 :
3664 3711 3692 3744 «ι
3720 3693 3823 3748 Su·

2284 3794 2392 3854 per
2419 3783 2648 3836 montes
2673 3780 2963 3854 persecuti
2991 3786 3125 3838 sunt
3150 3797 3259 3838 nos
3283 3827 3300 3852 ,
3341 3783 3402 3840 in
3431 3782 3662 3841 deserto
3690 3784 3827 3841 insi·

2288 3871 2429 3930 diati
2450 3876 2583 3930 sunt
2602 3873 2777 3930 nobis
2803 3892 2816 3930 z
2841 3894 2869 3924 n
2896 3873 3042 3947 quid
3065 3876 3149 3931 est
3169 3875 3446 3951 persequi
3467 3892 3826 3951 supermon-

2288 3969 2411 4036 tes,
2458 3966 2569 4023 nisi
2620 3966 2921 4025 haereticos
2962 3967 3264 4026 catholicis
3302 3969 3604 4028 adversari
3652 3986 3828 4045 super

2293 4060 2634 4118 altissimam
2660 4060 2942 4134 justitiam
2970 4061 3132 4132 fidei,
3164 4061 3239 4118 de
3269 4078 3389 4136 qua
3419 4062 3779 4122 Psalmista¹⁰
3810 4082 3824 4122 τ

2293 4175 2321 4208 «ι
2347 4155 2572 4212 lustitia
2599 4158 2730 4226 tua,
2766 4153 2914 4213 sicut
2939 4159 3169 4212 montes
3202 4155 3300 4213 Dei
3319 4157 3349 4212 *Ρ
3367 4176 3395 4210 n
3431 4161 3543 4215 Aut
3571 4157 3717 4232 quid
3745 4159 3829 4215 in·

2287 4248 2491 4306 sidiari
2518 4248 2580 4305 in
2603 4248 2857 4320 desert0‚
2891 4248 3004 4306 nisi
3032 4249 3382 4308 calumniari
3409 4250 3471 4307 in
3501 4256 3724 4310 secreto
3754 4252 3828 4309 fi-

2289 4341 2388 4400 dei
2429 4347 2792 4400 sacramento
2807 4385 2827 4414 ,
2872 4357 2997 4399 non
3037 4343 3235 4401 solum
3276 4343 3565 4401 sensitivis
3603 4344 3831 4403 viribus

2286 4435 2632 4508 inexperto,
2676 4433 2783 4493 sed
2821 4434 2997 4493 etiam
3025 4435 3103 4493 ab
3153 4434 3519 4494 intellectivis
3547 4437 3778 4497 deserto
3800 4440 3829 4495 ἵ

2288 4528 2452 4588 Tales
2477 4527 2850 4587 insidiatores
2878 4534 3012 4587 sunt
3036 4528 3307 4606 plerique
3342 4531 3832 4607 pseudoprophe-

2287 4625 2395 4691 tae,
2425 4622 2527 4696 qui
2558 4626 2977 4696 comparantur
3001 4623 3325 4696 vulpibuS‚
3367 4624 3443 4682 de
3487 4625 3706 4699 quibus
3747 4625 3834 4684 le-

2291 4716 2485 4790 gimus
2512 4716 2552 4752 ¹¹
2584 4733 2599 4773 :
2639 4716 2862 4786 «Quasi
2889 4716 3101 4791 vulpes
3145 4716 3206 4774 in
3250 4716 3495 4775 desertis
3532 4719 3835 4793 prophetae

2289 4808 2414 4880 tui,
2457 4810 2632 4867 lsrael
2652 4851 2669 4880 ,
2717 4815 2882 4867 erant
2893 4829 2910 4884 3
2934 4832 2964 4862 n
2998 4826 3134 4868 ecce
3168 4812 3496 4885 persecutio
3542 4813 3837 4886 prolativa

2288 4901 2572 4977 perfidiae.
2602 4902 2791 4961 Tertia
2832 4905 3160 4978 persecutio
3208 4903 3561 4977 declaratur,
3605 4906 3834 4964 dicente

2289 4993 2514 5070 populo
2543 5012 2646 5054 ore
2672 4996 3016 5071 prophetico
3038 4996 3082 5035 ¹³
3104 5016 3118 5055 ε
3142 5017 3172 5050 «
3196 4998 3517 5057 confortati
3543 5003 3697 5072 sunt,
3727 5001 3834 5074 qui

2289 5088 2580 5164 persecuti
2605 5094 2857 5149 suntme
2874 5132 2894 5162 ,
2923 5091 3147 5149 inimici
3171 5091 3292 5149 mei
3316 5091 3531 5166 injuste
3552 5135 3571 5166 ,
3603 5112 3633 5148 ιι
3667 5093 3836 5167 quod

2289 5267 2351 5279 —
2395 5239 2417 5274 ⁸
2457 5240 2471 5288 l
2525 5237 2706 5302 Thess,
2758 5251 2821 5302 n,
2874 5242 2960 5302 15,
3013 5242 3086 5289 16.
3129 5266 3192 5276 -
3237 5241 3257 5269 ⁸
3303 5238 3498 5299 Thr-en„
3548 5251 3617 5301 w,
3664 5244 3738 5291 19.
3771 5268 3835 5281 -

2292 5313 2333 5347 ¹⁰
2371 5308 2507 5362 Psal.
2548 5321 2706 5374 xxxv,
2739 5313 2789 5359 ’1.
2831 5335 2892 5348 -
2939 5309 2980 5346 ¹¹
3020 5309 3216 5374 Enoch„
3259 5321 3383 5373 xm,
3422 5314 3471 5362 4.
3509 5337 3572 5351 —
3616 5313 3657 5347 ¹¹
3694 5312 3831 5363 Psal.

2290 5392 2482 5444 vanx,
2515 5383 2562 5432 5.
