4196 6294
483 1821 699 1927 ῗὲξέῑὲῗ
724 1887 1028 1970 capparis
1055 1904 1078 1946 .-
1117 1884 1186 1949 id
1209 1888 1328 1963 est,
1358 1883 1713 1948 remittetur
1748 1882 1931 1948 furor
1964 1883 2264 1965 libidinis,

718 460 837 523 678

719 589 959 670 rentis;
1017 589 1170 673 quia
1218 587 1394 653 enim
1431 586 1602 653 calor
1653 586 1955 671 digerens
2010 585 2259 666 deficit,

720 698 1005 764 abundat
1028 696 1268 762 humor
1293 694 1694 778 flegmaticus
1708 744 1729 775 ‚
1763 712 2043 778 aquosus
2065 698 2132 759 et
2157 695 2265 758 in-

721 790 1035 888 digestus,
1065 804 1177 888 qui
1206 822 1438 887 corpus
1469 804 1640 869 senis
1664 804 1905 887 implet,
1940 804 2002 867 et
2028 802 2268 886 impin-

721 933 925 998 guare
942 913 1220 978 videtur.
1244 914 1557 987 Quartum
1581 911 1843 992 signum
1862 913 1956 974 est
1975 910 2266 975 remissio

720 1021 1045 1100 libidinis;
1082 1025 1339 1104 propter
1377 1017 1550 1103 quod
1579 1018 1725 1083 dicit
1761 1040 1776 1083 ε
1821 1017 2267 1100 Dissipabitur

722 1130 1058 1212 cappam,
1088 1126 1377 1211 capparis
1406 1128 1503 1190 est
1526 1125 1729 1191 herba
1753 1125 2049 1209 quaedam
2067 1175 2085 1206 ‚
2116 1145 2265 1210 quae

725 1238 893 1304 valet
933 1234 1223 1315 renibuS,
1259 1237 1333 1298 ut
1378 1232 1532 1298 dicit
1576 1232 1795 1297 Glossa
1811 1282 1832 1313 ‚
1864 1237 1928 1298 et
1954 1234 2268 1300 confortat

721 1349 935 1411 actum
988 1342 1249 1409 virtutis
1313 1341 1705 1424 generativae
1725 1390 1745 1422 ,
1797 1345 1862 1405 et
1915 1342 2266 1408 secundum

725 1452 1189 1536 Hieronymum
1232 1449 1305 1514 in
1346 1450 1605 1515 hebraeo
1640 1467 1983 1515 commune
2028 1468 2268 1516 nomen

725 1561 919 1626 habet
958 1559 1039 1625 ad
1080 1559 1384 1639 herbam,
1423 1557 1594 1623 etad
1636 1575 1921 1623 amorem
1960 1558 2268 1624 libidino-

727 1688 898 1735 sum.
966 1667 1043 1733 In
1096 1684 1502 1752 quacumque
1550 1667 1756 1749 igitur
1807 1664 2269 1749 significatione

726 1778 1108 1862 accipiatur,
1136 1778 1347 1841 rectus
1380 1776 1478 1839 est
1516 1791 1743 1839 sensus
1773 1796 1789 1838 :
1821 1775 2270 1858 Dissipabitur

720 2002 784 2063 et
810 1996 978 2061 istud
1007 1999 1104 2061 est
1130 1995 1394 2077 signum
1421 1992 1867 2058 debilitationis
1888 1993 1958 2056 in
1987 2012 2162 2059 sene.
2195 1994 2269 2058 In

720 2109 867 2171 actu
901 2104 1076 2169 enim
1111 2101 1541 2184 generationis
1575 2105 1793 2168 movet
1834 2102 2025 2180 calor,
2062 2106 2128 2167 et
2161 2121 2271 2168 na-

719 2215 933 2277 turam
974 2209 1415 2274 subministrat
1456 2209 1744 2290 digestus
1781 2208 2018 2274 humor
2056 2228 2073 2274 :
2118 2210 2271 2293 quia

720 2320 921 2402 igitur
965 2321 1257 2384 senectus
1303 2319 1400 2380 est
1441 2316 1674 2398 frigida
1716 2320 1777 2381 et
1822 2316 2017 2399 sicca,
2058 2318 2271 2383 deficit

719 2427 893 2493 calor
932 2428 996 2491 et
1037 2425 1300 2504 humor,
1342 2427 1406 2488 et
1445 2423 1590 2490 idco
1629 2423 1912 2489 libidinis
1955 2425 2271 2492 minuitur

718 2535 953 2600 fervor.

805 2642 1119 2720 Quoniam
1134 2640 1258 2707 ibit
1274 2639 1477 2719 homo,
1497 2640 1616 2703 etc.
1633 2637 1970 2722 Descriptae
1985 2645 2134 2706 sunt
2142 2642 2270 2706 mi-

721 2749 903 2817 seriae
946 2747 1384 2813 antecedentes
1411 2747 1725 2826 mortem;
1757 2746 1865 2811 hic
1895 2747 2272 2815 describitur

720 2860 860 2944 ipsa
889 2857 1147 2922 miseria
1193 2855 1418 2921 mortis
1434 2904 1452 2937 ‚
1501 2858 1565 2919 et
1602 2854 1671 2918 in
1712 2854 2023 2921 moriente
2039 2906 2058 2938 ,
2102 2862 2165 2922 et
2202 2858 2274 2922 in

724 2964 1274 3050 compatientibus.
1329 2963 1404 3027 In
1452 2962 1767 3028 moriente
1810 2964 1983 3028 enim
2035 2988 2051 3031 ε
2106 2967 2272 3044 Quo-

724 3079 908 3144 niam
934 3075 1058 3142 ibit
1090 3075 1271 3141 homo
1308 3074 1386 3140 in
1413 3071 1671 3140 domum
1697 3074 2079 3141 oetmnitatis
2114 3090 2270 3154 suoe,

723 3187 790 3253 id
814 3189 931 3265 est,
960 3183 1273 3249 morietur
1321 3205 1337 3247 ε
1370 3184 1599 3248 domus
1628 3182 1796 3247 enim
1834 3189 1978 3266 post
2000 3187 2274 3248 mortem

727 3298 970 3361 aeterna
999 3294 1113 3374 est,
1146 3291 1321 3376 quia,
1351 3295 1428 3356 ut
1454 3291 1695 3358 dictum
1721 3294 1815 3356 est
1833 3296 1852 3333 ¹
1893 3311 1909 3355 ε
1949 3314 1980 3351 α
2008 3290 2078 3356 Si
2106 3292 2275 3357 ceci-

728 3403 890 3470 derit
933 3401 1190 3484 lignum
1233 3399 1316 3465 ad
1357 3403 1652 3465 austrum
1668 3447 1690 3480 ,
1738 3398 1829 3462 ibi
1877 3397 2030 3479 erit3
2081 3399 2137 3462 si
2196 3399 2277 3465 ad

729 3492 1092 3595 aquilonem
1109 3557 1127 3590 ,
1175 3507 1267 3572 ibi
1309 3508 1451 3572 erit.
1497 3529 1529 3568 1>
1589 3506 1668 3573 Et
1723 3508 1815 3571 ita
1868 3505 2097 3572 domus
2138 3512 2279 3591 post

729 3622 1004 3686 mortem
1060 3620 1231 3682 recte
1294 3616 1524 3680 dicitur
1587 3615 1815 3681 domus
1877 3614 2274 3681 aeternitatis).

731 3726 1053 3805 Quantum
1098 3725 1180 3790 ad
1218 3724 1546 3789 miseriam
1591 3723 1662 3787 in
1710 3723 2237 3807 compatientibus
2256 3772 2275 3805 ,

732 3836 926 3902 dicit:
973 3836 1066 3901 Et
1108 3832 1472 3901 circuibunt
1514 3835 1590 3899 in
1623 3832 1839 3914 platea
1886 3830 2275 3915 planqentes.

737 3943 1165 4020 circumeunt,
1196 3941 1348 4024 quia
1374 3959 1510 4024 prae
1540 3939 1755 4005 dolore
1784 3940 2110 4023 quiescere
2132 3959 2276 4005 nes-

736 4050 914 4115 ciunt
924 4057 948 4091 ¹
980 4070 996 4114 ε
1023 4071 1055 4111 α
1070 4048 1269 4133 Caput
1285 4048 1588 4113 circuitus
1609 4065 1835 4113 eorum
1854 4070 1872 4126 ;
1891 4048 2071 4113 labor
2087 4048 2282 4114 labio·

737 4177 886 4223 rum
933 4158 1219 4241 ipsorum
1272 4155 1516 4239 operiet
1569 4171 1700 4220 eos,
1755 4176 1787 4214 n
1844 4153 1924 4220 Et
1973 4156 2283 4239 plangent

738 4284 930 4352 super
964 4268 1240 4344 mortuo,
1270 4262 1455 4347 quasi
1483 4262 1767 4328 nolentes
1795 4264 2139 4343 consolari;
2172 4264 2282 4329 sed

738 4392 871 4439 non
897 4373 988 4438 sic
1013 4372 1265 4452 debent,
1296 4388 1450 4434 nam
1477 4372 1501 4409 ⁸
1533 4390 1549 4431 ε
1590 4391 1622 4431 α
1648 4368 1884 4435 Luctus
1911 4371 2180 4452 mortui,
2209 4375 2286 4436 ut

738 4480 1018 4547 multum
1037 4528 1059 4560 ,
1091 4481 1332 4562 septem
1358 4477 1514 4542 dies.
1550 4498 1582 4536 ι»

820 4594 882 4654 6.
910 4588 1270 4670 Antequam
1295 4588 1637 4667 rumpatur
1662 4586 1846 4666 runis
1864 4634 1882 4664 ‚
1925 4590 2045 4652 etc.
2076 4586 2287 4671 Supra

740 4697 953 4781 tetigit
997 4696 1286 4761 miserias
1331 4693 1769 4760 antecedentes
1815 4700 2130 4775 mortem;
2178 4696 2287 4761 hic

743 4806 953 4888 tangit
992 4804 1448 4888 consequentes
1467 4851 1485 4881 ‚
1514 4820 1662 4886 quae
1699 4805 1851 4867 sunt
1878 4802 2158 4886 corporis
2181 4822 2287 4869 re-

745 4915 997 4994 solutiO,
1015 4915 1080 4977 et
1088 4911 1347 4996 spiritus
1357 4908 1647 4992 adDeum
1658 4909 1962 4991 migratio
1977 4933 1992 4975 ε
2007 4929 2154 4993 quae
2165 4912 2286 4976 isto

746 5022 970 5088 ordine
1017 5019 1482 5086 describuntur.
1531 5016 1746 5083 Primo
1785 5022 2043 5084 notatur
2081 5019 2282 5086 disso-

743 5129 906 5195 lutio
932 5145 1305 5207 nervorum,
1335 5144 1485 5192 cum
1507 5124 1694 5191 dicit:
1724 5125 2084 5209 Antequam
2110 5144 2283 5195 rum-

744 5245 943 5321 patuv-
966 5237 1297 5319 funiculus
1320 5239 1657 5320 argenteus
1692 5256 1710 5301 ε
1742 5238 1804 5300 et
1825 5235 2011 5301 debet
2033 5238 2236 5322 repeti
2263 5257 2281 5302 ε

815 5403 830 5432 ¹
861 5403 1043 5466 Supra,
1072 5413 1155 5467 xx,
1182 5405 1232 5454 3.
1258 5428 1322 5440 —-
1346 5404 1370 5438 ¹
1403 5402 1543 5453 Ρεαί.
1583 5413 1808 5467 cxxx1x,
1850 5407 1927 5455 lo.
1962 5431 2025 5443 —
2067 5403 2090 5440 ⁸
2110 5405 2284 5472 Eccli„

751 5483 895 5537 xxu,
932 5475 1011 5529 ¹3.
1042 5499 1096 5510 —
1138 5474 1161 5510 δ
1196 5473 1341 5535 Gen„
1377 5483 1466 5534 111,
1508 5476 1582 5526 19.
1614 5498 1674 5513 -
1707 5473 1732 5513 ⁸
1764 5472 1946 5538 Eccli„
1975 5487 2071 5540 xe,
2112 5481 2190 5536 ss.

1726 450 2144 519 EXPOSITIO
2186 447 2270 516 IN
2311 446 2917 517 ECGLESIASTEN.

2373 586 2674 653 Memento
2707 585 3024 654 creatoris
3048 586 3171 653 tui.
3205 582 3569 650 Ner-vorum
3604 582 3907 647 involutio

2370 696 2541 758 recte
2565 694 2798 758 dicitur
2821 695 3027 773 funis,
3058 693 3211 778 quia
3237 695 3444 758 totum
3458 708 3694 775 corpus
3717 690 3908 772 cingit

2370 804 2435 866 et
2462 800 2654 882 ligat3
2684 804 2749 866 et
2767 808 3126 885 amentem,
3155 804 3413 884 propter
3432 801 3726 883 ipsorum
3754 798 3907 863 albe-

2371 908 2588 974 dinem
2607 912 2670 974 et
2686 910 3137 994 proprietatem
3159 931 3173 974 ε
3197 909 3367 974 funis
3383 926 3544 990 ergo
3568 910 3908 989 argentam

2371 1016 2717 1100 rumpitur,
2738 1017 2996 1101 quando
3019 1035 3369 1083 nervorum
3395 1016 3685 1098 ligatura
3706 1014 3911 1079 dissol-

2373 1124 2571 1189 vitur.
2601 1123 2891 1190 Secundo
2908 1125 3211 1191 resolutio
3235 1142 3574 1205 venarum,
3598 1124 3739 1189 sive
3761 1127 3912 1188 arte-

2372 1232 2619 1297 riarum
2638 1279 2657 1311 ,
2711 1251 2859 1298 cum
2901 1233 3054 1298 dicit
3097 1254 3113 1295 ε
3155 1233 3238 1300 Εἰ
3273 1236 3561 1300 recurrat
3612 1233 3695 1314 (a)
3749 1233 3913 1300 vitta

2375 1354 2571 1406 aurea
2596 1388 2614 1421 ‚
2664 1340 2731 1405 id
2783 1343 2919 1419 est,
2967 1359 3283 1406 venarum
3334 1339 3677 1406 involutio.
3734 1339 3913 1403 Recte

2374 1448 2606 1514 dicitur
2647 1447 2993 1529 involutio,
3032 1449 3187 1532 quia
3232 1447 3395 1513 sicut
3431 1449 3594 1513 vitta
3644 1448 3912 1513 circmn-

2373 1557 2678 1638 volvitur‚
2709 1558 2772 1621 et
2800 1575 2877 1621 ea
2919 1559 3129 1622 totum
3166 1556 3444 1640 ligatum
3478 1554 3799 1635 salvatur,
3828 1555 3914 1620 sic

2374 1666 2560 1731 venis
2592 1667 2655 1729 et
2690 1665 2937 1730 arteriis
2976 1668 3109 1730 tota
3148 1666 3430 1749 corporis
3468 1665 3766 1729 machina
3791 1664 3911 1729 cir·

2375 1773 2714 1839 cumdatur
2748 1778 2812 1838 et
2854 1774 3161 1840 salvatur.
3210 1774 3336 1839 Ista
3381 1791 3696 1839 venarum
3732 1774 3914 1838 invo-

2373 1882 2535 1948 lutio
2562 1886 2625 1947 et
2648 1882 3025 1947 arteriarum
3065 1884 3235 1947 recte
3271 1881 3504 1946 dicitur
3530 1899 3747 1959 aurea,
3768 1882 3915 1963 quia

2377 2009 2609 2056 aurum
2640 1990 2947 2071 rubrum,
2978 1993 3042 2054 et
3073 1988 3450 2073 hujusmodi
3487 2007 3673 2054 venae
3702 1990 3914 2054 rubeae

2377 2102 2637 2182 propter
2662 2098 2938 2162 contenti
2975 2097 3308 2180 sanguinis
3334 2096 3864 2162 rubicunditatem
3890 2119 3907 2160 :

2377 2210 2529 2271 tunc
2555 2224 2716 2287 ergo
2738 2205 3009 2271 recurrit
3025 2205 3183 2271 vitta
3200 2222 3417 2282 aurea,
3450 2205 3707 2289 quando
3730 2222 3915 2269 vena·

2379 2333 2528 2381 rum
2562 2319 2627 2380 et
2658 2314 3040 2380 arteriarum
3078 2314 3392 2379 involutio
3426 2331 3559 2379 non
3596 2313 3910 2398 perdurat.

2378 2424 2590 2490 Tertio
2627 2426 2883 2488 notatur
2919 2422 3259 2487 confractio
3298 2422 3469 2487 vasis
3502 2429 3741 2500 urinae,
3772 2440 3910 2487 cum

2379 2532 2573 2598 dicit:
2622 2533 2709 2599 Et
2749 2536 3112 2599 conteratur
3152 2531 3399 2615 hydria
3440 2547 3629 2615 super
3662 2533 3906 2613 sentent,

2380 2642 2622 2727 Hydria
2648 2646 2744 2707 est
2782 2642 3253 2727 receptaculum
3291 2661 3478 2727 aquae
3521 2643 3850 2709 exhaustas
3874 2663 3916 2709 a

2380 2753 2596 2830 fonte;
2659 2752 2723 2815 et
2777 2750 2987 2817 vesica
3043 2756 3136 2816 est
3195 2751 3663 2835 receptaculum
3716 2754 3916 2818 nrinae

2379 2858 2772 2942 procedentis
2825 2858 2906 2922 ab
2954 2857 3183 2941 hepate
3201 2907 3222 2938 ‚
3276 2863 3585 2943 tauquam
3639 2880 3681 2924 a
3728 2861 3913 2926 fonte.

2384 2967 2579 3032 Urina
2631 2967 2804 3032 enim
2856 2971 2952 3032 est
3007 2968 3437 3032 colamentum
3480 2969 3822 3051 sanguinis
3860 2974 3921 3034 et

2383 3076 2657 3141 aliorum
2697 3076 3048 3141 humorum
3066 3125 3085 3156 ,
3117 3076 3230 3160 qui
3258 3077 3338 3140 ab
3364 3076 3597 3162 hepate
3623 3077 3693 3141 in
3720 3081 3923 3142 totum

2385 3203 2613 3268 corpus
2638 3185 3003 3268 procedunt,
3046 3188 3357 3268 tanquam
3380 3205 3419 3250 a
3446 3186 3617 3251 fonte
3649 3207 3667 3251 ι
3700 3186 3926 3270 hydria

2385 3309 2544 3373 ergo
2567 3293 2913 3359 conteritur
2936 3311 3130 3376 super
3150 3293 3413 3374 fontem,
3439 3294 3698 3378 quando
3722 3296 3926 3362 vesica

2385 3400 2707 3483 rumpitur
2725 3449 2746 3480 ‚
2803 3404 2868 3465 et
2912 3401 3342 3468 celamentum
3395 3403 3751 3469 humorum
3797 3423 3926 3470 non

2386 3510 2591 3590 potest
2644 3509 2947 3593 recipere,
2997 3511 3169 3593 quod
3210 3511 3495 3594 procedit
3546 3513 3628 3577 ab
3674 3513 3921 3598 hepate.

2389 3614 2624 3692 Quarto
2647 3634 2802 3682 vero
2829 3616 3171 3683 destructio
3195 3622 3441 3685 meatus
3468 3622 3927 3704 superfluitatis

2386 3723 2693 3808 impurae,
2744 3745 2893 3791 cum
2938 3726 3134 3792 dicit:
3180 3730 3270 3794 Εἰ
3304 3730 3760 3813 consrinqatur
3795 3739 3929 3800 rom

2387 3851 2574 3916 super
2621 3838 2980 3903 cisternam.
3042 3836 3200 3902 Rota
3248 3844 3344 3903 est
3389 3841 3885 3908 instrumentum
3904 3891 3923 3922 ‚

2390 3960 2505 4025 per
2531 3943 2701 4026 quod
2727 3945 2801 4008 fit
2826 3944 3076 4009 eductio
3102 3964 3290 4028 aquae
3317 3947 3593 4028 foetidae,
3621 3954 3687 4013 et
3706 3949 3926 4016 lutosae

2390 4051 2469 4116 de
2506 4053 2775 4118 cisterna
2808 4074 2823 4117 ε
2857 4054 3128 4119 cisterna
3162 4055 3442 4121 continet
3480 4057 3925 4140 utplurimum

2392 4177 2627 4242 aquam
2644 4160 3022 4226 lutulentam
3042 4182 3058 4241 ;
3081 4166 3143 4226 et
3159 4161 3302 4226 talis
3324 4166 3417 4227 est
3433 4167 3660 4229 venter
3679 4170 3919 4231 noster:

2393 4270 2602 4330 rotam
2627 4268 2831 4350 igitur
2865 4270 3179 4352 confringi
3206 4289 3400 4355 super
3427 4273 3769 4339 cisternam
3784 4325 3803 4355 ,
3836 4281 3927 4341 est

2394 4380 2679 4441 meatum
2744 4379 3019 4462 impurae
3087 4382 3540 4470 superfluitatis
3606 4401 3647 4446 a
3706 4387 3929 4450 ventre

2398 4486 2688 4550 exeuntis
2730 4488 3093 4554 omnimode
3138 4489 3450 4573 dissipari.
3502 4490 3735 4569 Quinto
3778 4512 3928 4558 vero

2396 4593 2592 4658 totius
2663 4595 2946 4677 corporis
3004 4591 3376 4662 incineratio
3399 4647 3418 4678 ‚
3487 4615 3637 4663 cum
3704 4600 3927 4666 dicitur

2398 4703 2485 4781 (v.
2516 4702 2571 4785 7)
2601 4723 2616 4767 t
2651 4703 2743 4771 Ec
2761 4707 3111 4771 revertatur
3124 4703 3345 4788 puluis
3373 4707 3449 4773 in
3475 4711 3728 4790 terram,
3759 4711 3925 4776 unde

2397 4815 2555 4889 erat,
2604 4810 2672 4874 id
2721 4814 2817 4874 est
2864 4829 3093 4895 corpus
3131 4812 3541 4895 indueretur,
3581 4820 3923 4885 secundum

2396 4916 2556 4982 illud
2590 4918 2613 4952 ⁶
2648 4938 2663 4981 :
2715 4940 2746 4977 α
2778 4916 2999 4984 Pulvis
3027 4935 3095 4984 es
3118 4968 3134 4998 ,
3161 4925 3225 4984 et
3253 4921 3323 4985 in
3350 4923 3689 5006 pulverem
3713 4945 3920 4992 rever-

2397 5025 2587 5091 veriS.
2618 5048 2649 5086 ι)
2694 5026 2773 5092 In
2810 5031 3046 5095 terram
3077 5045 3301 5111 suam,
3327 5033 3480 5115 quia
3506 5033 3585 5099 de
3610 5035 3716 5100 illa
3741 5039 3832 5100 est
3858 5040 3921 5098 ⁸:

2407 5156 2439 5194 α
2467 5132 2718 5214 Omnia,
2741 5153 2890 5218 quae
2914 5135 2992 5201 de
3018 5139 3189 5202 terra
3212 5138 3376 5204 facta
3395 5144 3576 5222 sunt,
3601 5144 3671 5206 in
3694 5145 3925 5208 terram

2401 5245 2868 5309 convertentur.
2896 5266 2928 5306 n
2955 5243 3149 5312 Sexto
3168 5248 3465 5331 tangitur
3488 5251 3768 5336 spiritus,
3796 5251 3925 5319 sive

2466 5476 2538 5545 (a)
2564 5479 2687 5533 caet.
2721 5479 2840 5532 edit.
2867 5482 3101 5534 recurrit.

3956 2664 4101 2719 Bith·-
