4196 6294
617 354 735 414 392

617 500 719 542 ma
746 485 764 519 ¹
795 505 812 541 ε
847 504 876 539 α
893 487 1019 543 Vox
1041 482 1195 543 facta
1222 487 1309 543 est
1331 484 1405 543 de
1434 484 1595 543 coelis
1616 503 1677 542 z»
1708 501 1841 543 ecce
1868 485 2162 560 apparitio

621 579 968 654 corporalis.
997 578 1149 636 Talis
1173 577 1437 652 profecto
1469 582 1556 637 est
1580 577 1782 638 divina
1809 579 2166 650 consolatio,

622 689 758 747 quae
785 673 852 730 fit
878 690 913 730 a
942 675 1057 731 Deo
1074 716 1093 746 ,
1122 673 1218 731 vel
1245 673 1441 731 vocali
1462 672 1692 746 judicio
1715 718 1734 747 ,
1776 674 1873 732 vel
1922 673 2167 748 speciali

624 767 854 826 nuntio.
872 770 949 825 De
961 768 1222 825 secunda
1236 769 1635 843 competenter
1650 768 1982 843 exponitur,
2000 768 2169 842 quod

625 862 977 937 proponitur
1005 859 1029 893 ³
1065 880 1080 918 :
1123 881 1150 916 α
1174 861 1322 919 Dixit
1360 865 1509 920 Deus
1536 881 1552 919 ε
1584 863 1709 920 Fiat
1744 864 1848 920 lux
1868 906 1888 934 ,
1926 866 1983 920 et
2015 862 2173 920 facta

627 959 715 1012 est
751 956 876 1014 lux.
912 977 940 1010 n
982 957 1135 1027 Quid
1176 956 1332 1013 enim
1369 954 1587 1013 clarius
1643 955 2031 1028 intelligimus
2063 971 2175 1029 per

628 1050 822 1109 lucem
861 1051 1140 1109 divinitus
1172 1051 1388 1109 factam
1407 1093 1427 1121 ,
1471 1067 1654 1125 quam
1681 1050 1988 1109 veritatem
2028 1050 2176 1109 inte-

629 1145 751 1202 rius
785 1145 1177 1220 patefactam?
1203 1144 1352 1202 Talis
1392 1148 1478 1203 est
1513 1144 1915 1219 proculdubio
1959 1144 2177 1202 divinas

631 1239 1051 1297 consolationis
1107 1237 1427 1314 spiritualis
1492 1238 1801 1297 destinatio
1827 1283 1845 1305 ,
1900 1238 2179 1296 videlicet

631 1333 872 1392 interior
900 1334 1113 1391 mentis
1140 1332 1516 1391 illuminatio.
1557 1335 1635 1390 De
1665 1332 1832 1391 tertia
1856 1336 2049 1408 potest
2078 1349 2176 1391 ac-

632 1428 747 1503 cipi
796 1428 1047 1486 verbum
1086 1427 1240 1487 illud
1285 1426 1729 1502 psalmographi
1757 1429 1780 1463 ³
1824 1445 1838 1484 ε
1878 1446 1907 1481 α
1931 1427 2178 1485 Posuisti

632 1522 937 1594 tenebraS,
984 1526 1042 1580 et
1075 1522 1229 1580 facta
1275 1526 1362 1579 est
1402 1538 1525 1579 nox
1537 1540 1557 1594 3
1585 1542 1613 1576 n
1648 1520 1790 1596 quia
1834 1521 2077 1595 ponitur
2116 1520 2179 1578 in

632 1616 865 1674 somnio
923 1618 1123 1690 imago
1167 1615 1536 1688 aenigmatica
1560 1658 1579 1687 ,
1638 1619 1694 1673 et
1747 1614 1816 1672 fit
1884 1613 2178 1689 apparitio

632 1710 1035 1783 phantastica,
1065 1726 1174 1785 per
1202 1726 1386 1784 quam
1412 1709 1480 1764 fit
1505 1723 1939 1782 nonnunquam
1967 1723 2181 1767 conso-

634 1802 777 1862 latio
804 1804 1138 1863 tenebrosa.

1141 1956 1427 2013 Articulus
1464 1959 1679 2014 tertius.

708 2093 1140 2153 Consolationis
1197 2091 1576 2152 collationem
1635 2091 1939 2151 annotavit
1970 2131 1991 2160 ‚
2047 2105 2186 2147 cum

639 2189 940 2262 adjunxit:
964 2189 1129 2260 Mihi,
1155 2191 1442 2262 tanquam
1471 2184 1849 2260 compatienti
1876 2183 2181 2259 proximo,

639 2286 696 2340 et
722 2283 942 2341 idcirco
970 2281 1288 2358 spectanti,
1320 2288 1378 2340 et
1406 2279 1767 2357 expectanti,
1796 2281 1854 2337 et
1891 2275 2187 2336 affectanti

640 2376 1108 2435 consolationem
1144 2377 1222 2434 ab
1259 2391 1353 2445 e0,
1385 2374 1490 2449 qui
1514 2375 1536 2409 ⁸
1572 2393 1601 2427 α
1622 2373 1931 2432 mandavit
1955 2369 2186 2429 unicui-

641 2486 757 2543 que
795 2470 871 2527 de
909 2470 1187 2545 proximo
1215 2471 1338 2526 'suo
1366 2487 1380 2525 ε
1412 2488 1442 2523 »
1473 2468 1759 2543 spectanti
1795 2466 2041 2541 quidem
2080 2478 2190 2539 per

641 2564 856 2633 fidem,
883 2563 1213 2639 expectanti
1238 2579 1348 2637 per
1377 2578 1579 2636 spem,
1609 2561 1904 2619 affectanti
1924 2576 2033 2635 per
2055 2558 2191 2616 cha-

642 2660 894 2717 ritatem.
926 2662 1145 2717 Horum
1166 2658 1361 2732 primo
1392 2655 1669 2728 concinit,
1692 2654 1860 2730 quod
1888 2654 2193 2713 Psalmista

646 2753 792 2812 dicit
811 2755 833 2789 ⁸
869 2773 881 2810 :
917 2772 947 2806 α
974 2753 1189 2811 Levavi
1215 2751 1423 2810 oculos
1449 2765 1617 2809 meos
1644 2749 1708 2808 in
1734 2751 2001 2821 montes,
2028 2748 2192 2806 unde

646 2849 839 2907 veniet
875 2847 1165 2906 auxilium
1211 2844 1394 2916 mihi,
1422 2865 1449 2900 u
1483 2842 1702 2902 scilicet
1743 2842 2049 2917 spectanti.
2093 2842 2191 2899 Se-

648 2943 848 3002 cundo
878 2942 1185 3014 convenit,
1212 2940 1381 3017 quod
1409 2940 1703 3014 Propheta
1726 2937 1964 3013 psallit⁸
1989 2956 2004 2994 :
2030 2957 2058 2990 α
2082 2940 2194 2995 Ex·

649 3043 891 3115 pectans
916 3038 1220 3113 expectavi
1248 3033 1584 3107 Dominum,
1615 3037 1671 3091 et
1691 3032 1943 3091 intendit
1959 3032 2106 3090 mihi
2127 3054 2190 3103 ,»

651 3134 869 3193 scilicet
886 3130 1233 3208 expectanti.
1248 3129 1439 3189 Tertio
1456 3144 1697 3205 quoque
1717 3126 2008 3201 congruit,
2029 3124 2198 3201 quod

652 3228 816 3286 idem
864 3226 1068 3286 astruit
1094 3227 1116 3262 '¹
1144 3246 1161 3282 ε
1199 3244 1229 3279 α
1272 3226 1420 3282 Cum
1467 3223 1846 3294 invocarem,
1896 3219 2201 3279 exaudivit

654 3338 750 3381 me
779 3326 929 3380 Deus
951 3320 1186 3396 justitiae
1224 3335 1371 3377 meae
1386 3339 1405 3393 ;
1436 3318 1500 3376 in
1525 3318 1903 3378 tribulatione
1945 3315 2201 3375 dilatasti

655 3417 831 3490 mihi,
867 3437 895 3469 »
930 3415 1148 3474 scilicet
1165 3412 1478 3472 affectanti.

1151 3576 1434 3632 Articulus
1469 3577 1713 3647 qum-tus.

734 3703 1161 3765 Consolationis
1214 3702 1505 3761 rationem
1535 3742 1556 3771 ‚
1610 3699 1889 3757 videlicet
1940 3697 2210 3756 fraternoe

662 3800 1020 3878 poenitentioe
1045 3796 1525 3872 procurationem
1553 3793 1885 3865 subintulit,
1907 3809 2045 3850 cum
2072 3789 2210 3848 sub·

659 3895 857 3970 junxit
887 3913 900 3950 :
932 3897 1081 3964 Quia
1098 3893 1517 3965 justificationes
1547 3895 1668 3947 tuas
1694 3890 1965 3962 exquisivi
2010 3903 2025 3942 ε
2063 3882 2212 3959 quid

668 3990 829 4048 enim
856 3993 942 4046 est
977 3986 1333 4062 poenitentiae
1357 3984 1729 4059 procuratio,
1770 3980 1883 4039 nisi
1928 3978 2215 4053 justifica-

668 4082 846 4143 tionis
872 4080 1226 4157 exquisitio?
1255 4084 1320 4139 Et
1344 4084 1486 4137 nota
1513 4076 1680 4152 quod
1728 4075 2048 4134 fraternam
2084 4089 2212 4147 poe-

670 4177 976 4237 nitentiam
1004 4175 1294 4233 debemus
1322 4172 1632 4247 exquirere
1661 4186 1784 4228 non
1811 4169 2040 4227 curiose
2059 4210 2081 4240 ,
2107 4184 2216 4226 nec

673 4270 987 4342 insidiose,
1012 4267 1117 4327 sed
1140 4268 1423 4326 officiose.
1456 4266 1650 4325 Primo
1681 4265 1868 4324 modo
1900 4263 2220 4339 exquirunt

677 4368 1081 4443 exploratores
1090 4383 1110 4438 ;
1131 4363 1419 4434 secundo,
1448 4361 1922 4436 exprobratoreS,
1947 4364 2004 4417 et
2023 4358 2216 4431 tertio,

678 4463 1101 4521 exhortatores
1131 4461 1209 4516 De
1247 4457 1443 4532 primo
1462 4457 1524 4513 ⁸:
1556 4477 1585 4510 α
1606 4456 1719 4513 Cor
1748 4454 1939 4529 iniqui
1968 4453 2224 4528 exquirit

685 4557 756 4632 (a)
792 4558 952 4615 mala
969 4573 987 4627 ;
1029 4553 1113 4612 sic
1145 4553 1409 4612 curiosus
1455 4550 1795 4627 explorator
1830 4548 2039 4620 ,aliena
2085 4564 2224 4624 pec·

681 4655 829 4709 cata.
853 4671 880 4706 u
910 4653 988 4708 De
1015 4648 1278 4708 secundo
1303 4650 1326 4685 ⁹
1371 4666 1385 4704 ε
1419 4665 1449 4701 α
1471 4645 1730 4705 Herodes
1773 4642 1991 4702 occidit
2017 4658 2226 4700 omnes

680 4762 921 4821 pueroS,
951 4744 1057 4819 qui
1079 4747 1245 4803 erant
1274 4743 1338 4800 in
1363 4740 1720 4811 Bethlehem,
1759 4742 1815 4797 et
1841 4738 1905 4795 in
1947 4737 2227 4795 omnibus

682 4839 903 4897 finibus
930 4839 1057 4913 ejus
1085 4854 1123 4896 a
1146 4838 1376 4895 bimatu
1394 4878 1414 4905 ,
1439 4839 1496 4893 et
1516 4834 1693 4906 inira,
1720 4832 2050 4891 secundum
2077 4836 2226 4889 tem-

682 4949 796 5007 pus
823 4932 991 5006 quod
1017 4930 1372 5006 exquisierat
1399 4945 1436 4988 a
1462 4928 1660 5002 Magis.
1687 4948 1716 4983 »
1747 4928 2014 4985 Herodem
2053 4926 2232 4983 inter-

686 5031 988 5102 pretamur
1036 5027 1101 5084 in
1142 5025 1401 5102 pellibus
1445 5024 1801 5098 gloriantem
1817 5063 1839 5092 ,
1890 5026 1946 5079 et
1983 5021 2231 5078 Judaeum

690 5120 1064 5180 confitentem
1095 5139 1110 5178 :
1139 5120 1400 5180 Herodes
1433 5117 1634 5193 itaque
1675 5119 1910 5190 tempus
1937 5111 2228 5188 exquirit,

759 5250 769 5276 ¹
803 5249 983 5309 Marc„
1011 5260 1049 5307 1,
1078 5252 1153 5298 11.
1179 5274 1241 5286 -
1269 5248 1287 5278 ²
1317 5247 1462 5309 Gen„
1490 5258 1529 5304 1,
1556 5246 1606 5294 3.
1630 5268 1689 5281 -
1717 5243 1737 5273 ³
1757 5240 1897 5292 Psal.
1928 5252 2042 5301 eni,
2074 5245 2232 5292 20.—

694 5321 709 5354 ⁴
740 5320 921 5387 Ereti„
951 5331 1075 5384 xvii,
1113 5322 1187 5371 12.
1218 5347 1265 5355 —
1300 5319 1318 5350 ⁸
1344 5316 1480 5369 Psat.
1510 5327 1630 5379 cxx,
1668 5319 1709 5364 1.
1742 5339 1802 5352 —
1831 5314 1851 5345 ⁸
1884 5311 2022 5363 Ptol.
2045 5325 2234 5380 xxx1x,

1658 347 2069 416 EXPOSITIO
2116 349 2196 416 IN
2244 350 2771 418 PSALTERIUM.

2275 492 2332 545 et
2355 502 2573 562 pueros
2597 487 2939 547 Judaeorum
2967 488 3183 548 occidit
3194 531 3216 562 ,
3247 506 3386 549 cum
3412 493 3725 566 praelatns,
3755 497 3820 552 ut

2276 584 2561 656 appareat
2588 581 2915 655 gloriosus,
2945 583 3204 642 alienam
3225 585 3408 643 vitam
3434 587 3733 660 explorat,
3761 592 3821 644 et

2278 674 2678 734 confitentium
2710 676 3016 751 spurcitias
3041 694 3150 751 per
3184 678 3590 753 poenitentiam
3628 681 3819 755 depu-

2276 772 2464 839 ram,
2483 773 2539 826 et
2565 768 2645 826 ad
2671 769 3070 828 innocentiam
3095 776 3421 845 revocatas,
3450 774 3813 849 exprobran-

2257 860 2361 919 .do
2391 869 2836 922 commemorat.
2884 867 2962 923 De
3003 864 3172 924 tertio
3200 867 3243 902 ¹⁰
3272 885 3287 925 ε
3317 885 3347 920 α
3374 869 3452 924 De
3484 883 3605 941 qua
3631 868 3816 926 salute

2281 955 2721 1030 exquisierunt,
2757 960 2816 1016 et
2857 959 3094 1017 scrutati
3139 961 3274 1017 sunt
3309 960 3635 1035 prophetas.
3655 980 3685 1014 ι)
3727 961 3815 1019 Sic

2280 1048 2502 1107 faciunt
2533 1049 2657 1122 illi,
2686 1050 2789 1125 qui
2816 1052 3080 1111 officiose
3108 1069 3178 1111 ac
3204 1053 3464 1113 studiose
3499 1060 3819 1129 procurant

2282 1143 2532 1202 salutem
2558 1144 2836 1219 proximi.

2929 1301 3185 1367 Epilogus.

2359 1430 2501 1488 Dicit
2527 1446 2668 1503 ergo
2698 1431 2988 1506 Propheta
3013 1433 3077 1489 in
3093 1432 3439 1505 hujusmodi
3467 1434 3817 1509 compatien-

2286 1523 2358 1582 tis
2380 1540 2636 1598 persona
2666 1543 2681 1581 ε
2713 1528 2838 1582 Hoec
2851 1567 2872 1597 ,
2903 1526 3122 1584 scilicet
3165 1528 3491 1586 consolatio
3539 1527 3814 1601 praefata:

2289 1635 2424 1676 ecce
2450 1618 2655 1677 datum
2679 1619 3007 1694 optimum3
3035 1623 3199 1678 Facta
3227 1626 3306 1678 est
3325 1662 3346 1692 ,
3374 1620 3439 1679 id
3466 1625 3553 1679 est
3569 1665 3587 1692 ,
3620 1620 3819 1681 divini·

2289 1716 2380 1770 tus
2426 1712 2760 1772 destinata:
2794 1729 2932 1771 ecce
2982 1712 3338 1773 descensum
3384 1732 3422 1773 a
3457 1718 3623 1773 Patre
3657 1715 3821 1772 lumi·

2288 1823 2438 1864 num
2456 1827 2474 1879 3
2521 1809 2666 1865 Mihi
2683 1850 2702 1879 ,
2756 1808 2926 1882 quasi
2979 1808 3357 1882 compatienti
3397 1809 3616 1867 collata
3644 1829 3662 1865 ε
3693 1825 3822 1867 ecce

2292 1899 2644 1960 descensum
2664 1901 2728 1960 in
2754 1903 3146 1961 convertentis
3173 1902 3476 1973 animum;
3505 1904 3648 1971 Quia
3667 1904 3823 1975 justi-

2289 1999 2566 2068 ficationes
2593 2002 2712 2053 tuas
2740 2000 3044 2069 exquisivi,
3081 1997 3228 2054 dum
3270 1996 3528 2071 proximi
3554 1998 3825 2072 poeniten·

2293 2088 2435 2148 tiam
2461 2089 2815 2164 procuravi:
2847 2106 2982 2148 ecce
3011 2106 3364 2152 conversum
3388 2092 3749 2166 proximum.

2840 2312 3173 2356 vssnslcutus
3209 2315 3266 2354 lx
3277 2340 3288 2352 .

2369 2470 2434 2525 57
2445 2512 2457 2525 .
2474 2471 2660 2525 Portio
2671 2484 2809 2541 mea,
2835 2472 3084 2527 etc.Non
3098 2468 3294 2527 solum
3320 2485 3453 2543 spes
3469 2469 3720 2528 laetificat
3730 2485 3828 2544 pa·

2297 2564 2524 2630 tientes,
2545 2565 2608 2619 ut
2634 2562 2971 2621 octonarius
2995 2563 3158 2637 prior
3174 2563 3512 2638 proposuit,
3531 2562 3638 2621 sed
3659 2564 3829 2620 etiam

2299 2654 2573 2714 fortificat
2597 2653 2903 2727 facientes,
2945 2660 3124 2731 prout
3150 2656 3256 2714 iste
3301 2657 3602 2733 proponit.
3652 2657 3828 2715 Forti-

2301 2748 2438 2806 ficat
2462 2752 2659 2807 autem
2674 2749 2938 2825 primum
2962 2750 3042 2807 ad
3071 2749 3223 2808 bene
3252 2750 3648 2824 operandum,
3671 2750 3833 2825 quod

2303 2846 2538 2899 testatur
2564 2843 2974 2916 quaternarius
3001 2843 3296 2918 anterior3
3340 2845 3725 2916 postmodum
3759 2844 3833 2902 ad

2305 2936 2531 2995 malum
2567 2936 2972 3011 superandum
2994 2980 3015 3010 ,
3056 2935 3224 3011 quod
3266 2938 3604 2996 testificatur
3644 2942 3835 3013 poste-

2306 3032 2449 3090 rior.
2477 3030 2567 3090 Ad
2594 3032 2967 3106 operandum
3010 3048 3153 3091 vero
3190 3032 3495 3105 fortificat,
3534 3032 3680 3108 quia
3703 3048 3837 3106 pro-

2307 3126 2567 3201 positum
2591 3125 2878 3197 ratificat,
2920 3125 3198 3186 intuitum
3223 3126 3513 3199 {rectificat
3534 3170 3552 3198 ‚
3574 3125 3839 3186 affectum

2309 3219 2602 3295 purificat,
2634 3225 2691 3279 et
2730 3220 3005 3279 effectum
3032 3220 3362 3296 plurificat,
3411 3222 3561 3280 sicut
3597 3225 3844 3296 quatuor

2314 3317 2464 3376 ordo
2497 3332 2780 3375 versuum
2821 3316 3169 3374 manifestat.
3200 3316 3459 3386 Qualiter
3479 3319 3691 3375 'autem
3719 3332 3846 3389 spes

2313 3410 2676 3485 propositum
2723 3409 3011 3483 ratificet²,
3062 3426 3268 3468 versus
3292 3411 3470 3485 primi
3516 3409 3847 3484 quadrifida

2316 3504 2666 3563 continentis
2720 3504 2896 3563 docet
2933 3547 2953 3578 ,
3009 3503 3353 3563 denotando
3403 3503 3848 3579 quadruplicem

2316 3601 2604 3677 propositi
2631 3601 3063 3673 causalitatem,
3090 3601 3382 3666 [videlicet
3426 3601 3668 3659 finalem
3685 3642 3704 3672 ,
3747 3599 3852 3656 ini-

2318 3695 2519 3755 tialem
2537 3739 2558 3768 ,
2597 3694 2950 3767 formalem,
2988 3700 3045 3753 et
3078 3694 3479 3768 materialem;
3530 3700 3587 3753 et
3631 3710 3850 3753 conno-

2321 3790 2501 3847 tando
2533 3805 2844 3848 causarum
2869 3790 3318 3864 proprietatem,
3349 3788 3570 3846 scilicet
3593 3788 3728 3846 finis
3747 3788 3851 3844 uti-

2322 3883 2568 3955 litatem,
2590 3883 2739 3942 initii
2767 3883 2861 3942 vel
2889 3883 3193 3942 efficientis
3220 3882 3629 3955 humilitatem,
3657 3883 3852 3941 formae

2326 3977 2699 4037 stabilitatem
2715 3982 2785 4044 ,et
2810 3977 3067 4035 materiae
3094 3976 3449 4035 facilitatem.

2822 4137 3105 4193 Articulus
3141 4139 3371 4208 primus.

2402 4263 2613 4324 Finalis
2647 4261 2865 4321 utilitas
2903 4259 3183 4335 aperitur,
3229 4276 3367 4316 cum
3396 4258 3609 4316 dicitur
3640 4278 3654 4316 :
3687 4260 3862 4317 Portis

2332 4377 2489 4418 mea:
2519 4374 2661 4417 nam
2687 4356 3025 4431 portionem
3048 4370 3219 4412 suam
3245 4352 3494 4427 quilibet
3518 4351 3671 4410 illud
3698 4351 3862 4420 dicit,

2334 4453 2501 4530 quod
2530 4452 2730 4511 utilius
2760 4449 3080 4525 conspicit,
3113 4452 3171 4506 et
3197 4449 3454 4523 amplius
3480 4446 3864 4522 concupiscit,

2337 4550 2486 4607 sicut
2511 4550 2672 4623 patet
2696 4545 2758 4603 in
2784 4545 3057 4620 portione
3085 4543 3335 4601 triformi
3351 4563 3368 4616 ;
3399 4541 3703 4614 exteriori,
3734 4540 3870 4597 inte-

2337 4642 2511 4716 riori,
2537 4639 2826 4716 superiori
2850 4657 2864 4695 ;
2888 4654 3143 4712 quarum
3161 4637 3354 4711 prima
3378 4640 3600 4711 spectat
3619 4636 3699 4693 ad
3714 4635 3872 4691 bona

2336 4739 2611 4804 fortunae3
2643 4731 2942 4803 secunda,
2974 4730 3052 4788 ad
3096 4730 3259 4788 bona
3297 4729 3527 4803 gratioe3
3572 4735 3629 4787 et
3669 4728 3870 4798 tertia,

2342 4831 2421 4890 ad
2446 4831 2611 4889 bona
2638 4827 2861 4901 gloriae.
2898 4824 3092 4883 Portio
3120 4824 3315 4898 prima
3341 4823 3506 4883 bona
3540 4826 3627 4880 est
3668 4819 3875 4880 utenti-

2342 4926 2455 4982 bus
2470 4965 2490 4995 ,
2519 4938 2644 4980 non
2681 4918 3095 4990 abutentibus3
3127 4915 3320 4992 qualis
3353 4915 3465 4974 fuit
3492 4915 3651 4974 filius
3677 4913 3877 4990 prodi·

2342 5035 2473 5093 gns,
2502 5016 2606 5091 qui
2631 5013 2785 5089 patri
2813 5012 2961 5070 dixit
2984 5013 3028 5049 ¹¹
3060 5028 3075 5068 ε
3100 5031 3130 5064 α
3155 5013 3344 5083 Pater,
3375 5010 3455 5067 da
3480 5009 3627 5067 mihi
3655 5008 3881 5085 portio-

2349 5159 2392 5205 1.
2422 5179 2483 5192 -—
2511 5152 2533 5187 '¹
2556 5149 2694 5201 Psal.
2730 5160 2800 5210 iv,
2833 5153 2877 5198 1.
2908 5175 2970 5185 —-
2998 5149 3016 5178 ⁸
3043 5145 3212 5209 Prov„
3237 5156 3405 5208 xxvii,
3432 5147 3512 5195 21.
3546 5170 3600 5181 -
3628 5143 3651 5179 ⁹
3681 5140 3882 5204 Home„

2347 5238 2405 5289 ιι,
2441 5227 2512 5276 ι6.
2533 5250 2596 5261 -
2626 5222 2666 5257 ¹⁰
2689 5222 2707 5271 l
2734 5222 2892 5284 Petra,
2923 5233 2964 5284 1,
2993 5223 3068 5269 10.
3106 5244 3158 5256 —
3189 5218 3228 5253 ¹¹
3260 5217 3392 5279 Luc„
3422 5227 3506 5279 xv,
3542 5217 3618 5266 12.

2410 5311 2474 5376 (a)
2505 5306 2649 5371 γαῖα.
2681 5304 2905 5370 inquirit.
