4196 6294
478 2510 692 2616 hm.
722 2575 803 2635 ad
845 2579 1015 2634 tuum
1059 2578 1117 2635 et
1157 2578 1398 2634 tuorum
1433 2575 1737 2633 servitium
1779 2577 1990 2648 parato
2011 2616 2030 2646 ,
2079 2577 2138 2631 et
2179 2574 2263 2629 sie

709 467 829 527 ⁴16

708 599 978 668 eloquium
1002 599 1174 653 tumn.
1203 595 1548 668 cujusmodi
1573 596 1887 671 eloquium
1903 601 1933 655 ‘t
1960 601 2088 656 Non
2125 612 2252 671 ρω-

706 706 802 749 nas
828 688 1373 760 comminatorium,
1403 689 1509 747 sed
1541 688 1726 749 venite
1752 690 2205 765 promissorium
2231 708 2249 761 3

706 800 833 844 non
886 783 1311 843 contractivum
1360 782 1605 842 inferius
1634 825 1656 855 ,
1685 784 1792 841 sed
1817 784 2253 843 sublevativum

708 878 1000 953 superiuS.
1032 882 1097 937 Et
1116 881 1289 948 nota,
1308 877 1475 951 quod
1503 878 1915 951 supercoeleste
1944 877 2254 951 eloqqum

710 977 797 1031 est
822 971 1261 1031 sublevativum
1299 970 1635 1029 animarum
1679 970 2120 1029 subcoelestium
2149 986 2256 1043 per

708 1065 897 1123 fidem
919 1106 940 1135 ,
983 1081 1150 1139 spem
1180 1105 1200 1136 ,
1255 1080 1522 1122 amorem
1555 1065 1750 1123 :fides
1804 1064 2081 1124 sublevat
2129 1063 2255 1122 vim

708 1158 1124 1219 rationabilem
1143 1177 1161 1230 3
1191 1174 1356 1233 spes,
1382 1158 1774 1231 irascibilem3
1802 1174 1973 1217 amor
1988 1201 2006 1231 ‚
2037 1173 2257 1216 concu-

709 1252 1062 1327 piscibilem.
1120 1254 1200 1310 De
1255 1252 1451 1325 primo
1492 1268 1603 1328 per
1654 1252 2008 1327 Prophetam
2053 1250 2258 1327 psalli-

711 1347 842 1404 tur¹
878 1365 893 1402 ε
928 1365 957 1399 α
993 1348 1232 1404 Gressus
1283 1361 1450 1403 meos
1501 1345 1689 1418 dirige
1747 1345 2077 1403 secundum
2131 1344 2258 1404 elo-

712 1440 922 1515 quium
963 1445 1132 1498 tuum
1177 1457 1193 1496 ε
1236 1461 1265 1494 »
1298 1455 1421 1497 vox
1471 1443 1558 1497 est
1600 1440 1692 1497 vis
1737 1439 2106 1498 rationabilis
2151 1454 2259 1513 ρει·

709 1533 894 1591 fidem
944 1532 1247 1592 sublevari
1299 1532 1630 1608 quaerentis
1690 1535 1769 1591 De
1823 1533 2089 1591 secundo
2144 1548 2252 1607 per

710 1627 1076 1689 psalmistam
1101 1626 1332 1685 canitur
1357 1630 1380 1663 ²
1414 1648 1428 1687 ε
1469 1647 1496 1681 α
1521 1627 1759 1701 Suscipe
1799 1643 1898 1684 me
1925 1625 2260 1684 secundum

712 1721 1020 1796 eloquium
1057 1725 1259 1793 tuum,
1289 1725 1345 1779 et
1389 1721 1590 1780 vivam
1611 1764 1631 1793 ,
1660 1726 1718 1778 et
1758 1736 1884 1779 non
1929 1719 2261 1778 confundas

712 1834 810 1876 me
830 1817 909 1875 ab
934 1815 1338 1891 expectatione
1373 1831 1507 1874 mea
1540 1834 1554 1872 ε
1583 1836 1611 1870 n
1648 1832 1768 1873 vox
1794 1820 1882 1874 est
1907 1814 2221 1874 irascibilis
2238 1858 2257 1887 ,

713 1928 821 1987 per
846 1926 1016 1986 spem
1036 1909 1339 1968 sublevari
1363 1910 1632 1984 petentis.
1655 1912 1734 1967 De
1762 1910 1934 1968 tertio
1961 1908 2025 1967 in
2047 1909 2260 1968 eadem

714 2007 1005 2079 scriptura
1046 2003 1435 2061 conscribitur
1462 2006 1484 2042 ⁸
1526 2022 1541 2061 :
1579 2025 1608 2059 α
1644 2004 1898 2077 Ignitum
1948 2002 2262 2076 eloquium

713 2101 886 2157 tuum
904 2098 1301 2169 vehementer,
1331 2117 1360 2150 ι
1391 2100 1500 2154 etc.
1534 2114 1549 2153 ε
1580 2113 1700 2155 vox
1727 2102 1815 2155 est
1831 2094 2262 2170 concupiscibi-

716 2193 818 2264 lis,
845 2209 954 2269 per
980 2208 1246 2252 amorem
1276 2192 1572 2251 sublevari
1603 2191 1907 2267 cupientis.

1209 2351 1493 2408 Articulus
1529 2355 1774 2423 quartus.

792 2480 1074 2548 Quartum
1122 2477 1448 2548 denotavit,
1496 2493 1635 2535 cum
1680 2475 1829 2534 dixit
1870 2495 1887 2532 ε
1935 2476 2098 2534 Servo
2142 2479 2263 2546 tuo,

722 2670 974 2728 exterius
1008 2668 1273 2728 dilatato.
1325 2671 1392 2726 Et
1430 2668 1789 2733 notandum,
1834 2667 2000 2743 quod
2028 2667 2262 2726 bonum

719 2779 957 2823 servum
996 2766 1230 2837 oportet
1266 2778 1390 2821 esse
1413 2762 1582 2820 'bene
1640 2761 1995 2836 dispositum
2054 2760 2261 2834 quoad

718 2858 1001 2932 seipsum,
1027 2857 1232 2931 quoad
1252 2856 1616 2931 proximum,
1628 2855 1832 2930 quoad
1844 2858 2047 2913 Deum.
2066 2853 2262 2912 Primo

719 2951 907 3010 modo
955 2950 1272 3024 dispositus
1321 2950 1471 3021 erit,
1517 2950 1567 3006 si
1621 2949 1882 3023 seipsum
1936 2948 1998 3005 in
2041 2946 2265 3020 iustitia

722 3043 1158 3116 exercitaverit3
1189 3043 1481 3114 secundo,
1513 3042 1564 3100 si
1591 3042 1897 3116 proximos
1932 3039 2265 3099 aedificave-

720 3139 795 3197 rit
807 3158 827 3211 3
856 3137 1059 3209 tertio,
1096 3136 1145 3196 si
1186 3138 1373 3196 Deum
1413 3134 1849 3209 glorificaverit.
1897 3137 1975 3193 De
2004 3151 2264 3209 quorum

718 3232 915 3307 primo
968 3230 1112 3289 dicit
1155 3229 1648 3304 Psalmographus
1675 3231 1741 3287 *ι
1788 3248 1818 3284 α
1860 3231 2076 3288 Servus
2130 3233 2264 3287 tuus

720 3324 1102 3383 exercebatur
1163 3325 1227 3381 in
1270 3324 1386 3381 tuis
1433 3322 1949 3396 ,iustificationibus
1991 3340 2008 3380 ι
2047 3342 2074 3378 ιο
2127 3338 2264 3381 ecce

718 3435 956 3479 servum
1002 3418 1155 3477 bene
1206 3415 1556 3491 dispositum
1600 3417 1806 3491 quoad
1849 3416 2133 3492 seipsum.
2184 3417 2264 3474 De

718 3512 984 3571 secundo
1012 3511 1269 3585 legimus
1295 3511 1316 3546 ⁸
1348 3529 1362 3568 ε
1400 3529 1428 3565 α
1454 3515 1517 3569 ln
1560 3511 1802 3569 scientia
1842 3526 1951 3568 sua
1981 3509 2266 3582 iustifica-

718 3604 807 3665 bit
853 3606 980 3680 ipse
1027 3605 1219 3678 justus
1266 3620 1471 3664 servus
1519 3619 1689 3662 meus
1740 3603 2007 3662 multos:
2046 3624 2075 3659 s
2126 3618 2265 3661 ecce

717 3714 954 3759 servum
978 3699 1132 3758 bene
1160 3697 1512 3773 dispositum
1548 3698 1754 3773 quoad
1783 3699 2151 3773 proximum.
2183 3699 2263 3755 De

719 3794 890 3852 tertio
935 3793 1077 3851 dicit
1104 3791 1386 3851 Dominus
1411 3793 1434 3827 ⁸
1464 3811 1483 3848 ε
1517 3810 1546 3846 α
1589 3793 1799 3850 Servus
1844 3808 2012 3849 meus
2051 3808 2115 3850 es
2156 3793 2220 3848 tu
2242 3830 2263 3861 ,

720 3887 922 3962 lsrael,
969 3887 1112 3961 quia
1152 3886 1217 3944 in
1264 3891 1321 3944 te
1376 3886 1728 3959 gloriabor:
1775 3908 1804 3942 n
1820 3903 1970 3954 ,ecee
2020 3901 2260 3945 servum

720 3980 874 4040 bene
902 3979 1253 4055 dispositum
1281 3979 1486 4054 quoad
1519 3982 1722 4039 Deum.

1360 4141 1615 4207 Epilogus.

792 4263 885 4322 Ait
931 4277 1076 4335 ergo
1118 4260 1407 4335 Propheta
1430 4302 1451 4334 ,
1497 4259 1979 4319 rectificationem
2023 4260 2265 4318 affectus

719 4357 1048 4425 insinuans,
1076 4355 1139 4412 in
1163 4354 1276 4412 hac
1304 4354 1499 4412 forma
1529 4373 1544 4411 ε
1573 4356 1700 4411 Fiat
1727 4353 2101 4411 misericordia
2130 4360 2228 4412 tua
2244 4396 2263 4424 ‚

722 4449 929 4525 quoad
976 4447 1458 4507 rectificationem
1511 4446 1838 4505 affectionis
1880 4489 1899 4516 ,
1953 4434 2265 4506 contractae

721 4542 965 4602 inferius
986 4555 1098 4617 per
1123 4543 1397 4600 timorem
1414 4560 1433 4614 ς
1470 4544 1539 4598 Ut
1575 4543 1869 4598 consoletur
1908 4557 2020 4610 me,
2059 4540 2266 4616 quoad

718 4636 1200 4697 rectificationem
1249 4635 1378 4707 eJus
1413 4678 1432 4700 ,
1487 4634 1810 4692 constrictas
1863 4634 2107 4693 interius
2159 4650 2267 4710 per

721 4732 1032 4803 dolorem3
1063 4730 1362 4789 Secundum
1387 4731 1658 4800 eloquium
1686 4734 1869 4795 tuum,
1903 4728 2110 4803 quoad
2135 4744 2264 4786 rec·

723 4825 1100 4885 tificationem
1169 4822 1330 4882 illius
1364 4865 1385 4896 ,
1437 4821 1760 4880 sublevatae
1829 4822 2100 4897 superius
2159 4837 2267 4897 ρει·

721 4935 925 4994 spem;
970 4919 1129 4976 Servo
1171 4922 1297 4988 tuo,
1328 4919 1616 4991 quantum
1661 4917 1740 4975 ad
1782 4914 2266 4975 rectificationem

723 5013 906 5087 ipsius
922 5054 942 5085 ,
970 5011 1225 5070 dilatatas
1259 5009 1512 5068 exterius
1538 5025 1645 5084 per
1671 5026 1958 5069 amorem.

789 5188 803 5217 ¹
841 5184 981 5236 Psat.
1015 5184 1142 5245 hoc,
1183 5183 1292 5234 133.
1330 5207 1393 5220 -
1435 5182 1460 5217 ⁸
1490 5180 1642 5246 thid„
1673 5185 1780 5234 116.
1811 5206 1874 5221 ·-
1910 5183 1929 5213 ⁸
1970 5181 2122 5245 ibid„
2157 5184 2266 5234 ¹40.

724 5283 786 5296 —
814 5257 837 5293 ⁸
867 5256 1017 5319 thid„
1048 5257 1127 5306 23.
1161 5281 1224 5293 —
1261 5255 1279 5284 ⁸
1312 5255 1431 5314 Isa„
1464 5264 1593 5316 mn,
1624 5258 1700 5305 11.
1738 5280 1793 5292 -
1829 5253 1853 5289 ⁸
1878 5254 1999 5314 Iso„
2029 5264 2185 5315 xmx,
2213 5256 2263 5305 3.

723 5355 785 5368 -
821 5329 846 5365 ‘¹
883 5329 1005 5392 Iso„
1045 5337 1151 5389 mv,
1191 5327 1239 5375 Ἰ.
1269 5350 1334 5362 -
1373 5324 1391 5356 ·
1419 5323 1597 5388 Eecli„
1645 5335 1835 5387 xxxvl,
1879 5328 1927 5375 1.
1963 5349 2027 5362 -
2063 5326 2083 5356 ⁹
2128 5322 2264 5374 Psal.

727 5414 872 5462 tvm,
904 5402 981 5450 17.

1748 460 2163 529 EXPOSITIO
2207 458 2291 525 IN
2337 456 2867 526 PSALTERIUM.

2891 719 3227 765 vsnstcums
3251 721 3371 764 xm.

2440 882 2529 939 80.
2541 882 2778 938 Veniant
2789 882 2928 937 mihi
2943 883 3315 937 miserationes
3326 884 3452 945 tuoe,
3467 881 3574 935 etc.
3595 880 3907 935 Provectus

2365 973 2609 1030 rationis
2652 972 2730 1031 ad
2778 989 3044 1032 amorem
3088 972 3341 1031 veritatis
3386 970 3641 1030 innotuit
3684 971 3907 1044 inspec-

2365 1066 2526 1124 tione
2555 1068 2913 1141 quaternarii
2941 1067 3364 1143 praecedentis3
3394 1062 3708 1140 provectus
3735 1064 3908 1122 affec-

2365 1160 2542 1218 tionis
2569 1160 2650 1217 ad
2695 1177 2961 1219 amorem
3006 1160 3281 1219 claritatis
3325 1159 3635 1218 innotescit
3676 1159 3906 1232 inspec-

2367 1254 2525 1311 tione
2572 1255 2891 1328 praesentiS.
2943 1253 3286 1312 Provehitur
3327 1258 3523 1312 autem
3564 1252 3793 1312 affectio
3827 1251 3905 1309 ad

2370 1363 2639 1406 amorem
2693 1348 2990 1407 charitatis
3051 1348 3402 1407 vivificantis
3433 1391 3451 1420 ,
3506 1346 3906 1417 fortificantis,

2371 1441 2714 1500 nidificantis
2733 1484 2754 1513 ,
2783 1446 2840 1499 et
2879 1442 3291 1501 sanctificantis
3309 1484 3325 1512 ,
3354 1442 3503 1500 sicut
3544 1445 3706 1516 patet
3730 1441 3792 1498 in
3817 1440 3907 1498 bis

2367 1535 2527 1593 binis
2551 1535 2820 1593 versibus
2859 1536 3206 1599 subnotatis·
3250 1536 3474 1594 Primus
3523 1551 3728 1593 versus
3770 1551 3907 1611 qua-

2371 1628 2797 1688 drimembrem
2827 1630 3035 1703 recipit
3071 1629 3424 1702 sectionem,
3451 1629 3742 1705 quoniam
3768 1629 3905 1687 insi-

2370 1727 2514 1781 nuat
2537 1728 2883 1797 provectum
2921 1723 3245 1782 affectionis
3283 1724 3364 1782 ad
3390 1723 3733 1782 charitatem
3753 1765 3773 1796 ,
3804 1740 3909 1799 per

2368 1816 2669 1891 pietatem,
2691 1817 3047 1892 aequitatem,
3067 1821 3123 1875 et
3149 1817 3473 1876 veritatem.
3504 1816 3727 1875 Veritas
3754 1817 3907 1875 enim

2371 1928 2540 1970 reum
2574 1912 2795 1970 indicat
2811 1933 2828 1985 ;
2871 1913 3116 1987 aequitas
3156 1915 3338 1971 Deum
3378 1911 3679 1984 vindicat;
3727 1912 3908 1987 pietas

2374 2006 2555 2059 Deum
2580 2002 2886 2076 pacificat;
2916 2002 3168 2060 charitas
3200 2018 3372 2060 reum
3398 2001 3678 2060 vivificat.
3708 2002 3908 2076 Expri-

2371 2095 2551 2153 mitur
2599 2112 2741 2169 ergo
2787 2112 2890 2154 ore
2932 2096 3277 2171 prophetico
3325 2096 3576 2154 vivificae
3621 2095 3909 2155 charitatis

2373 2188 2731 2247 desiderium
2754 2232 2773 2261 ,
2807 2188 2891 2247 sic
2934 2188 3191 2247 dicendo
3227 2191 3504 2248 :Veniant
3547 2191 3722 2258 mihi,
3766 2194 3904 2261 etc.;

2374 2283 2546 2357 quasi
2575 2282 2734 2341 dieat
2766 2301 2781 2340 ε
2810 2283 3017 2341 Veniat
3041 2284 3228 2358 pietas
3261 2284 3661 2358 pacificativa‚
3689 2287 3747 2342 et
3772 2284 3907 2341 cha·

2372 2376 2514 2434 ritas
2538 2377 2931 2450 vivificativa3
2963 2378 3103 2453 quia
3129 2364 3416 2453 praevenit
3448 2379 3695 2453 aequitas
3721 2377 3909 2437 vindi·

2374 2469 2564 2529 cativa
2580 2513 2599 2541 ,
2626 2475 2684 2528 et
2708 2472 2922 2530 veritas
2950 2471 3287 2531 indicativa.

2869 2631 3156 2688 Articulus
3190 2634 3420 2703 primus.

2445 2754 2672 2812 Pietatis
2719 2754 3010 2813 adventus
3057 2755 3386 2830 postulatur
3410 2799 3429 2829 ,
3471 2771 3609 2813 cum
3655 2754 3904 2813 dicitur:

2379 2850 2614 2907 Veniant
2637 2849 2775 2904 mihi
2795 2851 3164 2906 miserationes
3189 2854 3323 2915 tum,-
3354 2848 3498 2923 quia
3515 2847 3910 2907 miserationes

2373 2946 2508 3000 sunt
2533 2942 2764 3017 pietatis
2794 2942 3196 3016 operationes3
3234 2943 3342 3000 sed
3382 2942 3756 3017 operationes
3791 2958 3908 3002 non

2377 3035 2619 3094 veniunt
2642 3039 2851 3109 proeter
2892 3035 3185 3110 opificem.
3225 3037 3531 3094 Postulans
3564 3051 3703 3109 ergo
3740 3036 3908 3094 mise-

2372 3130 2622 3189 rationes
2652 3172 2671 3202 ,
2720 3128 3023 3204 postulare
3082 3129 3446 3204 dignoscitur
3502 3129 3795 3206 pietatem.
3851 3132 3912 3189 Et

2373 3228 2549 3298 nota,
2598 3224 2764 3299 quod
2810 3224 2933 3294 ait,
2972 3227 3341 3282 miserationes
3368 3266 3388 3296 ,
3426 3240 3550 3283 non
3588 3224 3908 3283 miseratio-

2372 3335 2541 3390 nem,
2572 3319 2651 3377 ad
2677 3317 3010 3377 notandum
3036 3318 3428 3377 miserationis
3451 3318 3666 3376 divina·
3690 3318 3910 3392 magni-

2373 3415 2666 3486 tudinem,
2695 3413 3169 3484 multitudinem,
3210 3417 3268 3472 et
3305 3413 3714 3473 claritudinem
3735 3455 3752 3484 ,
3783 3431 3910 3488 quae

2373 3513 2734 3567 concernunt
2766 3507 2998 3582 pietatis
3034 3507 3248 3565 divinas
3290 3508 3648 3581 potentiam,
3678 3508 3907 3583 sapien-

2373 3602 2516 3660 tiam
2537 3644 2556 3673 ,
2597 3601 2944 3661 bonitatem.
2996 3606 3072 3659 De
3120 3602 3314 3676 primo
3332 3603 3355 3637 '¹
3385 3619 3401 3659 ε
3439 3622 3466 3656 ι
3493 3605 3559 3660 In
3585 3602 3907 3661 miseratio-

2373 3696 2550 3753 nibus
2578 3696 2809 3769 magnis
2832 3695 3208 3769 congregabo
3231 3699 3284 3753 te
3305 3715 3323 3753 ι
3344 3715 3374 3749 ιο
3399 3712 3536 3754 εεοε
3563 3695 3908 3770 magnitudo

2372 3789 2762 3848 miserationis
2778 3832 2798 3860 ,
2823 3805 3187 3848 concernens
3210 3790 3539 3864 potentiam
3565 3790 3903 3849 miserantis.

2372 3886 2449 3941 De
2483 3883 2745 3942 secundo
2770 3885 2794 3921 ⁸
2824 3903 2839 3941 z
2877 3903 2905 3938 α
2936 3883 3189 3941 Ostende
3232 3883 3409 3940 nobis
3450 3882 3645 3943 lucem
3675 3884 3906 3943 misera·

2370 3979 2602 4037 tionum
2628 3984 2864 4037 tuarum
2896 3997 2910 4038 :
2940 4000 2968 4034 »
3005 3994 3139 4037 ecee
3168 3978 3459 4037 claritudo
3489 3979 3905 4051 miserationis,

2371 4072 2690 4146 respiciens
2718 4072 3069 4147 sapientiam
3095 4071 3446 4132 miserantis.
3478 4075 3557 4130 De
3581 4073 3751 4134 tertio
3777 4074 3908 4132 scri·

2371 4166 2530 4224 bitur
2557 4168 2580 4203 ⁹
2612 4185 2627 4224 :
2676 4184 2706 4220 α
2745 4166 2970 4224 Exaudi
3015 4181 3142 4238 me,
3171 4165 3449 4237 Domine,
3476 4166 3765 4240 quoniam
3806 4166 3907 4224 be-

2372 4260 2556 4332 nigna
2582 4265 2668 4318 est
2693 4259 3102 4318 misericordia
3132 4265 3271 4333 tua;
3302 4259 3630 4319 secundum
3654 4260 3909 4319 multitu-

2373 4354 2578 4412 dinem
2605 4353 3054 4413 miserationum
3095 4358 3329 4413 tuarum
3368 4354 3593 4430 respice
3617 4355 3684 4414 in
3708 4371 3804 4414 me
3830 4373 3846 4413 :
3877 4373 3904 4410 ι

2372 4463 2508 4506 ecce
2551 4447 2866 4506 multitudo
2912 4448 3308 4507 miserationis
3334 4490 3353 4520 ,
3401 4449 3724 4507 bonitatem
3774 4447 3910 4507 insi-

2372 4557 2564 4600 nuans
2593 4540 2941 4600 miserantis·

2843 4700 3132 4757 Articulus
3166 4700 3447 4758 secundus.

2452 4826 2712 4884 Charitas
2748 4826 3008 4884 affectari
3043 4827 3428 4900 dignoscitur,
3459 4843 3598 4886 cum
3632 4829 3909 4904 additur:

2379 4921 2454 4976 Et
2498 4923 2709 4989 υἰυαηις
2759 4919 2901 4995 quia
2941 4919 3206 4995 profecto
3226 4962 3245 4992 ‚
3297 4921 3449 4980 sicut
3490 4922 3787 4982 miseratio
3832 4928 3916 4983 est

2374 5013 2608 5087 pietatis
2653 5013 2919 5088 operatio
2934 5055 2956 5085 ,
3001 5013 3084 5071 sic
3130 5014 3449 5074 vivificatio
3497 5020 3586 5074 est
3625 5017 3918 5077 charitatis

2377 5105 2530 5165 actio
2562 5123 2578 5163 ε
2609 5105 2862 5164 charitas
2886 5123 3148 5182 namque
3182 5108 3424 5167 virtutes
3460 5109 3705 5183 format,
3733 5113 3916 5171 actio·

2374 5215 2482 5257 nes
2508 5199 2803 5271 vivificat,
2843 5200 2967 5259 sine
3010 5217 3133 5276 qua
3168 5200 3341 5260 nulla
3378 5203 3707 5277 meritoria,
3750 5205 3918 5266 nulla

2374 5294 2534 5354 viva.
2564 5297 2631 5352 Et
2655 5297 2828 5366 nota,
2866 5298 2933 5353 ut
2958 5295 3034 5354 de
3058 5295 3262 5353 multis
3295 5295 3593 5356 charitatis
3632 5299 3919 5374 operibus
3942 5320 4125 5368 mu

2376 5387 2654 5461 colligam
2686 5405 2912 5464 pauca,
2938 5389 3107 5464 quod
3133 5388 3384 5451 charitas
3409 5391 3610 5451 vivere
3634 5391 3775 5455 iacit
3807 5395 3914 5456 tti-
3953 5383 4118 5442 ‘¹⁹¹³‘
