4196 6294
1337 489 1418 555 IN
1459 488 2027 557 HEXAEMERON.
2075 493 2335 560 SERMO
2379 494 2536 561 xlx.

342 622 460 688 alis
483 644 501 702 3
530 625 606 687 ut
628 639 748 688 nec
776 624 954 690 sistat
976 625 1174 689 homo
1212 624 1377 689 infra
1405 643 1601 709 quam
1634 629 1839 706 potest
1859 674 1877 706 ,

343 752 462 799 nec
486 735 784 801 ascendat
809 755 1002 821 supra
1029 738 1186 802 illud
1205 785 1220 816 ,
1252 737 1425 820 quod
1451 741 1676 820 potest.
1710 736 1887 803 Sicut

344 844 470 925 illi,
513 843 625 927 qui
662 848 920 909 cantant
947 846 1119 910 ultra
1146 846 1347 925 vires,
1391 864 1728 928 nunquam
1766 846 1881 910 bo·

344 970 498 1016 nam
524 952 762 1016 faciunt
779 953 1183 1018 harmoniam
1202 976 1217 1031 ;
1246 957 1334 1030 et,
1364 955 1437 1017 ut
1455 953 1603 1017 dicit
1631 954 1886 1034 Augus-

343 1060 553 1139 tinuS,
580 1059 710 1139 illi,
750 1061 863 1144 qui
895 1081 1024 1126 non
1055 1061 1351 1126 ordinant
1378 1061 1694 1140 studium,
1737 1065 1887 1126 sunt

346 1167 510 1231 sicut
534 1168 695 1250 pulli
718 1187 1052 1251 equorum,
1080 1170 1188 1252 qui
1219 1168 1408 1233 modo
1435 1174 1707 1233 currunt
1731 1168 1881 1246 huc,

347 1274 536 1338 modo
564 1275 756 1339 illuc:
794 1276 902 1340 sed
924 1280 1297 1359 jumentum
1327 1276 1517 1360 plano
1549 1295 1742 1359 passu
1769 1295 1884 1342 va-

347 1381 458 1445 dit.
489 1380 769 1446 Tantum
797 1384 1044 1466 proficit
1071 1403 1238 1448 unus
1265 1383 1498 1463 duruS,
1539 1384 1886 1448 dummodo

346 1488 595 1553 ordinet
619 1489 904 1555 studium
928 1510 1120 1556 suum
1138 1541 1156 1572 ,
1188 1492 1351 1556 sicut
1379 1492 1760 1573 ingeniosus
1777 1540 1796 1570 ,
1826 1495 1889 1556 et

345 1596 701 1661 inordinate
727 1598 1007 1663 studens,
1041 1599 1162 1677 Qui
1203 1604 1422 1664 autem
1465 1598 1607 1664 vult
1654 1599 1724 1662 in
1767 1597 1889 1661 hoc

351 1704 560 1768 studio
590 1706 924 1787 proficere,
956 1710 1203 1789 oportet
1239 1708 1411 1790 quod
1438 1707 1672 1771 habeat
1698 1724 1887 1769 sanc-

344 1810 584 1875 titatem
602 1861 618 1892 ,
650 1816 724 1876 ut
749 1813 945 1896 possit
971 1814 1225 1879 studere
1267 1815 1349 1878 ad
1396 1813 1756 1878 habendam
1782 1813 1882 1878 vi-

344 1919 476 1981 tam
520 1919 883 1984 timoratam
912 1969 929 2000 ,
982 1921 1386 2004 impollutam
1409 1971 1425 2003 ,
1471 1920 1840 2002 religiosam
1865 1969 1881 2000 ,

345 2024 840 2091 aedificatoriam.
882 2027 1098 2091 Primo
1128 2028 1265 2092 haec
1306 2033 1400 2093 est
1441 2029 1572 2093 vita
1621 2028 1882 2092 Sancto-

346 2150 492 2195 rum
519 2133 815 2199 timorata
834 2183 856 2214 ,
887 2138 960 2198 ιιι
986 2135 1056 2198 in
1081 2135 1221 2214 his,
1253 2153 1399 2218 quae
1431 2135 1603 2217 agit,
1636 2152 1889 2216 semper

345 2238 584 2319 timeat,
615 2241 749 2305 sive
775 2242 1014 2306 vadens
1043 2243 1121 2306 ad
1149 2242 1398 2320 missas,
1430 2241 1565 2306 sive
1594 2240 1674 2305 ad
1703 2259 1884 2305 men-

345 2364 515 2425 sam,
545 2348 680 2412 sive
709 2352 911 2430 stanS,
947 2349 1082 2413 sive
1109 2349 1373 2413 sedens:
1405 2349 1560 2431 quia
1587 2348 1657 2411 in
1685 2349 1892 2412 omni-

343 2454 466 2518 bus
492 2458 696 2538 potest
720 2475 856 2521 esse
886 2461 1238 2539 peccatum.
1262 2457 1280 2491 ¹
1319 2479 1350 2516 (ι
1366 2454 1645 2520 Verebar
1672 2455 1891 2519 omnia

345 2580 538 2644 opera
576 2581 719 2627 mea
738 2612 754 2643 ,
813 2564 1018 2628 sciens
1065 2562 1240 2645 quod
1278 2581 1408 2627 non
1454 2581 1742 2645 parceres
1778 2563 1892 2626 de-

345 2668 680 2751 linquenti.
708 2693 739 2730 »
776 2670 1103 2754 Optimum
1130 2670 1398 2750 signum
1441 2673 1536 2733 est
1563 2671 1794 2748 timor3
1827 2673 1891 2734 et

344 2778 692 2858 pessimum
734 2783 828 2844 est
862 2779 1153 2859 audacia,
1189 2779 1340 2862 quia
1367 2779 1510 2842 talis
1550 2797 1889 2860 nunquam

345 2886 710 2967 corrigitur.
767 2885 1058 2951 Secundo
1105 2886 1238 2951 vita
1286 2886 1621 2969 impolluta
1642 2937 1658 2967 ‚
1717 2888 1889 2970 quod

343 2994 551 3055 totum
573 2994 759 3058 faciat
781 2999 1037 3078 propter
1062 3012 1348 3058 amorem
1370 2993 1505 3073 Dei,
1536 3013 1669 3059 non
1694 3013 1888 3078 prop·

344 3100 442 3162 ter
468 3118 753 3166 amorem
796 3100 1068 3184 alicujus
1096 3101 1219 3182 rei;
1260 3100 1413 3185 quia
1459 3102 1668 3167 omnis
1707 3121 1889 3168 amor

344 3211 672 3290 suspectus
698 3212 828 3288 est,
861 3210 985 3272 nisi
1016 3210 1195 3274 verbi
1223 3208 1354 3274 Dei.
1388 3209 1565 3275 Unde
1588 3210 1737 3274 dicit
1763 3211 1892 3275 Au-

343 3316 669 3395 gustinus‚
703 3320 766 3381 et
801 3315 1165 3380 Bernartius
1195 3316 1266 3379 in
1302 3318 1582 3399 quadam
1626 3318 1890 3400 epistola

346 3421 425 3483 ad
446 3421 790 3503 quemdam
817 3422 1205 3485 monachum
1224 3471 1242 3501 ,
1267 3422 1438 3505 quod
1469 3421 1719 3487 dilectio
1743 3443 1889 3507 apo-

344 3531 655 3595 stolorum
689 3532 758 3595 in
803 3549 1065 3614 corpore
1094 3531 1323 3595 Christi
1356 3532 1740 3614 impediebat
1774 3534 1886 3598 ad-

344 3644 612 3702 ventum
642 3638 915 3722 Spiritus
939 3640 1159 3703 sancti.
1193 3639 1355 3717 Quid
1382 3657 1537 3703 vero
1565 3640 1643 3703 de
1670 3659 1889 3705 amore

346 3747 829 3810 creaturarum?
870 3745 1015 3810 Ideo
1042 3746 1193 3809 dicit
1221 3745 1514 3812 Psalmus
1532 3748 1590 3811 ἐ
1619 3746 1891 3812 «Renuit

347 3853 657 3918 consolari
684 3854 901 3918 anima
926 3870 1070 3916 mea
1095 3901 1113 3932 ,
1134 3875 1164 3912 ι)
1199 3856 1320 3916 etc.
1354 3854 1376 3888 ³
1405 3875 1435 3914 (ι
1462 3852 1716 3918 Custodi
1742 3872 1846 3918 me
1866 3903 1885 3934 ‚

345 3958 643 4042 Domine,
706 3965 779 4025 ut
816 3959 1129 4043 pupillam
1175 3961 1366 4024 oculi.
1399 3983 1429 4020 ι)
1465 3959 1715 4042 Pupilla
1754 3980 1890 4025 non

345 4067 505 4131 bene
534 4067 887 4132 custoditur
914 4066 1154 4130 munda
1171 4114 1188 4145 ,
1236 4066 1494 4149 quando
1531 4070 1627 4130 est
1658 4086 1885 4150 vapor,

346 4175 450 4238 vel
476 4175 732 4259 pulviS,
764 4173 867 4238 vel
894 4174 1132 4237 humor
1170 4174 1238 4236 in
1281 4192 1378 4238 ea.
1424 4172 1672 4253 Tertio,
1716 4176 1889 4257 quod

346 4284 427 4348 sit
461 4284 595 4347 vita
635 4281 939 4364 religiosa
972 4281 1186 4346 clausa
1207 4330 1226 4361 ,
1274 4281 1437 4345 sicut
1483 4281 1759 4345 maceria
1788 4283 1888 4347 vi-

347 4407 484 4455 neae
517 4406 534 4451 ι
564 4391 654 4453 sic
678 4394 964 4472 oportet,
995 4390 1164 4472 quod
1189 4389 1385 4454 homo
1410 4389 1599 4453 faciat
1635 4390 1756 4453 sihi
1781 4409 1885 4455 re-

347 4499 707 4564 strictivum
747 4498 988 4578 linguae
1033 4502 1096 4560 et
1130 4515 1437 4561 sensuum
1482 4501 1883 4561 caeterorum.

349 4604 512 4669 Sane
535 4611 557 4646 ⁶
590 4629 620 4665 α
638 4605 691 4669 si
714 4605 858 4687 quis
882 4607 1061 4687 putat
1079 4623 1148 4669 se
1169 4605 1550 4686 religiosum
1575 4623 1733 4684 esse,
1760 4623 1891 4670 non

346 4715 693 4778 refraenans
736 4712 1035 4792 linguam
1075 4731 1259 4776 suam
1282 4760 1300 4792 ,
1346 4736 1376 4772 n
1429 4718 1548 4777 etc.
1600 4718 1623 4752 ⁸
1670 4735 1701 4772 α
1742 4712 1889 4796 Sepi

347 4840 534 4886 aures
554 4824 696 4884 tuas
714 4820 978 4902 spiniS.»
1003 4817 1147 4883 Vita
1159 4825 1377 4883 nostra
1398 4838 1531 4883 non
1551 4819 1737 4884 debet
1753 4838 1891 4884 esse

347 4928 491 4992 data
530 4926 799 5009 loquelis
824 4975 843 5006 ‚
873 4927 983 4991 sed
1026 4927 1345 5009 lacrymiS.
1389 4928 1627 5005 Quarto
1649 4975 1670 5007 ,
1719 4927 1890 5010 quod

347 5036 430 5099 sit
456 5035 585 5100 vita
615 5034 1022 5114 aedificatoria
1046 5035 1322 5117 proximi
1348 5084 1370 5116 ,
1401 5041 1476 5100 ut
1506 5037 1590 5100 sit
1630 5038 1890 5119 paratus

343 5161 566 5208 omnes
595 5142 911 5207 aediflcare
932 5189 951 5222 ,
982 5146 1045 5204 et
1071 5141 1309 5221 doleat„
1348 5143 1402 5204 si
1437 5145 1581 5225 quis
1625 5162 1711 5208 ex
1753 5144 1888 5226 ipso

345 5249 806 5315 scandalizatur
836 5271 852 5312 :
884 5252 949 5312 et
991 5248 1176 5312 dehet
1203 5266 1428 5314 cavere
1464 5250 1702 5315 damna
1738 5251 1890 5315 alte·

412 5415 424 5444 ¹
452 5411 571 5478 Iob,
600 5424 675 5477 xx,
705 5413 783 5462 28.
811 5437 863 5446 -
892 5411 911 5441 ²
939 5409 1075 5460 Psal.
1111 5421 1291 5471 mavi,
1319 5412 1368 5461 6.
1398 5438 1460 5448 -—
1487 5412 1505 5441 ³
1533 5411 1668 5463 Psal.
1698 5424 1806 5474 xvr,
1838 5415 1887 5464 8.

344 5511 407 5524 -
437 5485 459 5519 ⁴
484 5487 611 5544 lac„
644 5497 690 5548 ι,
718 5487 797 5534 26.
829 5508 890 5521 -
915 5483 938 5518 ⁸
964 5480 1146 5545 Eccti„
1177 5493 1378 5546 xxvm,
1415 5485 1494 5536 28.
1524 5508 1586 5521 —
1623 5485 1642 5514 ⁶
1669 5484 1800 5548 Cic„
1826 5486 1887 5534 de

3422 510 3538 573 125

1992 627 2158 706 rius,
2189 630 2342 712 quia
2368 631 2423 693 si
2451 647 2576 712 ego
2605 629 2777 696 solus
2801 632 2965 698 bene
3001 626 3435 721 comederem,
3474 648 3539 708 et

1992 734 2096 797 alii
2119 738 2518 818 jejunarent,
2547 738 2956 804 malefactum
2980 747 3167 808 esset.
3197 744 3278 810 Et
3302 747 3421 812 iste
3442 755 3540 814 est
3600 762 3778 817 Sapien-

1993 842 2240 906 fructus
2266 844 2561 910 aliorum.
2594 845 2755 911 Item
2779 848 3070 931 sequitur
3098 869 3182 915 ex
3206 853 3340 934 his,
3376 857 3535 919 scili·
3564 824 3775 932 ‘i'ssinff'

1993 955 2090 1014 cet
2116 969 2199 1014 ex
2226 952 2486 1016 scientia
2502 958 2565 1018 et
2592 956 2947 1036 sanctitate,
2983 959 3270 1024 studium
3297 964 3540 1045 sapien·
3577 960 3765 1062 Ψξξξζ

1992 1055 2125 1136 tiae,
2157 1059 2327 1139 quod
2357 1062 2642 1126 consistit
2661 1062 2729 1125 in
2758 1068 3062 1145 quatuor,
3087 1085 3236 1149 quae
3253 1074 3404 1133 sunt
3435 1090 3541 1136 ne-
3566 1031 3674 1074 ”qu
3752 1048 3765 1063 ’

1994 1165 2287 1243 cessaria,
2322 1166 2554 1231 scilicet
2582 1173 2640 1232 1.
2671 1170 3025 1251 recognitio
3050 1172 3451 1241 internorum
3479 1183 3542 1243 et

1993 1276 2406 1336 externorum
2427 1273 2807 1340 defectuum.
2829 1275 3009 1341 Unde
3033 1277 3104 1341 in
3122 1280 3329 1345 fronte
3352 1284 3538 1367 Apol-

1993 1378 2142 1441 linis
2182 1380 2488 1462 scriptum
2536 1388 2671 1447 erat
2707 1391 2729 1424 ⁸
2782 1406 2798 1447 z
2842 1406 2872 1444 α
2915 1383 3323 1467 Recognosce
3374 1392 3532 1473 teip-
3708 1465 3717 1473 ,

1994 1504 2141 1549 sum
2156 1533 2177 1566 ,
2210 1510 2241 1546 n
2280 1489 2432 1570 quia
2459 1490 2594 1553 sine
2631 1491 2753 1555 hoc
2779 1490 3174 1573 impossibile
3202 1497 3300 1577 est
3339 1495 3537 1561 deve·
3563 1466 3680 1569 ζῷ’.
3704 1475 3774 1519 Ψ

1993 1595 2133 1658 nire
2186 1596 2264 1659 ad
2321 1596 2715 1679 sapientiam.
2774 1597 2953 1663 Unde
2999 1603 3238 1682 quanto
3289 1603 3538 1683 sapiens

1994 1700 2140 1782 plus
2178 1704 2466 1785 proficit,
2519 1709 2693 1770 tanto
2736 1705 2882 1789 plus
2918 1724 2986 1770 se
3036 1707 3317 1791 despicit.
3361 1708 3537 1776 Unde

1995 1810 2201 1873 malus
2226 1815 2538 1875 mercator
2560 1816 2679 1891 est,
2709 1814 2819 1896 qui
2851 1832 2919 1878 se
2942 1815 3211 1897 decipit:
3244 1817 3415 1899 quod
3443 1820 3538 1882 fa-

1995 1916 2107 1995 cit,
2142 1918 2254 2000 qui
2283 1937 2350 1982 se
2377 1920 2768 2001 appretiatur
2808 1921 3154 2006 plusquam
3182 1924 3350 1989 valet
3380 1944 3396 1988 ε
3428 1927 3538 1992 sed

1994 2022 2153 2087 alios
2178 2025 2540 2107 appretiari,
2564 2030 2628 2090 et
2644 2045 2711 2090 se
2729 2027 3072 2110 despicere,
3103 2029 3224 2094 hoc
3252 2034 3350 2095 est
3368 2033 3542 2115 prin·
3613 2056 3780 2100 rusia

1996 2132 2451 2213 cipalissimum
2480 2134 2763 2199 studium
2788 2136 3134 2217 sapientiae,
3162 2142 3235 2201 ut
3251 2139 3373 2202 sibi
3402 2159 3542 2222 per·
3567 2130 3657 2223 ἓξ,
3682 2131 3780 2224 3¹5³:

1995 2239 2255 2303 suadeat
2283 2240 2479 2304 homo
2507 2259 2657 2304 suos
2682 2241 2960 2306 defectus
2980 2292 2997 2322 ‚
3026 2247 3090 2307 et
3125 2246 3238 2308 flat
3277 2246 3541 2312 humilis
3567 2255 3775 2348 3223:

1996 2340 2063 2403 in
2093 2342 2291 2406 oculis
2319 2344 2473 2407 suis,
2521 2343 2885 2409 Secundum
2928 2347 3207 2411 studium
3239 2353 3334 2413 est
3361 2352 3542 2415 casti-

1999 2448 2177 2528 gatio
2207 2451 2603 2531 passionum,
2641 2469 2789 2534 quae
2819 2456 2971 2516 sunt
2999 2459 3242 2536 septem
3271 2458 3541 2523 affectio-

1997 2572 2115 2619 nes
2137 2557 2371 2621 animae
2393 2605 2409 2635 ‚
2436 2562 2712 2641 quatuor
2740 2559 3118 2641 principales
3143 2611 3160 2642 ‚
3190 2566 3253 2626 et
3273 2567 3402 2629 tres
3428 2585 3541 2630 an-

1999 2681 2182 2727 nexae
2197 2712 2214 2744 ,
2248 2664 2483 2729 scilicet
2507 2667 2723 2747 timor,
2755 2666 2956 2748 dolor,
2988 2687 3153 2751 speS,
3191 2673 3534 2754 gaudium,

1997 2771 2403 2852 desiderium,
2437 2775 2842 2855 verecundia,
2874 2776 3116 2841 odium.
3151 2778 3220 2841 ln
3243 2782 3540 2848 omnibus

1997 2878 2098 2942 his
2126 2881 2444 2964 contingit
2483 2884 2809 2948 excedere.
2840 2882 3010 2949 Puer
3044 2886 3215 2950 enim
3228 2934 3250 2967 ,
3282 2891 3537 2970 quando

1996 2989 2190 3054 nimis
2217 2991 2482 3072 clamat,
2524 2993 2979 3080 compescitur;
3021 2996 3111 3060 sic
3142 2995 3339 3062 homo
3383 3019 3533 3065 cen-

1998 3115 2154 3162 sura
2181 3101 2462 3183 quadam
2496 3101 2780 3184 judiciali
2811 3102 2998 3167 debet
3045 3104 3305 3172 domare
3334 3111 3397 3174 et
3432 3126 3538 3175 re-

1997 3206 2316 3289 stringere
2359 3209 2729 3292 hujusmodi
2769 3210 3128 3292 passiones,
3178 3218 3254 3279 ut
3281 3217 3538 3298 quando

1997 3315 2176 3378 venit
2202 3316 2401 3396 dolor,
2435 3316 2681 3381 dicatur
2706 3316 2828 3380 sibi
2860 3337 2942 3406 :J
2965 3318 3076 3384 Sta
3102 3319 3172 3383 in
3199 3341 3349 3404 pace
3367 3344 3385 3402 ;
3406 3347 3437 3383 υ
3476 3330 3540 3389 et

1998 3420 2088 3484 sic
2113 3421 2191 3486 de
2220 3423 2360 3486 aliis
2376 3445 2392 3502 ;
2423 3426 2488 3487 et
2519 3424 2875 3506 praesertim
2903 3425 3092 3491 debet
3115 3427 3403 3494 deserere
3449 3433 3535 3495 is-

1998 3531 2093 3591 tas
2122 3529 2502 3611 principales
2534 3533 2596 3594 et
2621 3532 2896 3612 pueriles
2924 3533 3306 3600 affectiones,
3344 3537 3537 3603 Pueri

1999 3635 2172 3697 enim
2190 3635 2579 3700 insecutores
2601 3641 2754 3701 sunt
2778 3640 3170 3721 passionum.
3201 3665 3232 3704 α
3253 3643 3539 3711 Maledic-

1998 3745 2103 3806 tus
2129 3743 2302 3807 enim
2320 3743 2343 3778 ⁷
2371 3761 2531 3825 puer
2553 3747 2810 3808 centum
2838 3763 3224 3811 annorum.»
3253 3748 3537 3817 Tertium

1998 3849 2282 3913 studium
2330 3853 2428 3914 est
2470 3850 2782 3915 ordinatio
2834 3852 3317 3934 cogitationum.
3360 3857 3539 3925 Unde

1998 3957 2305 4040 scriptum
2333 3963 2463 4039 est,
2491 3959 2663 4042 quod
2689 3964 2712 3999 ⁸
2751 3983 2782 4021 α
2801 3959 3033 4024 stultus
3059 3979 3174 4044 per
3201 3963 3540 4031 fenestram

1998 4066 2301 4149 prospicit
2345 4066 2417 4130 in
2462 4067 2729 4130 domum
2768 4066 3064 4148 proximi.
3093 4091 3125 4128 1>
3161 4069 3238 4134 Et
3264 4070 3403 4137 haec
3445 4079 3540 4139 est

1999 4173 2126 4253 maj
2134 4190 2208 4236 or
2252 4172 2592 4237 difficultas
2619 4173 2914 4238 ordinare
2940 4175 3386 4257 phantasmata
3421 4200 3538 4247 no-

1999 4285 2152 4361 stra,
2185 4284 2279 4358 ut,
2312 4281 2570 4363 qnando
2599 4299 2826 4346 sumus
2851 4282 2921 4344 in
2941 4284 3224 4366 ecclesia,
3253 4288 3346 4351 nil
3373 4293 3540 4372 cogi-

1999 4391 2210 4451 temus
2254 4387 2375 4450 nisi
2411 4388 2490 4451 de
2515 4387 2722 4452 officio
2750 4392 2996 4468 nostro;
3029 4396 3092 4455 et
3117 4393 3207 4457 sic
3233 4395 3312 4458 de
3339 4396 3481 4461 aliis
3516 4420 3533 4461 z

2000 4498 2066 4557 et
2090 4493 2442 4558 necessario
2470 4498 2716 4576 oportet
2741 4494 3040 4561 ordinare
3065 4498 3182 4562 has
3207 4503 3539 4584 cogitatio-

1999 4620 2114 4666 nes
2142 4602 2221 4666 ad
2247 4602 2404 4682 hoc,
2431 4602 2602 4685 quod
2626 4600 2904 4684 Spiritus
2930 4609 3182 4670 sanctus
3205 4608 3400 4673 intret
3425 4630 3541 4693 per

2000 4710 2410 4793 sapientiam;
2457 4710 2610 4792 quia
2631 4710 2654 4744 ⁹
2690 4732 2721 4769 α
2750 4709 3024 4792 Spiritus
3060 4720 3315 4779 sanctus
3351 4718 3535 4782 disci-

1998 4817 2191 4900 plinae
2213 4817 2481 4898 effugiet
2497 4817 2740 4897 fictum,
2767 4818 3085 4882 etaut'eret
3107 4819 3186 4903 (α)
3210 4840 3277 4886 se
3301 4843 3340 4887 a
3356 4827 3535 4908 cogi-

2001 4924 2345 4988 tationibus
2383 4942 2529 5006 quae
2572 4928 2725 4987 sunt
2767 4925 2905 4988 sine
2950 4926 3296 4994 intellectu.
3327 4955 3357 4991 u
3390 4932 3538 5000 Ideo

1999 5036 2246 5114 oportet
2287 5032 2523 5095 habere
2561 5036 2765 5095 certas
2806 5033 3103 5097 materias
3119 5083 3136 5113 ,
3180 5036 3340 5101 circa
3379 5057 3541 5121 quas

2000 5157 2119 5203 nos
2144 5156 2577 5202 exerceamus.
2609 5138 2920 5215 Quartum
2943 5139 3226 5205 studium
3254 5148 3349 5207 est
3369 5146 3538 5211 desi-

1999 5247 2157 5311 derii
2193 5246 2619 5312 sursumactio
2651 5268 2666 5309 ε
2697 5247 2821 5311 hoc
2852 5247 3002 5313 facit
3039 5249 3165 5315 alia
3189 5254 3399 5320 studia
3424 5275 3541 5323 va-

1999 5409 2195 5480 Leqib.,
2230 5409 2321 5460 lib.
2364 5411 2411 5472 1,
2447 5410 2503 5460 in
2534 5409 2624 5461 fln.
2645 5437 2709 5448 —
2737 5412 2754 5443 ⁷
2781 5411 2904 5474 Iso..
2938 5423 3059 5479 uxr,
3095 5418 3177 5468 20.
3209 5444 3271 5458 —
3313 5423 3331 5452 ⁸
3358 5421 3538 5489 Eccli„

2000 5494 2113 5546 xxi,
2140 5483 2220 5533 26.
2251 5508 2312 5519 —
2332 5482 2355 5519 ⁹
2378 5482 2526 5548 Sap„
2560 5495 2600 5548 ι,
2621 5485 2670 5534 5.
2705 5509 2767 5521 -
2799 5483 2870 5549 (α)
2899 5485 2984 5536 ΑΙ.
3014 5487 3196 5542 aufert.
