4196 6294
761 449 882 510 418

753 580 998 654 igneum
1042 580 1440 640 intruduntur.
1500 581 1972 652 confunduntur,
2020 581 2291 656 inquam,

750 688 861 748 per
884 674 1210 733 humanam
1234 674 1575 750 patientiam
1589 696 1606 748 ;
1641 674 1973 734 illuduntur
2011 690 2123 750 per
2148 673 2295 731 divi·

750 785 892 827 nam
920 771 1267 829 sententiam
1281 790 1298 843 ς
1327 771 1710 830 intruduntur
1728 787 1835 846 per
1859 773 2138 828 aeternam
2173 768 2288 825 mi-

748 865 985 923 seriam.
1025 869 1100 923 De
1128 866 1320 939 primo
1350 867 1367 900 ¹
1399 885 1415 924 ε
1451 885 1481 921 α
1520 866 1761 942 Respice
1808 868 2050 925 cunctos
2088 880 2290 939 super-

745 958 880 1032 boS,
911 962 968 1017 et
994 959 1288 1018 confunde
1328 977 1450 1019 eos,
1481 981 1511 1016 n
1556 960 1650 1019 Sic
1676 960 1898 1018 faciunt
1925 960 2108 1018 sancti
2136 974 2288 1016 mar·

744 1052 903 1126 tyres
932 1057 1297 1112 accusatores
1312 1071 1489 1112 suos:
1522 1070 1656 1112 ecce
1677 1054 1967 1129 superbos
1984 1051 2282 1111 confusos.

744 1148 822 1205 Dc
850 1148 1147 1206 secundo¹
1180 1167 1194 1205 τ
1227 1171 1253 1199 α
1288 1149 1487 1207 Illusio
1518 1153 1574 1207 et
1610 1149 2040 1223 improperium
2079 1162 2284 1221 super-

741 1239 980 1313 borum,
1004 1234 1066 1299 'et
1090 1242 1369 1313 vindicta,
1400 1243 1549 1301 sicut
1573 1244 1670 1301 leo
1711 1242 2035 1307 insidiatur,
2069 1263 2095 1293 ι)
2132 1240 2284 1299 scili-

741 1336 834 1391 cet
859 1334 921 1392 in
943 1334 1147 1393 divino
1197 1336 1424 1408 judicio
1456 1332 1479 1393 ἐ
1513 1353 1647 1395 ecce
1703 1336 1994 1410 superbos
2049 1334 2276 1393 illusos,

739 1429 817 1485 De
846 1429 1012 1486 tertio
1043 1430 1065 1465 ⁸
1097 1449 1110 1487 :
1144 1449 1174 1483 ε(
1202 1434 1343 1488 Ecce
1378 1429 1505 1487 dies
1526 1430 1724 1489 veniet
1768 1444 2069 1499 succensa,
2110 1432 2279 1503 quasi

739 1521 1029 1595 caminuS,
1050 1525 1107 1580 et
1125 1529 1296 1580 erunt
1324 1539 1531 1581 omnes
1567 1523 1831 1597 superbi,
1863 1528 1921 1580 et
1943 1537 2150 1581 omnes
2189 1521 2276 1581 fa-

734 1615 951 1674 cientes
975 1616 1343 1691 iniquitatem
1388 1616 1627 1691 stipula,
1672 1620 1728 1674 et
1752 1616 2148 1674 inflammabit
2175 1633 2276 1674 eos

718 1707 861 1769 dies
888 1709 1153 1781 veniens,
1184 1729 1212 1763 n
1238 1708 1456 1766 scilicet
1501 1708 1625 1766 dies
1656 1709 1986 1767 calimitatis
2014 1713 2071 1768 et
2097 1710 2274 1766 mise-

731 1801 833 1862 riae
863 1820 879 1860 ε
911 1818 1045 1860 ecce
1073 1802 1361 1876 superbos
1390 1803 1452 1860 in
1475 1802 1775 1860 caminum
1809 1802 1964 1877 ignis
1991 1802 2269 1862 intrusos,

1208 1961 1485 2017 Articulus
1510 1961 1790 2017 secundus.

798 2085 1091 2153 Quantum
1130 2083 1210 2141 ad
1242 2082 1571 2141 secundum
1606 2083 1940 2156 articulum,
1979 2083 2220 2142 additur
2249 2102 2264 2140 ε

726 2177 870 2246 Quia
900 2177 1122 2249 injuste,
1156 2178 1271 2235 hoc
1300 2180 1404 2249 est,
1449 2178 1670 2250 injusto
1705 2177 1907 2251 judice
1944 2178 2264 2236 mediante.

723 2272 910 2332 Judex
935 2273 1041 2330 iste
1081 2273 1256 2346 igitur
1290 2272 1412 2346 agit
1451 2273 1685 2346 injuste,
1729 2278 2014 2347 tanquam
2047 2274 2265 2346 magis-

722 2372 810 2425 ter
836 2366 1148 2440 injustitiae,
1177 2370 1279 2424 aut
1294 2365 1524 2424 adulter
1540 2366 1796 2440 justitiae,
1834 2367 2122 2441 quoniam
2171 2366 2262 2424 in-

715 2460 995 2533 J‘ustitiam
1024 2459 1393 2531 determinat,
1423 2464 1525 2517 aut
1554 2459 1840 2533 justitiam
1877 2460 2256 2518 contaminat.

548 2570 695 2614 iudex
723 2557 787 2612 Et
812 2557 950 2612 nota
968 2553 1042 2611 de
1070 2554 1287 2628 injusto
1307 2553 1529 2627 judice,
1553 2553 1721 2628 quod
1748 2553 2051 2628 tripliciter
2068 2556 2261 2627 potest

479 2630 693 2689 injustus.
718 2648 929 2722 injuste
957 2663 1152 2721 agere,
1183 2651 1473 2721 quantum
1499 2647 1579 2705 ad
1615 2650 1962 2723 potestatem
1997 2648 2255 2720 judicia-

716 2742 887 2810 riam,
917 2745 1205 2816 quantum
1234 2741 1313 2799 ad
1335 2740 1642 2813 iustitiam,
1693 2744 1984 2816 quantum
2036 2741 2119 2799 ad
2165 2742 2255 2798 in-

707 2836 991 2909 justitiam
1021 2854 1036 2893 :
1070 2852 1147 2910 qo
1162 2836 1216 2892 ia
1241 2837 1434 2909 potest
1459 2834 1670 2908 injuste
1716 2838 2063 2910 potestatem
2098 2851 2258 2893 assu·

710 2947 872 2988 mere
885 2951 903 3003 ;
935 2935 1128 3005 potest
1165 2930 1757 3003 justitiam-vendere
1782 2950 1799 3000 ;
1828 2932 2023 3005 potest
2071 2928 2255 3002 injus-

708 3024 896 3082 titiam
915 3022 1206 3097 judicare.
1243 3026 1321 3081 De
1361 3021 1597 3098 primo⁸
1632 3042 1645 3079 :
1682 3044 1710 3076 «
1740 3024 1848 3092 Qui
1903 3026 2251 3096 potestatem

707 3118 820 3176 sibi
873 3117 1115 3176 assumit
1167 3116 1401 3192 injuste,
1454 3117 1689 3175 odietur
1716 3139 1742 3169 n
1780 3136 1798 3172 :
1844 3131 1978 3174 ecce
2034 3116 2252 3189 injusta

706 3212 1047 3285 assumptio.
1120 3215 1196 3269 De
1251 3210 1515 3270 secundo
1543 3212 1565 3247 ⁸
1595 3229 1610 3267 ε
1648 3228 1677 3264 α
1724 3211 1835 3279 Qui
1889 3214 2125 3268 acervat
2178 3225 2250 3268 ex

703 3306 905 3363 animo
934 3321 1042 3363 suo
1072 3305 1306 3378 injuste,
1334 3304 1467 3362 aliis
1491 3309 1813 3378 congregat
1822 3323 1841 3376 ;
1872 3304 1956 3361 sic
2002 3303 2243 3376 faciunt,

703 3397 807 3473 qui
823 3398 1107 3471 justitiam
1133 3398 1439 3456 vendunt:
1477 3417 1507 3453 υ
1539 3414 1671 3455 ecce
1695 3398 1929 3471 justitiae
1955 3397 2241 3454 venditio.

702 3492 779 3548 De
805 3492 974 3549 tertio
1002 3494 1025 3528 ⁸
1056 3511 1070 3549 :
1107 3512 1135 3546 α
1162 3495 1289 3550 Non
1315 3491 1494 3549 facies
1513 3491 1682 3567 quod
1704 3491 1977 3566 iniquum
2001 3495 2107 3562 est,
2132 3506 2244 3548 nec

698 3584 908 3659 injuste
930 3584 1228 3659 judicabis
1258 3603 1274 3643 t
1305 3605 1334 3640 u
1367 3584 1464 3642 hic
1492 3585 1841 3660 prohibetur
1867 3585 2084 3658 injusta
2116 3599 2242 3643 me-

697 3677 928 3737 ditatio,
1553 3677 1559 3685 ’

1193 3753 1470 3807 Articulus
1511 3752 1723 3808 tertius.

762 3867 1057 3935 Quantum
1104 3865 1183 3923 ad
1226 3864 1481 3936 tertium,
1529 3864 1847 3922 scribitur:
1884 3868 2236 3939 iniquitatem

690 3961 929 4027 fecerunt
952 3962 1013 4015 in
1038 3974 1149 4031 me,
1178 3957 1290 4033 ipsi
1326 3956 1516 4032 iniqui
1553 3961 1975 4032 persecutoreS,
2007 3964 2237 4018 senten-

691 4049 783 4107 tiae
809 4051 1040 4109 effectui
1065 4051 1469 4127 mancipantes
1514 4051 1919 4110 sententialem
1967 4069 2231 4127 poenam,

494 4163 661 4220 iniqu-
687 4160 792 4202 seu
818 4144 1113 4219 poenalem
1140 4144 1510 4202 sententiam.
1558 4148 1626 4201 Et
1677 4148 1841 4215 nota,
1895 4147 2062 4220 quod
2117 4147 2230 4203 ini-

445 4225 660 4333 ‘gina’-
687 4238 878 4311 quitas
916 4238 1250 4296 executoria
1297 4237 1531 4296 videtur
1584 4236 1901 4311 tripartita,
1954 4223 2234 4298 videlicet¹

460 4350 639 4406 rapax,
685 4330 965 4403 ablativa,
996 4331 1358 4402 translativa,
1385 4330 1629 4403 illativa,
1676 4330 2003 4389 secundum
2059 4335 2227 4407 quod

683 4425 925 4498 punitur
983 4425 1277 4500 quispiam
1322 4428 1611 4498 quantum
1681 4424 1762 4482 ad
1814 4426 2223 4500 substantiam,

682 4519 778 4576 vel
804 4518 1076 4592 patriam,
1102 4517 1198 4575 vel
1220 4533 1559 4592 personam.
1600 4520 1678 4574 De
1709 4519 1903 4592 primo
1930 4520 1953 4556 ⁷
1982 4539 1997 4578 ε
2032 4541 2063 4574 α
2092 4524 2225 4580 Nes-

680 4612 908 4671 cierunt
922 4617 1147 4670 rectum
1173 4611 1388 4684 facere,
1420 4610 1561 4669 dicit
1597 4611 1898 4684 DominuS,
1935 4614 2222 4674 thesauri-

675 4708 870 4763 zante‘s
890 4705 1283 4779 iniquitatem,
1315 4709 1371 4763 et
1388 4705 1660 4779 rapinam
1681 4706 1742 4763 in
1761 4706 1987 4764 sedibus
2006 4708 2128 4766 suis
2151 4728 2166 4765 ε
2186 4733 2214 4762 »

674 4814 809 4857 ecce
837 4798 1115 4873 iniquitas
1142 4798 1421 4856 ablativa.
1469 4802 1547 4857 De
1576 4799 1869 4872 secunde,
1913 4801 2018 4858 ubi
2074 4803 2218 4861 dici-

673 4895 766 4950 tur
784 4893 858 4951 de
888 4891 1178 4965 praedictis
1204 4892 1523 4967 iniquitatis
1549 4894 1829 4952 ministris
1856 4895 1915 4952 ⁸:
1952 4916 1980 4950 α
1998 4898 2216 4956 Lassati

670 4999 874 5042 snmus
908 4987 971 5044 in
995 4987 1095 5043 via
1121 4986 1463 5060 iniquitatis,
1494 4991 1551 5044 et
1599 4988 1948 5061 perditionis
1975 5009 1991 5047 z
2014 5011 2043 5045 n
2076 5007 2211 5051 ecce

667 5078 943 5153 iniquitas
996 5079 1354 5138 translativa.
1414 5083 1492 5138 De
1543 5082 1713 5139 tertio
1751 5084 1775 5118 ⁹
1823 5101 1837 5140 ε
1876 5101 1904 5137 α
1930 5084 2212 5159 Iniquitas

731 5228 743 5256 ¹
772 5224 881 5288 lob,
909 5237 996 5289 xz,
1027 5229 1075 5278 6.
1099 5253 1162 5264 -
1185 5228 1209 5262 ²
1235 5226 1408 5289 Eccli„
1442 5239 1616 5291 xxvn,
1647 5230 1792 5279 31.—
1833 5231 1851 5260 ³
1886 5230 2097 5295 Malae„
2134 5245 2207 5297 ιν,

667 5298 713 5348 1.
735 5321 799 5334 -
823 5299 847 5333 ⁴
872 5298 1049 5361 Eccli„
1082 5309 1181 5359 xx,
1211 5301 1259 5348 8.
1293 5325 1356 5337 —
1388 5301 1406 5330 ⁸
1440 5299 1619 5361 Ecclt'„
1661 5311 1766 5363 xlv,
1795 5303 1846 5364 4,
1876 5327 1938 5338 —-
1971 5304 1991 5333 ⁸
2026 5305 2205 5368 Levit„

663 5380 785 5433 xlx,
847 5372 923 5419 ¹5.
960 5394 1024 5408 —
1067 5371 1082 5399 ⁷
1121 5372 1291 5427 Amos.
1335 5382 1425 5432 111,
1470 5374 1546 5419 ¹0.
1590 5393 1653 5409 -·-
1699 5373 1717 5401 ⁸
1762 5372 1905 5436 Sap„
1953 5386 2001 5432 ν,
2046 5378 2093 5424 7.
2144 5401 2205 5413 -

1805 444 2221 512 EXPOSITIO
2266 441 2348 507 ΙΝ
2390 441 2916 512 PSALTERIUM.

2415 580 2665 638 surrexit
2711 581 2773 639 in
2800 583 3032 656 virgam
3058 586 3372 661 impietatis
3402 610 3419 649 ε
3450 612 3480 649 »
3513 609 3647 656 ecce
3670 598 3952 676 iniquitas

2403 671 2649 731 illativa.

2898 752 3175 810 Articulus
3211 761 3458 827 quartus.

2473 862 2766 930 Quantum
2815 865 2895 922 ad
2953 874 3250 945 quartum,
3306 873 3693 937 subscribitur
3758 901 3773 939 :
3827 886 3943 957 Bao

2401 960 2580 1012 autem
2625 960 2898 1015 exercebor
2937 962 2998 1017 in
3040 965 3316 1054 mandatis
3357 972 3468 1025 tuis
3477 989 3495 1042 3
3546 974 3715 1045 quasi
3744 975 3936 1035 dicat:

2398 1050 2526 1105 Non
2557 1052 2875 1110 exercebor
2901 1053 3076 1112 minis
3103 1060 3421 1130 tyrannicis
3432 1081 3450 1134 ;
3480 1063 3585 1120 sed
3621 1069 3939 1128 exercebor

2396 1141 2459 1198 in
2487 1144 2786 1202 mandatis
2818 1145 3132 1206 dominicis
3163 1170 3177 1208 :
3219 1168 3342 1210 non
3370 1158 3624 1216 verebor
3651 1159 3812 1233 leges
3852 1164 3935 1221 in-

2393 1234 2668 1310 feriore83
2722 1239 2826 1295 sed
2877 1243 3193 1301 reverebor
3225 1249 3594 1320 superiores.
3655 1257 3721 1311 Et
3772 1261 3931 1329 nota,

2351 1384 2356 1387 ,
2394 1329 2560 1401 quod
2588 1332 2868 1390 mandata
2897 1335 3146 1393 moralia
3191 1345 3326 1397 sunt
3354 1341 3543 1402 edicta
3582 1346 3927 1424 imperialia,
3954 1367 4166 1436 managa

2391 1423 2628 1494 publice
2687 1428 3084 1501 promulgata,
3169 1433 3501 1495 authentice
3568 1440 3925 1517 confirmata,
3951 1428 4158 1469 “¹⁰¹‘⁸¹¹⁸·

2387 1517 2633 1589 pacifice
2690 1522 3002 1581 observata
3031 1543 3045 1581 ε
3098 1530 3476 1602 promulgata
3530 1536 3925 1607 proculdubio

2387 1612 2658 1684 angelico
2687 1615 3008 1675 ministerio
3024 1638 3043 1687 ς
3076 1620 3425 1682 confirmata
3461 1640 3600 1686 vero
3632 1629 3923 1690 dominico

2386 1705 2724 1776 magisterio
2745 1728 2762 1780 ;
2796 1709 3109 1770 observata
3125 1719 3427 1787 postremo
3449 1720 3739 1781 catholico
3761 1741 3923 1783 exer-

2385 1795 2541 1855 citio.
2576 1800 2652 1856 De
2672 1799 2868 1873 primo
2895 1820 3001 1877 per
3027 1806 3391 1867 Psalmistam
3433 1812 3645 1872 dicitur
3665 1816 3708 1851 ¹⁰
3737 1833 3753 1872 ε
3784 1837 3811 1871 «
3842 1821 3920 1876 'ru

2381 1890 2676 1948 mandasti
2689 1912 2706 1964 3
2723 1914 2751 1947 ι)
2782 1895 3002 1955 scilicet
3019 1900 3414 1961 mediantibus
3437 1907 3664 1979 angelis
3671 1929 3692 1980 3
3715 1928 3745 1963 α
3764 1927 3919 1970 man·

2382 1981 2523 2042 data
2561 1988 2663 2043 tua
2691 1989 2969 2047 custodiri
3011 1992 3187 2051 nimis
3218 2014 3233 2051 z
3263 2016 3290 2050 ι)
3327 2013 3462 2056 ecce
3490 2002 3759 2074 angelica
3782 2021 3917 2079 pro-

2377 2078 2687 2151 mulgatio·
2707 2083 2782 2140 De
2802 2085 3061 2144 secundo
3075 2103 3183 2160 per
3194 2091 3545 2164 prophetam
3557 2096 3825 2168 psallitur
3842 2099 3876 2133 ¹²
3892 2118 3909 2155 ε

2381 2192 2410 2223 «
2438 2172 2662 2231 Fidelia
2727 2176 3005 2237 mandata
3063 2181 3210 2255 ejuS,
3242 2202 3269 2238 »
3300 2185 3518 2245 scilicet
3556 2188 3760 2247 Christi
3802 2192 3911 2248 Do-

2373 2264 2520 2321 mini
2546 2272 2601 2325 et
2626 2270 2880 2342 Magistri
2909 2273 3152 2346 nostri,«
3177 2278 3522 2337 confirmata
3549 2280 3611 2338 in
3641 2285 3912 2342 soeculum

2372 2359 2568 2417 saeculi
2600 2378 2668 2417 ε»
2701 2379 2837 2422 ecce
2867 2364 3167 2427 dominica
3195 2373 3583 2432 confir-matie.
3619 2379 3694 2434 De
3741 2379 3903 2436 tertio

2370 2468 2480 2526 per
2505 2455 2698 2527 ipsum
2724 2458 3255 2537 psalmographum
3276 2466 3337 2523 in
3364 2484 3622 2541 persona
3649 2471 3904 2530 Ecclesiae

2370 2547 2670 2607 catholicae
2696 2551 2969 2611 scribitur
2998 2555 3041 2591 ¹²
3069 2574 3125 2613 :«
3146 2559 3384 2617 Servavi
3410 2564 3694 2622 mandata
3721 2569 3822 2624 tua
3848 2572 3903 2625 et

2367 2642 2703 2701 testimonia
2719 2648 2818 2703 tua
2851 2664 2866 2702 ε
2895 2666 2923 2694 τι
2958 2663 3093 2707 ecce
3120 2652 3368 2725 pacifica
3392 2659 3782 2717 conservatio.

3004 2810 3262 2877 Epilogus.

2435 2927 2593 2983 Patet
2618 2926 2817 3002 itaque
2858 2945 2979 2987 vox
3030 2933 3358 3007 Prophetae,
3411 2939 3603 2997 vicem
3651 2943 3898 3015 gerentis

2361 3032 2629 3090 personae
2684 3020 2981 3079 charitatis
3037 3026 3363 3086 munimine
3404 3032 3717 3093 roboratae.
3770 3040 3897 3096 Con-

2357 3111 2687 3187 fundantur,
2717 3114 2929 3191 inquit,
2948 3120 3184 3194 superbi,
3199 3126 3488 3195 quantum
3506 3127 3586 3186 ad
3611 3130 3893 3205 superbos

2358 3211 2724 3266 accusatores
2733 3226 2753 3282 ;
2786 3209 2930 3275 Quia
2959 3212 3180 3285 injuste,
3228 3223 3516 3289 quantum
3544 3222 3624 3280 ad
3653 3224 3893 3296 injustos

2348 3297 2581 3370 judices
2594 3320 2612 3372 3
2643 3305 3001 3374 iniquitatem
3018 3309 3266 3375 fecerunt
3295 3312 3356 3367 in
3378 3329 3478 3385 me,
3503 3322 3788 3389 quantum
3813 3319 3893 3377 ad

2352 3390 2591 3467 iniquos
2618 3398 2866 3453 tortores
2882 3416 2900 3470 3
2929 3400 3044 3470 qu
3080 3406 3256 3459 autem
3283 3409 3557 3465 exercebor
3583 3414 3645 3468 in
3672 3414 3887 3470 manda-

2356 3489 2428 3544 tis
2455 3494 2586 3558 tuis,
2616 3493 2905 3563 quantum
2934 3492 3014 3550 ad
3040 3492 3203 3567 leges
3225 3499 3578 3571 superiores.

2889 3713 3218 3760 vssastcuLus
3244 3719 3346 3761 XV.

2417 3870 2504 3923 79.
2537 3867 2924 3928 Convertamur
2951 3876 3087 3930 mihi
3110 3878 3356 3936 timentes
3378 3884 3449 3951 te,
3482 3885 3593 3940 etc.
3623 3884 3877 3945 Charita-

2344 3960 2414 4017 tis
2450 3960 2515 4034 (α)
2539 3961 2888 4022 vivificantis
2922 3970 2980 4025 et
3013 3965 3378 4028 fortificantis
3416 3973 3773 4037 desiderium
3817 3981 3878 4039 in

2342 4054 2581 4112 duobus
2594 4058 2907 4129 praemissis
2927 4064 3192 4123 versibus
3206 4071 3291 4124 est
3304 4084 3647 4142 expressum
3659 4093 3677 4146 3
3690 4077 3877 4151 sequi-

2339 4151 2435 4206 tur
2458 4150 2801 4209 oedificantis
2836 4154 3127 4215 charitatis
3167 4159 3559 4239 desiderium,
3589 4184 3696 4242 per
3730 4187 3877 4244 qua-

2338 4241 2762 4303 drimembrem
2772 4262 2976 4307 versus
3002 4255 3300 4324 praesentis
3317 4257 3528 4316 seriem
3546 4262 3877 4335 exprimen-

2336 4334 2500 4393 dum.
2514 4338 2819 4399 charitatis
2832 4346 3030 4401 autem
3044 4345 3524 4423 aedificativae,vel
3536 4355 3874 4416 aedificantis
3947 4382 4084 4425 mmi-

2336 4428 2717 4505 charitativae,
2752 4433 3114 4496 desiderium
3149 4441 3324 4500 debet
3352 4460 3477 4503 esse
3516 4446 3871 4510 deformatos
3897 4446 3994 4488 ¹³⁸⁸
4035 4459 4084 4488 ⁸·

2330 4521 2672 4598 informare,
2690 4527 3035 4589 informatos
3061 4532 3406 4608 reformare,
3434 4543 3493 4597 et
3522 4541 3868 4603 reformatos
3894 4508 4081 4618 &aaz

2330 4616 2444 4673 sibi
2471 4618 2860 4680 conformare.
2895 4624 3056 4682 Unde
3085 4629 3394 4703 Propheta,
3413 4635 3583 4706 quasi
3610 4653 3869 4710 persona
3914 4635 4067 4679 ‘¹⁶5¹‘

2328 4710 2690 4786 charitativa,
2721 4719 2776 4772 et
2820 4716 3160 4778 charitative
3214 4723 3586 4801 aedificativa,
3642 4731 3865 4790 deside·
3894 4698 4032 4750 ‘¹⁰⁰⁸'

2324 4804 2481 4862 rium
2509 4823 2685 4865 suum
2731 4810 3006 4884 exprimit
3061 4830 3170 4888 per
3213 4816 3341 4876 hoec
3381 4820 3568 4880 verba
3599 4842 3613 4880 ε
3639 4825 3863 4884 Conver-

2326 4901 2515 4955 tuntur
2538 4901 2693 4967 mihi,
2719 4908 2855 4973 etc„
2884 4906 3054 4979 quasi
3075 4907 3233 4967 dicat
3261 4929 3277 4967 ε
3308 4913 3607 4974 Desiderio
3634 4918 3864 4979 deside-

2321 4991 2472 5062 ravi,
2502 4993 2670 5065 quod
2723 4995 3059 5072 deformati,
3107 5001 3408 5063 informati
3463 5011 3521 5067 et
3559 5011 3863 5074 reformati

2321 5083 2764 5147 conformentur
2806 5092 2972 5151 mihi.
3026 5096 3495 5159 Deformatorum
3537 5110 3623 5163 est
3677 5112 3863 5170 Deum

2318 5184 2605 5252 tanquam
2632 5183 2999 5267 judicantem
3031 5188 3235 5249 timere
3245 5212 3265 5267 ;
3288 5193 3745 5262 informatorum
3778 5212 3868 5265 est

2317 5308 2337 5339 ⁰
2369 5307 2565 5372 Erech„
2597 5322 2689 5374 vn,
2720 5317 2794 5364 ¹¹.
2826 5342 2889 5352 —
2920 5316 2963 5352 ¹⁰
2988 5318 3130 5369 Psal.
3158 5320 3277 5384 hoc,
3308 5324 3355 5373 4.
3381 5351 3437 5361 -
3467 5327 3498 5356 ¹¹
3525 5327 3666 5382 Psal.
3698 5343 3784 5397 cx,
3811 5336 3861 5385 8.

2315 5403 2376 5415 —
2404 5381 2445 5413 ¹¹
2464 5382 2601 5452 ⁹:⁹⁶²·
2635 5384 2752 5435 hoc.
2787 5389 2893 5439 168.
2924 5415 2984 5425 —
3021 5391 3093 5453 (a)
3124 5392 3390 5447 Edt't.Vcn.
3423 5396 3668 5453 Charitas.
