4196 6294
740 451 859 512 462

739 581 963 639 buntur
1013 595 1028 635 ε
1069 596 1097 633 n
1153 589 1289 634 ecce
1326 572 1608 650 perfectio
1654 571 2017 647 temporalis.
2073 575 2152 628 De
2196 586 2288 629 se-

740 674 939 734 cunda
976 672 1270 747 Propheta
1308 667 1508 744 psallit
1534 667 1551 702 ¹
1583 685 1600 724 ε
1636 685 1667 722 α
1707 670 1772 726 ln
1799 670 2082 724 aeternum
2125 664 2289 723 exul-

739 770 983 840 tabunt,
1028 770 1085 823 et
1126 763 1426 823 habitabis
1468 761 1533 819 in
1568 760 1698 818 eis:
1741 780 1770 816 n
1828 775 1962 818 ecce
2006 757 2287 832 perfectio

738 861 1025 921 formalis.
1074 862 1151 918 De
1196 857 1364 917 tertia
1412 853 1908 928 psalmographus
1952 850 2157 909 scribit
2200 849 2223 882 ²
2268 869 2285 908 ε

746 975 775 1009 α
828 954 1128 1014 Hereditas
1183 966 1393 1011 eorum
1435 949 1500 1007 in
1527 951 1812 1007 aeternum
1860 946 2014 1005 erit:
2060 965 2091 1000 »
2152 959 2287 1002 ecce

739 1050 1022 1127 perfectio
1050 1048 1265 1108 finalis,

1234 1206 1511 1263 articulus
1539 1207 1788 1277 quartus.

811 1334 1230 1395 perfectionem
1255 1330 1458 1389 salutis
1478 1331 1790 1396 annotanS,
1816 1323 2049 1384 addidit
2076 1342 2091 1382 ε
2118 1326 2290 1398 Prop-

743 1437 823 1488 ter
847 1430 1271 1488 retributionem.
1293 1426 1482 1494 Quam
1509 1420 1978 1493 retributionem,
2003 1417 2119 1476 nisi
2141 1433 2286 1492 prae-

739 1523 979 1582 mialem
1014 1520 1482 1596 perfectionem?
1509 1520 1658 1576 Sane
1686 1516 1791 1592 qui
1825 1515 2078 1573 hilarem
2120 1514 2291 1572 dato-

738 1633 867 1676 rem
895 1616 1107 1690 diligit,
1124 1614 1265 1690 plus
1284 1612 1564 1672 tribuenti
1583 1611 1721 1685 plus
1745 1609 2047 1681 retribuit3
2075 1607 2286 1666 eadem

738 1727 1018 1770 mensura
1067 1708 1399 1777 remetiens,
1458 1706 1565 1780 qui
1614 1704 1821 1763 itidem
1866 1718 2107 1761 mensus
2153 1701 2283 1759 fuit.

740 1805 902 1863 Unde
929 1803 1222 1879 perfectus
1250 1801 1556 1871 DominuS,
1585 1797 1691 1874 qui
1736 1797 1990 1873 perfecte
2016 1812 2078 1854 se
2110 1795 2288 1855 nobis

739 1898 979 1970 tribuit,
1029 1895 1324 1973 perfectis,
1354 1895 1459 1970 qui
1508 1894 1634 1952 vice
1685 1908 1857 1951 versa
1910 1908 1972 1950 se
2024 1890 2285 1966 perfecte

738 1992 1105 2062 retribuunt,
1134 2006 1246 2065 pro
1285 1987 1641 2063 perfectione
1670 1985 2093 2061 perfectionem
2119 1984 2287 2042 retri-

738 2086 887 2144 buit.
930 2088 997 2144 Et
1033 2088 1208 2156 nota,
1235 2082 1406 2158 quod
1447 2081 1664 2155 legitur
1690 2081 1753 2138 in
1790 2079 2087 2153 Scriptura
2125 2078 2288 2136 retri-

739 2179 906 2237 butio
957 2177 1243 2252 tripartita
1263 2219 1280 2247 ‚
1330 2179 1540 2251 utputa
1591 2173 1898 2233 retributio
1939 2173 2102 2245 justa
2121 2214 2141 2245 ,
2195 2188 2287 2229 re·

740 2272 979 2331 tributio
1025 2286 1247 2344 magna
1267 2313 1287 2343 ,
1337 2269 1646 2328 retributio
1690 2267 1898 2342 dupla.
1955 2267 2148 2325 Prima
2201 2268 2288 2325 est

736 2365 1255 2440 praevaricatorum
1274 2383 1293 2437 3
1315 2363 1596 2435 secunda,
1622 2361 1895 2420 fidelium
1918 2361 2282 2434 activorum3

738 2470 928 2541 tertia,
956 2467 1572 2542 contemplativorum.
1604 2468 1682 2523 De
1708 2464 1904 2539 prima
1927 2466 1950 2502 ³
1980 2484 1997 2521 ε
2034 2484 2062 2518 α
2082 2464 2286 2522 Omnis

738 2560 1142 2640 praevaricatio
1204 2563 1263 2617 et
1314 2558 1721 2617 inobedientia
1782 2557 2008 2631 accepit
2063 2558 2285 2630 J'ustam

738 2655 1184 2715 retributionem
1203 2651 1497 2712 mercedis
1517 2670 1532 2708 ε
1562 2672 1591 2707 ι)
1623 2667 1756 2709 ecce
1774 2650 2083 2709 retributio
2103 2651 2282 2723 justa.

739 2753 819 2808 De
869 2748 1129 2807 secunda
1174 2748 1196 2783 ⁸
1245 2766 1260 2805 ε
1319 2765 1348 2801 α
1398 2745 1645 2805 Benefac
1682 2745 1865 2818 justo,
1911 2747 1970 2802 et
2020 2743 2284 2802 invenies

736 2842 1189 2902 retributionem
1252 2856 1533 2913 magnam
1602 2860 1619 2896 τ
1685 2857 1713 2894 ιι
1780 2855 1914 2897 ecce
1977 2837 2283 2896 retributio

738 2954 975 3010 magna.
1035 2940 1112 2994 De
1159 2935 1327 2993 tertio
1360 2935 1382 2969 ⁸
1430 2951 1445 2990 ε
1501 2952 1530 2987 α
1566 2937 1662 2991 Est
1710 2932 1951 3004 datum,
1991 2932 2162 3006 quod
2198 2935 2286 2990 est

739 3030 973 3103 inutile3
1005 3034 1061 3088 et
1087 3033 1173 3087 est
1197 3027 1424 3101 datum,
1457 3027 1625 3100 cujus
1650 3025 1958 3084 retributio
1982 3025 2225 3100 duplex.
2250 3044 2278 3081 n

739 3128 949 3183 Datum
992 3123 1252 3200 primum
1293 3126 1380 3181 est
1422 3120 1869 3194 simulatorum3
1913 3118 2244 3179 secundum
2261 3163 2284 3192 ,

741 3216 1336 3292 contemplativorum
1366 3235 1382 3276 ε
1414 3231 1549 3274 ecce
1575 3214 1885 3274 retributio
1914 3213 2122 3289 dupla.

1386 3377 1643 3444 Epilogus

811 3501 899 3560 Ait
917 3517 1059 3575 ergo
1081 3500 1371 3575 Propheta
1391 3498 1503 3556 sub
1523 3513 1791 3572 personae
1814 3495 2284 3571 contemplativae

739 3597 973 3670 figura:
1002 3597 1214 3653 Inclina
1242 3610 1331 3653 cor
1364 3610 1539 3651 meum
1553 3634 1573 3665 ,
1600 3593 1819 3652 scilicet
1847 3608 1882 3650 a
1916 3596 2068 3651 statu
2102 3591 2284 3649 liber-

737 3692 865 3750 tatis
890 3691 1216 3768 pertinente
1245 3690 1326 3748 ad
1350 3690 1537 3747 vitam
1562 3688 1942 3761 saecularem3
1967 3687 2053 3743 Ad
2078 3689 2286 3756 facien-

735 3788 834 3843 das
884 3787 1303 3857 justificationes
1364 3789 1486 3841 tuos
1505 3825 1527 3854 ‚
1588 3782 1652 3840 in
1717 3784 1869 3840 statu
1931 3779 2283 3839 voluntarioe

735 3879 1025 3938 servitutis
1076 3878 1355 3937 attinente
1412 3877 1493 3935 ad
1540 3875 1725 3935 vitam
1782 3874 2160 3949 regularem3
2215 3874 2284 3930 In

735 3979 1010 4044 (eternum,
1031 3972 1257 4030 etiamsi
1275 3987 1372 4030 me
1395 3970 1724 4046 oportuerit
1741 3968 2032 4027 commori
2056 3970 2276 4039 tecum,

737 4070 1026 4140 quantum
1068 4066 1149 4125 ad
1189 4064 1612 4139 perfectionem
1650 4063 1881 4122 virtutis
1919 4062 2285 4137 spectantem

736 4161 817 4219 ad
860 4161 1052 4220 meriti
1097 4160 1517 4237 quantitatem3
1567 4161 1796 4231 Propter
1838 4157 2252 4215 retributionem
2260 4198 2282 4229 ,

737 4258 1025 4329 quantum
1052 4254 1134 4313 ad
1170 4254 1591 4330 perfectionem
1622 4251 1826 4310 salutis
1873 4248 2286 4324 respicientem

737 4350 965 4425 praemii
993 4349 1362 4423 dignitatem.

1119 4589 1404 4647 CAPUT
1462 4587 1903 4647 OCTAVUM.

1209 4773 1542 4817 Vnstcums
1577 4772 1800 4815 ramus.

813 4920 939 4977 1¹3.
978 4918 1200 4989 Iniquus
1225 4915 1349 4972 odio
1377 4917 1544 4972 habui
1557 4956 1576 4985 ,
1608 4917 1719 4972 etc.
1764 4911 2102 4987 Capitulum
2130 4914 2287 4968 octa-

739 5027 880 5069 vum
919 5009 1153 5085 incipit,
1191 5013 1249 5067 et
1287 5013 1565 5067 octavum
1610 5007 1900 5067 ferculum
1944 5004 2282 5064 introducit.

738 5102 1102 5165 Concordate
1141 5101 1365 5162 fercula
1379 5146 1398 5175 ,
1430 5107 1485 5161 et
1520 5102 1971 5160 concordabunt
2007 5097 2284 5174 capitula.

739 5196 921 5285 l’orro
956 5196 1310 5272 praecedenti
1348 5194 1607 5273 capitulo
1634 5197 1984 5271 praesentata
2011 5192 2121 5251 fuit
2147 5191 2286 5251 cha-

749 5410 759 5420 ·
801 5395 823 5431 ¹
852 5392 992 5445 rme.
1014 5406 1068 5458 v,
1099 5396 1176 5446 ¹2.
1196 5421 1260 5434 -
1283 5397 1308 5432 ι
1335 5393 1475 5445 psat.
1505 5404 1688 5458 xxxvi,
1715 5395 1796 5444 2⁸.
1817 5419 1881 5431 -
1905 5393 1929 5428 ⁸
1947 5392 2122 5456 mbr„
2148 5358 2209 5456 tt,
2238 5394 2285 5442 2.

1789 433 2202 502 EXPOSITIO
2247 433 2327 501 IN
2369 434 2893 504 PSALTERIUM.

2398 571 2583 630 ritatis
2623 572 2983 632 intromissio
3020 592 3034 631 ε
3082 575 3146 634 in
3187 576 3462 649 praesenti
3499 591 3642 636 vero
3684 591 3915 655 proesen-

2398 669 2552 724 tatur
2594 666 2917 740 iniquitatis
2966 669 3320 729 intermissio
3335 713 3358 744 ,
3407 675 3465 730 et
3506 676 3668 748 patet
3718 675 3916 734 modus

2398 759 2718 818 ordinandi
2764 761 2970 822 solitus
2979 804 3000 834 ,
3049 765 3379 824 secundum
3433 766 3706 825 ordinem
3753 785 3916 843 appe-

2397 851 2536 910 titus
2566 872 2581 911 ε
2625 855 2913 929 quoniam
2941 857 3022 914 ad
3048 856 3548 919 intromissionem
3582 862 3739 920 illius
3775 863 3917 922 ordi·
3945 925 3952 938 ,

2399 961 2615 1004 namur
2641 964 2748 1022 per
2782 949 3273 1010 intermissionem
3300 952 3484 1012 istius.
3528 954 3691 1013 Circa
3715 956 3915 1031 iniquia

2396 1039 2528 1097 tatis
2549 1040 3039 1103 intermissionem
3058 1062 3307 1121 pensare
3332 1047 3619 1107 debemus
3640 1049 3917 1125 duplicem

2397 1134 2689 1192 rationem
2735 1155 2750 1195 ι
2807 1137 3082 1196 videlicet
3132 1138 3458 1215 iniquitatis
3508 1143 3884 1204 odibilitatem
3899 1189 3917 1219 ,

2399 1244 2584 1302 quam
2612 1232 2949 1290 octonarius
2986 1233 3152 1307 prior
3177 1235 3488 1308 praetendit
3504 1253 3524 1308 ς
3561 1242 3619 1295 et
3656 1238 3920 1313 aequitatis

2399 1323 2853 1398 amabilitatem,
2890 1342 3076 1401 quam
3103 1329 3440 1387 octonarius
3475 1329 3622 1389 alter
3664 1332 3917 1390 ostendit.

2397 1418 2461 1474 In
2493 1417 2679 1491 capite
2703 1418 2917 1492 prioris
2944 1421 3233 1479 octonarii
3259 1421 3489 1480 locatur
3516 1426 3759 1483 Samech
3784 1425 3918 1484 litte-
3941 1429 4093 1472 sumai.

2397 1525 2495 1582 ra,
2541 1526 2702 1585 quae,
2751 1513 3079 1571 secundum
3122 1515 3501 1574 Ambrosium
3546 1518 3569 1553 ⁶
3580 1560 3601 1590 ,
3651 1519 3918 1593 interpre-

2399 1606 2552 1661 tatur
2580 1605 2766 1677 Audi3
2796 1606 2860 1663 in
2889 1607 3077 1682 capite
3104 1613 3303 1667 autem
3330 1609 3570 1670 alterius
3594 1612 3703 1670 Ain
3727 1612 3919 1686 littera,
3941 1626 4021 1670 m.

2400 1712 2535 1771 quae
2580 1699 2909 1758 secundum
2951 1701 3137 1775 ipsius
3172 1702 3609 1777 testimonium,
3661 1707 3922 1783 interpre-

2397 1792 2552 1848 tatur
2591 1793 2820 1850 oculus.
2861 1794 2919 1852 Si
2962 1811 3205 1854 causam
3233 1798 3476 1873 quaeris,
3509 1799 3788 1874 equidem
3825 1800 3922 1861 ini·

2400 1885 2593 1960 quites
2632 1887 2874 1945 odibilis
2915 1890 3185 1948 auditum
3220 1892 3366 1965 petit
3405 1893 3790 1966 confessoris,
3812 1910 3923 1953 non

2401 1979 2644 2037 oculum
2681 1980 3026 2055 inspectoris
3043 2004 3062 2056 ;
3094 2002 3127 2043 e
3156 1990 3360 2044 contra
3386 1987 3632 2062 aequitas
3672 1988 3923 2047 amabilis

2395 2087 2523 2132 non
2566 2075 2810 2148 requirit
2849 2092 3058 2134 aurem
3103 2079 3453 2139 confessoris
3470 2121 3491 2151 ‚
3543 2081 3656 2140 sed
3701 2083 3922 2141 oculum

2395 2166 2764 2242 inspectoris·
2829 2170 2925 2228 Vis
2993 2172 3366 2230 octonarium
3418 2174 3686 2248 priorem
3736 2175 3922 2234 distin-

2395 2265 2617 2333 guere?
2647 2263 2830 2321 debes
2859 2279 3099 2322 causam
3126 2266 3474 2327 odibilitatis
3508 2268 3739 2329 videre.
3784 2269 3922 2328 Assi-

2395 2361 2609 2428 gnatur
2637 2359 2835 2415 autem
2859 2374 3037 2416 causa
3077 2361 3443 2420 rationabilis
3466 2403 3487 2433 ,
3516 2364 3666 2437 quia
3692 2363 3923 2423 defectio

2394 2450 2735 2509 naturaliter
2801 2454 2887 2509 est
2942 2454 3397 2528 contemptibilis
3424 2498 3443 2527 ,
3500 2455 3666 2515 sicut‘
3706 2461 3924 2532 quater·

2394 2547 2595 2604 narius
2611 2547 2950 2620 praecedens
2968 2549 3183 2623 aperit3
3206 2554 3263 2607 et
3285 2566 3318 2608 e
3341 2551 3639 2610 contrario
3661 2551 3921 2627 perfectio

2393 2643 2759 2717 appetibiIiS,
2797 2644 2945 2702 sicut
2972 2645 3381 2720 quaternarius
3418 2663 3676 2723 sequens
3715 2647 3920 2707 asserit.

2393 2735 2739 2795 Defectionis
2766 2741 2963 2796 autem
2991 2739 3509 2815 contemptibilitas
3544 2742 3781 2816 plenius
3804 2741 3920 2800 elu-

2393 2830 2596 2903 cescit,
2630 2848 2767 2888 cum
2803 2832 3036 2890 animus
3066 2833 3461 2893 defectionem
3502 2835 3923 2906 animadvertit,

2389 2923 2813 2998 perfectionem
2839 2926 3117 2996 advertit,
3147 2927 3472 2987 defectione
3497 2945 3561 2988 se
3589 2931 3824 3004 avertit,
3852 2928 3924 2987 ad

2391 3018 2814 3092 perfectionem
2832 3036 2895 3077 se
2915 3021 3202 3079 convertit
3230 3040 3245 3079 :
3276 3021 3443 3096 quod
3467 3023 3600 3082 luce
3629 3024 3840 3084 clarius
3867 3024 3923 3081 in

2390 3112 2877 3188 primislquatuor
2899 3115 3166 3174 versibus
3191 3115 3520 3176 innotescit.
3541 3117 3922 3178 Defectionem

2392 3207 2903 3271 animadvertebat
2930 3209 3424 3285 psalmographus
3442 3253 3462 3282 ,
3493 3228 3635 3270 cum
3661 3213 3917 3271 dicebat:

2390 3304 2612 3374 Iniquus
2652 3304 2776 3361 odio
2815 3305 2984 3361 habui
3001 3323 3022 3374 ,-
3061 3305 3233 3380 quasi
3287 3304 3444 3364 dicat
3473 3324 3489 3364 ε
3540 3306 3920 3366 Defectionem

2392 3397 2567 3470 sensi,
2598 3398 2704 3455 sed
2731 3397 2998 3470 dissensi,
3028 3398 3172 3474 quia
3197 3400 3473 3474 praesensi
3495 3401 3919 3472 rectitudinem,

2392 3491 2488 3548 cui
2536 3492 2806 3549 consensi
2837 3513 2850 3546 ε
2900 3509 3036 3551 ecce
3073 3498 3329 3568 quatuor
3370 3498 3535 3554 actus
3584 3495 3918 3563 Psalmistae,

2392 3601 2546 3660 quos
2611 3588 2869 3647 continet
2936 3605 3138 3648 versus
3199 3590 3346 3664 iste3
3413 3590 3637 3650 scilicet
3689 3589 3916 3659 sentire,

2393 3678 2697 3740 dissentire
2714 3723 2730 3749 ,
2784 3683 3120 3757 praesentire
3138 3725 3161 3756 ,
3197 3684 3524 3744 consentire
3573 3706 3587 3739 ι
3649 3682 3922 3744 sentiebat

2391 3774 2633 3849 quidem
2670 3778 2999 3835 secundum
3039 3777 3347 3836 hominem
3387 3778 3768 3852 exteriorem3
3816 3776 3921 3835 dis-

2390 3870 2680 3929 sentiebat
2730 3872 3058 3930 secundum
3099 3872 3441 3932 interiorem
3455 3892 3473 3945 ;
3524 3870 3923 3949 praesentiebat

2392 3964 2721 4022 secundum
2766 3964 3058 4024 rationem
3085 3965 3496 4042 superiorem;
3533 3964 3924 4027 consentiebat

2395 4056 2727 4117 secundum
2748 4060 3040 4119 rationem
3062 4059 3425 4120 inferiorem.

2889 4221 3182 4278 Articulus
3211 4224 3444 4294 primus.

2465 4342 2860 4405 Defectionem
2906 4346 3116 4418 sensit,
3153 4363 3291 4404 cum
3332 4345 3480 4404 dixit
3519 4364 3534 4403 :
3574 4349 3828 4420 iniquos,
3868 4339 3925 4399 id

2399 4443 2519 4512 est,
2547 4439 2873 4515 iniquitatis
2920 4441 3167 4499 amicos·
3210 4439 3394 4499 Sensit
3430 4443 3629 4499 autem
3669 4455 3775 4515 per
3814 4436 3925 4494 vim

2395 4532 2741 4592 sensibilem
2781 4534 3133 4595 exteriorem
3171 4533 3270 4592 vel
3308 4534 3685 4609 interiorem,
3725 4531 3804 4590 ad
3834 4544 3926 4587 ex-

2395 4627 2675 4685 teriorem
2703 4628 3011 4687 hominem
3036 4629 3445 4704 pertinentem.
3475 4631 3541 4686 Et
3573 4631 3744 4701 nota,
3775 4618 3927 4701 quod

2395 4718 2656 4794 legimus
2691 4722 2932 4797 iniquos
2974 4739 3082 4798 per
3126 4721 3554 4782 confessionem
3594 4736 3720 4780 non
3746 4713 3927 4791 cogni-

2395 4819 2487 4872 tos
2503 4857 2523 4888 ,
2553 4830 2664 4873 nec
2693 4817 2975 4875 contritos
2984 4837 3003 4891 3
3034 4833 3143 4892 per
3178 4816 3610 4876 confessionem
3645 4812 3926 4889 cognitos,

2396 4916 2454 4970 et
2501 4912 2819 4986 contritos;
2862 4929 2969 4987 per
3014 4912 3446 4971 confessionem
3487 4912 3780 4984 cognitos,
3816 4919 3928 4965 non

2398 5006 2700 5064 contritos
2748 5006 2924 5064 Primi
2968 5023 3076 5082 per
3119 5006 3357 5082 iniquos
3399 5004 3635 5079 figurati
3670 5004 3926 5070 fuerunt,

2397 5099 2502 5173 qui
2532 5103 2668 5157 ante
2696 5100 2916 5158 ludam
2944 5101 3238 5175 exierunt3
3268 5099 3514 5160 secundi
3539 5115 3647 5175 per
3670 5115 3804 5169 eoS,
3832 5090 3926 5169 qui

2364 5194 2370 5201 '
2397 5192 2510 5251 sub
2541 5192 2696 5251 Juda
2724 5192 3032 5266 obierunt3
3053 5195 3205 5254 tertii
3229 5211 3338 5271 per
3357 5194 3514 5268 illos,
3537 5194 3641 5269 qui
3662 5191 3774 5251 sub
3788 5185 3928 5249 Iuda

2396 5347 2457 5363 --
2484 5321 2501 5351 ⁴
2531 5318 2719 5382 Eeclt‘„
2754 5333 2853 5386 xn,
2889 5323 2938 5373 2.
2968 5348 3032 5361 —
3060 5324 3079 5356 ⁸
3106 5321 3291 5387 Ere-li„
3316 5333 3408 5387 xx,
3438 5325 3514 5375 ¹⁰.
3552 5348 3607 5359 --
3644 5321 3663 5351 ⁸
3683 5316 3926 5373 Ambroen

2396 5393 2449 5444 in
2477 5392 2614 5444 hunc
2645 5392 2828 5458 psalm.
