4196 6294
598 491 717 554 420

1231 677 1492 743 Epilogus.

662 808 815 879 Quid
842 821 985 881 ergo
1031 804 1319 880 propheta
1363 803 1680 872 desideret,
1727 804 1784 859 et
1822 797 2126 876 quomodo

591 900 953 961 desiderium
976 915 1152 957 suum
1178 901 1414 969 reseret,
1444 897 1529 954 sic
1553 898 1831 969 apparet:
1867 896 2127 950 Timentes

591 1000 672 1068 te,
720 994 941 1053 scilicet
981 991 1319 1063 deformati,
1352 1006 1610 1066 quorum
1637 992 1724 1046 est
1750 991 1932 1046 Deum
1961 984 2124 1059 judi-

588 1093 820 1148 cantem
844 1088 1090 1159 timere;
1118 1089 1189 1144 Bt
1231 1088 1325 1160 qui
1356 1090 1617 1142 nova-unt
1644 1083 1952 1140 testimonia
1985 1086 2081 1135 tua
2101 1120 2120 1149 ,

584 1182 861 1245 videlicet
884 1179 1211 1251 informati,
1244 1195 1504 1254 quorum
1531 1181 1616 1236 est
1640 1192 1782 1234 eum
1807 1173 2119 1233 testifican-

583 1279 704 1334 tem
746 1289 1024 1346 noscere3
1077 1273 1467 1330 Convertamur
1490 1314 1507 1342 ,
1568 1270 1738 1345 quasi
1785 1266 2120 1335 reformati,

584 1383 843 1441 quornm
878 1369 964 1425 est
992 1365 1069 1424 ad
1097 1365 1294 1439 ipsum
1324 1367 1626 1422 auctorem
1652 1379 1714 1419 se
1742 1364 2116 1427 convertere3

581 1462 756 1534 Mitti,
796 1464 1083 1535 tanquam
1127 1458 1505 1530 conformati,
1548 1471 1808 1531 quorum
1846 1460 1931 1512 est
1964 1452 2118 1524 ejusd

580 1553 720 1613 dem
746 1553 983 1613 famulis
1009 1552 1323 1611 cohoerere.

1106 1773 1435 1817 vanslcums
1468 1772 1579 1815 xvi.

647 1932 736 1989 80.
767 1931 891 1987 Fiat
929 1944 1017 1986 cor
1051 1945 1222 1985 meum
1252 1929 1656 1985 immaculatum
1666 1967 1685 1997 ,
1716 1927 1823 1983 etc.
1854 1923 2113 1982 Charitas

577 2040 832 2099 operans
870 2021 1212 2092 antecessit,
1254 2038 1385 2096 quse
1422 2020 1729 2078 dicebatur
1775 2018 2109 2091 aedificans3

575 2121 1004 2192 consequenter
1027 2115 1280 2174 charitas
1305 2113 1679 2173 sabbatizans
1704 2113 1947 2183 accedit,
1979 2128 2113 2185 quae

575 2211 788 2270 dicitur
813 2210 1202 2270 sanctificans.
1242 2212 1355 2266 Nec
1384 2207 1733 2265 inconcinne
1771 2206 2110 2264 nominatur

571 2305 687 2363 hoc
720 2304 961 2363 nomine
980 2346 1000 2376 ,
1038 2302 1324 2378 quoniam
1366 2301 1593 2372 anima,
1635 2316 1819 2374 quam
1859 2298 2110 2358 charitas

571 2398 703 2457 talis
728 2398 869 2469 urit,
898 2413 1132 2471 semper
1157 2396 1505 2454 sanctificari
1543 2393 1753 2464 esurit,
1797 2408 2108 2467 nunquam

569 2492 685 2550 sibi
708 2496 929 2563 sancta,
958 2491 1081 2548 sive
1108 2490 1407 2548 sanctifica
1432 2489 1667 2547 videtur
1677 2508 1695 2559 ;
1727 2489 1847 2545 imo
1876 2503 1984 2545 sua
2012 2488 2104 2543 in-

568 2586 785 2645 teriora
811 2586 1061 2657 intuens,
1090 2600 1227 2642 suas
1249 2585 1493 2642 virtutes
1520 2585 1775 2652 veretur,
1804 2580 1943 2639 inde
1968 2597 2106 2639 con-

567 2679 735 2738 fundi
790 2683 1057 2737 metuens
1076 2721 1095 2751 ,
1143 2677 1302 2735 unde
1346 2676 1581 2735 laudari
1631 2678 1905 2734 meretur.
1963 2678 2104 2733 Ecce

567 2778 823 2848 quatuor
848 2772 1145 2831 charitatis
1171 2769 1589 2829 sanctificantis
1634 2769 1874 2827 effectus
1890 2810 1911 2839 ,
1951 2784 2103 2841 quos

564 2866 742 2939 hujus
786 2883 990 2925 versus
1037 2865 1186 2925 serie
1232 2863 1679 2939 comprehendit
1734 2863 2100 2934 Psalmogra-

563 2960 735 3034 phus.
766 2959 984 3030 Quaeris
1002 3003 1022 3032 ,
1054 2976 1176 3033 quo
1204 2959 1393 3017 modo
1417 2959 1445 3013 ἵ
1472 2956 1845 3031 Speculando
1862 3000 1881 3028 ,
1923 2973 2103 3014 oemu-

559 3053 744 3112 lando
762 3095 783 3124 ,
830 3053 1095 3111 verendo
1116 3095 1136 3124 ,
1184 3055 1362 3127 atque
1408 3051 1715 3108 merend0.
1759 3050 2102 3124 speculatur

561 3147 719 3207 enim
753 3147 1208 3220 conscientiam;
1237 3144 1547 3205 aemulatur
1574 3143 1961 3215 munditiam3
1992 3161 2098 3203 ve-

557 3245 719 3300 retur
738 3241 1022 3315 ,iustitiam
1033 3281 1054 3312 ,
1083 3256 1158 3298 ne
1185 3244 1478 3301 mereatur
1502 3239 1943 3298 verecundiam.

1059 3399 1335 3466 articulus
1363 3401 1599 3472 primus.

627 3523 1027 3597 Conscientia,
1077 3539 1260 3599 quam
1312 3522 1681 3598 speculatur,
1740 3521 2089 3591 innotescit,

557 3637 693 3679 cum
721 3619 897 3677 dicit:
928 3619 1031 3676 Cor
1056 3634 1257 3689 meum,
1287 3615 1351 3674 id
1376 3622 1461 3675 est
1471 3658 1491 3687 ,
1514 3613 1709 3674 cordis
1732 3615 2091 3688 praetorium,

556 3730 658 3770 seu
687 3711 1058 3772 conscientiae
1086 3709 1519 3769 consistorium.
1549 3712 1614 3768 Et
1635 3712 1805 3778 nota,
1837 3708 2002 3782 quod
2029 3707 2092 3764 in

555 3806 735 3865 corde
755 3850 775 3878 ,
793 3807 891 3865 vel
910 3804 1295 3875 conscientia,
1310 3802 1640 3876 specialiter
1659 3801 2092 3860 consideranda

562 3906 698 3960 sunt
724 3901 855 3972 tria,
874 3899 1094 3958 scilicet
1115 3901 1314 3957 utrum
1332 3913 1605 3970 moerenS,
1625 3902 1822 3956 utrum
1845 3912 2090 3970 pavens,

552 3999 753 4053 utrum
787 3994 1053 4069 gaudens
1084 4012 1099 4051 :
1131 3994 1246 4052 hoc
1275 3996 1389 4064 est,
1433 4008 1512 4050 an
1551 3996 1798 4050 moereat
1830 3992 1907 4050 de
1947 3991 2089 4051 mali

552 4089 997 4162 commission03
1044 4104 1124 4147 an
1171 4091 1385 4162 paveat
1422 4086 1498 4143 de
1532 4085 1677 4145 boni
1735 4084 2055 4144 omissione
2064 4104 2083 4157 ;

551 4198 631 4241 an
656 4183 911 4255 gaudeat
938 4181 1015 4239 de
1042 4180 1184 4239 mali
1213 4179 1558 4238 remissione
1575 4222 1593 4250 ,
1616 4195 1687 4238 ac
1712 4179 1858 4237 honi
1885 4194 2087 4253 repro-

550 4275 849 4334 missione.
883 4278 961 4332 De
988 4275 1171 4334 corde
1199 4278 1482 4332 moerente
1522 4272 1794 4331 scribitur
1822 4272 1836 4304 ¹
1868 4290 1883 4331 ε
1921 4292 1948 4326 α
1975 4276 2085 4332 Do-

546 4371 642 4429 lor
664 4385 832 4429 meus
859 4384 1038 4443 super
1065 4366 1356 4439 dolorem,
1386 4367 1449 4424 in
1468 4382 1565 4424 me
1597 4380 1699 4425 cor
1721 4382 1923 4423 meum
1943 4382 2085 4425 moe-

545 4480 719 4533 rens3
745 4483 775 4518 ι)
809 4463 937 4521 et‘:
965 4461 1169 4520 «Multi
1199 4461 1451 4534 gemitus
1477 4461 1634 4531 mei,
1663 4463 1721 4517 et
1756 4475 1857 4518 cor
1884 4476 2084 4518 meum

535 4573 796 4616 moerens
823 4577 882 4614 :n
916 4555 1084 4630 quasi
1105 4554 1260 4613 dicat
1293 4572 1307 4612 ε
1338 4553 1533 4627 Dolet,
1562 4553 1743 4625 gemit
1767 4553 1951 4612 homo
1981 4570 2079 4612 ex-

543 4651 743 4723 terior,
784 4654 998 4709 moeret
1042 4650 1223 4708 homo
1269 4649 1545 4720 interior,
1597 4651 1839 4723 propter
1894 4648 2080 4723 culpae

542 4745 913 4818 contagium,
935 4759 1056 4818 quo
1087 4743 1455 4802 contaminor
1464 4762 1484 4817 3
1514 4745 1757 4816 propter
1784 4743 2080 4801 conscien-

534 4841 635 4898 tia!
679 4839 1034 4910 canterium,
1083 4853 1204 4911 quo
1251 4837 1586 4909 consignor.
1618 4838 1696 4900 De
1749 4836 1930 4895 corde
1974 4853 2079 4910 pa-

540 4937 711 4991 vente
734 4933 953 5006 legitur
980 4933 1002 4972 ³
1035 4948 1049 4987 ε
1083 4951 1113 4984 ι
1139 4932 1273 4988 Erat
1297 4946 1400 4989 cor
1425 4931 1554 5002 ejus
1567 4971 1590 5001 ,
1616 4950 1643 4986 n
1679 4930 1897 4989 scilicet
1923 4933 2074 5004 Heli,

546 5041 820 5101 epavens
850 5041 979 5100 pro.
1012 5039 1152 5084 arca
1198 5023 1448 5083 Domini.
1471 5044 1500 5080 »
1532 5028 1680 5084 Arca
1723 5024 1962 5084 foederis
1991 5029 2077 5084 est

536 5119 726 5193 gratia
769 5118 1087 5178 salvatoris
1107 5160 1126 5189 ,
1169 5133 1302 5192 quae
1338 5120 1603 5196 servatur
1634 5135 1743 5193 per
1788 5119 2073 5180 obedien-

536 5214 701 5284 tiam,
730 5213 1016 5272 allevatur
1041 5228 1149 5287 per
1174 5210 1665 5285 inobedientiam,
1694 5220 2074 5287 recuperatur

600 5344 612 5372 ¹
638 5341 843 5399 lenm..
870 5350 984 5402 vm,
1010 5340 1088 5390 18.
1115 5363 1180 5376 —-
1208 5338 1226 5368 ²
1257 5335 1452 5399 Thren„
1487 5350 1526 5400 1,
1548 5340 1627 5389 22.
1651 5364 1707 5375 —
1737 5339 1756 5369 ⁸
1782 5340 1799 5388 Ι
1830 5340 1967 5404 Re9.,
1999 5351 2069 5404 iv,

534 5416 611 5465 13.
645 5439 700 5451 -
735 5414 759 5448 ⁴
787 5414 963 5475 va„
997 5422 1081 5473 xv,
1121 5411 1198 5464 13.
1231 5433 1294 5450 ο-
1328 5410 1347 5439 ⁵
1375 5409 1579 5472 Ephe-s„
1619 5422 1667 5472 1,
1703 5413 1751 5461 4.
1792 5436 1846 5446 —
1888 5413 2066 5474 «ξΡεαΙ.

1641 448 2177 542 ExposlTlo'lN
2221 472 2744 538 PSALTERIUM.

2240 624 2349 682 per
2372 607 2795 683 poenitentiam.
2818 609 2897 667 De
2926 605 3106 665 corde
3131 609 3423 681 gaudente
3451 612 3700 675 traditur
3715 618 3767 673 ⁸:

2244 720 2274 757 α
2300 704 2413 762 Cor
2447 702 2713 775 gaudens
2754 700 3041 759 exhilarat
3084 700 3317 761 faciem.
3344 725 3373 760 ι»
3418 705 3594 766 Plane
3632 725 3776 781 gau—

2239 794 2409 853 dium
2436 795 2805 854 conscientias
2831 811 3008 870 super
3043 796 3499 870 repromissione
3537 801 3773 860 heredi-

2236 889 2369 946 tatis
2406 894 2637 948 oeternae
2652 932 2671 962 ‚
2710 905 2833 947 non
2867 893 3058 964 potest
3093 890 3176 946 sic
3215 889 3393 951 latere
3433 894 3676 955 interius
3711 896 3774 954 in

2237 983 2447 1042 affectu
2463 1027 2482 1055 ,
2516 984 2661 1059 quin
2687 987 2883 1058 pateat
2909 982 3161 1042 exterius
3186 983 3248 1041 in
3275 989 3531 1060 aspectu.

2705 1143 2987 1200 Articulus
3022 1145 3299 1227 secundus.

2302 1265 2582 1324 munditia
2606 1309 2626 1337 ,
2676 1283 2857 1341 quam
2895 1269 3234 1343 aemulatur,
3277 1270 3584 1343 elucescit,
3633 1290 3770 1332 cum

2231 1357 2480 1431 subdito:
2528 1361 2653 1417 Fiat
2689 1363 3131 1434 immaculatum,
3175 1363 3240 1420 id
3283 1369 3402 1436 est,
3448 1366 3761 1425 sanctifica·

2229 1455 2390 1524 tum,
2422 1452 2520 1510 vel
2550 1458 2837 1512 sanctum.
2882 1459 3024 1514 Ecce
3072 1456 3391 1517 laudabilis
3426 1460 3763 1533 aemulatio,

2228 1561 2365 1604 ecce
2389 1545 2733 1606 favorabilis
2746 1549 3081 1623 postulatio,
3092 1551 3366 1612 videlicet
3385 1555 3581 1613 cordis
3597 1573 3766 1614 mun-

2229 1639 2525 1707 dificatio,
2555 1641 2678 1699 sive
2706 1643 3108 1703 sanctificatio,
3138 1648 3205 1703 Et
3249 1651 3421 1719 nota,
3472 1650 3636 1724 quod
3681 1650 3763 1709 sic

2227 1733 2516 1794 debemus
2559 1737 2874 1811 aemulari,
2924 1740 3091 1813 quod
3137 1741 3320 1823 simus
3365 1742 3761 1816 immaculati,

2224 1830 2510 1904 tanquam
2537 1830 2816 1890 divinitus
2858 1832 3058 1904 electi,
3101 1833 3379 1894 divinitus
3413 1837 3759 1913 approbati,

2224 1922 2287 1978 in
2314 1924 2719 1997 expectatione
2747 1928 3135 2000 possessionis
3160 1928 3420 2002 pacificae
3446 1933 3757 1991 constituti.

2222 2016 2438 2074 Electio
2477 2017 2729 2091 pertinet
2768 2020 2846 2077 ad
2881 2019 3495 2097 praedestinationem,
3540 2042 3759 2100 appro-

2220 2108 2384 2169 batio
2412 2111 2491 2168 ad
2513 2111 2991 2185 justificationem
3012 2134 3030 2186 3
3051 2117 3342 2188 possessio
3369 2118 3449 2176 ad
3473 2119 3761 2192 glorifica-

2222 2204 2466 2263 tionem.
2499 2207 2575 2262 De
2599 2207 2793 2279 primo
2819 2208 2840 2241 ⁶
2870 2225 2884 2264 ε
2920 2228 2950 2263 α
2979 2208 3162 2282 Elegit
3187 2226 3298 2268 nos
3323 2210 3386 2267 in
3414 2211 3543 2286 ipso
3563 2255 3582 2283 ,
3624 2217 3757 2272 ante

2219 2298 2430 2357 mundi
2486 2301 2958 2359 constitutionem
2990 2343 3010 2372 ,
3068 2306 3133 2360 ut
3177 2320 3438 2362 essemus
3474 2307 3657 2364 sancti
3701 2313 3758 2366 et

2219 2391 2617 2451 immaculati:
2647 2415 2675 2448 »
2713 2411 2848 2452 ecce
2875 2394 3394 2455 immaculatorum
3419 2397 3644 2459 electio.
3676 2403 3754 2459 De

2217 2487 2480 2544 secundo
2510 2488 2737 2553 canitur
2755 2492 2777 2524 ⁶
2805 2507 2818 2546 :
2848 2491 3062 2549 «Novit
3089 2491 3368 2550 Dominus
3395 2492 3520 2551 dies
3549 2495 3753 2554 imma·
3807 2522 3814 2525 ·

2217 2580 2564 2640 culatorum.
2596 2606 2623 2635 »
2660 2584 2786 2652 Quo
2815 2585 2999 2644 modo
3028 2588 3228 2644 novit!
3267 2591 3394 2646 Non
3423 2589 3620 2648 solum
3645 2607 3752 2650 no·
3827 2612 3996 2655 Notiti-

2217 2673 2343 2731 titia
2397 2675 2678 2750 simplicis
2725 2678 3008 2752 visionis,
3053 2698 3173 2755 qua
3209 2682 3375 2741 novit
3403 2684 3707 2743 universos
3730 2728 3751 2756 ,
3778 2673 3996 2779 :ffiffliff‘

2214 2770 2336 2825 tam
2368 2770 2558 2841 justos
2575 2812 2595 2843 ,
2626 2788 2809 2845 quam
2836 2773 3084 2845 injustos
3104 2816 3122 2844 ,
3158 2775 3262 2832 sed
3292 2776 3498 2834 notitia
3538 2793 3754 2853 appro-
3778 2768 3994 2853 cappro:

2211 2860 2495 2934 bationiS,
2523 2880 2644 2937 qua
2672 2866 2837 2922 novit
2863 2869 3091 2924 tantum
3114 2868 3303 2940 justos
3334 2888 3349 2926 ε
3382 2887 3513 2928 ecce
3540 2870 3750 2930 imma-
3779 2860 3991 2905 bffiffl'·

2212 2954 2544 3015 celatorum
2574 2960 2948 3032 approbatiO.
2983 2963 3060 3018 De
3092 2962 3323 3019 tertio⁷:
3353 2964 3746 3038 «charissimi,

2207 3046 2332 3106 haec
2361 3055 2767 3125 expectantcS,
2798 3054 3040 3127 satagite
3087 3054 3449 3116 immaculati
3476 3063 3533 3117 et
3557 3059 3748 3121 invio·

2208 3141 2310 3201 lati
2338 3143 2393 3202 ei
2419 3144 2669 3205 inveniri
2699 3146 2760 3206 in
2788 3164 2936 3222 pace
2966 3166 2981 3204 ι
3013 3169 3040 3203 »
3073 3166 3206 3209 ecce
3233 3151 3748 3214 immaculatorum

2207 3240 2550 3311 expectatio.

2713 3381 2989 3440 Articulus
3026 3387 3236 3442 tertius.

2273 3520 2517 3591 lustitia,
2547 3538 2730 3595 quam
2757 3531 3011 3597 veretur,
3046 3525 3343 3601 clarescit,
3372 3545 3510 3587 cum
3537 3530 3737 3588 addit:

2200 3616 2267 3670 In
2292 3615 2775 3686 justificationibus
2806 3621 2934 3675 tuis.
2965 3619 3409 3679 Justificationes
3452 3623 3575 3681 istie
3591 3666 3612 3695 ,
3653 3641 3741 3681 se·

2202 3707 2466 3765 cundum
2517 3714 2863 3784 praescntem
2927 3712 3306 3772 intentionem
3374 3716 3689 3774 Psalmistae
3718 3759 3736 3787 ,

2199 3805 2332 3859 sunt
2358 3801 2805 3875 praedicationes
2827 3804 3082 3879 justitiae,
3110 3807 3525 3867 aedificationes
3551 3809 3740 3868 Eccle-

2196 3895 2318 3952 siae.
2341 3897 2608 3955 Attamen
2634 3913 3065 3972 nonnunquam
3088 3901 3177 3957 vir
3199 3901 3389 3974 justus
3403 3902 3739 3976 ingrediens

2199 3989 2638 4060 conscientiam,
2667 3989 2974 4049 inveniens
2997 3993 3304 4065 justitiam,
3336 4011 3455 4053 non
3481 3995 3737 4053 absurde

2195 4081 2384 4156 ipsam
2432 4088 2685 4156 veretur,
2727 4085 2872 4142 dum
2908 4084 3072 4144 illam
3114 4091 3350 4145 exutam
3383 4088 3596 4146 debitis
3632 4092 3737 4147 cir·

2195 4176 2584 4249 cumstantiiS,
2614 4177 2882 4236 indutam
2910 4179 3280 4254 negligentiis
3294 4225 3315 4254 ,
3346 4186 3405 4239 et
3445 4182 3621 4240 variis
3650 4182 3736 4238 in-

2194 4270 2987 4345 volutam'concupiscentiis
3024 4274 3300 4347 intuetur,
3347 4275 3427 4332 ita
3455 4278 3517 4332 ut
3553 4276 3738 4351 possit

2194 4379 2330 4421 cum
2361 4364 2507 4427 lsaia
2536 4364 2731 4423 dicere
2758 4367 2780 4401 ⁸
2806 4383 2822 4423 ε
2850 4386 2878 4421 α
2903 4368 3077 4437 Quasi
3105 4384 3337 4442 pannus
3364 4372 3735 4426 menstruatae

2191 4459 2480 4517 universae
2500 4459 2733 4531 justitiae
2755 4463 2984 4519 nostroe.
3004 4482 3031 4517 n
3065 4461 3165 4520 Hic
3186 4463 3537 4534 notandum,
3567 4461 3733 4537 quod
3803 4485 3979 4529 jum.

2184 4551 2523 4624 justificatio
2547 4554 2729 4613 habet
2749 4571 2990 4614 causam
3007 4555 3347 4614 interiorem
3371 4556 3730 4631 (a),exterio-
3759 4544 3896 4592 ⁰⁸⁶⁰·

2189 4662 2316 4704 rem
2333 4689 2353 4718 ,
2372 4651 2431 4704 et
2452 4647 2809 4707 inferiorem.
2842 4651 3082 4710 interior
3109 4656 3165 4709 et
3191 4651 3461 4725 superior
3490 4655 3574 4709 est
3601 4667 3732 4724 gra-

2187 4741 2268 4800 tia
2288 4742 2490 4801 divina
2500 4763 2518 4815 3
2551 4744 2823 4817 exterior,
2850 4744 3114 4803 humana
3142 4745 3440 4818 doctrina3
3469 4745 3728 4817 inferior,

2188 4836 2453 4909 corporis
2491 4837 2823 4913 disciplina.
2874 4839 2962 4897 Ad
2987 4840 3244 4915 primam
3271 4845 3490 4916 spectat
3518 4842 3728 4901 animae

2184 4931 2516 5004 suscitatio;
2543 4933 2621 4989 ad
2640 4932 2966 4991 secundam
2981 4976 3000 5006 ,
3025 4934 3293 4992 excitatio
3312 4954 3330 5007 3
3365 4935 3444 4993 ad
3463 4935 3689 4995 tertiam
3702 4979 3722 5008 ,

2186 5025 2543 5083 exercitatio,
2568 5027 2874 5085 Suscitatio
2895 5027 3166 5100 congruit
3184 5028 3606 5105 omnipotenti,
3627 5046 3725 5087 ex·

2182 5117 2378 5176 citatio
2392 5159 2415 5192 ,
2471 5121 2847 5194 corripienti;
2899 5122 3233 5181 exercitatio
3271 5124 3593 5198 poenitenti.
3645 5127 3722 5182 De

2180 5211 2374 5284 prima
2424 5213 2842 5284 justificatione
2905 5216 3195 5275 habemus
3257 5218 3597 5293 exemplum
3633 5219 3655 5253 ⁹
3702 5235 3718 5275 :

2180 5351 2363 5402 xxxvi,
2395 5341 2473 5390 18.
2500 5366 2564 5377 —
2596 5342 2613 5372 ⁷
2643 5341 2686 5391 11
2715 5343 2879 5406 Petu,
2911 5354 2993 5408 111,
3025 5346 3103 5394 ιδ.
3126 5369 3188 5382 -
3220 5344 3239 5373 ⁸
3260 5344 3378 5408 Iso„
3411 5356 3552 5411 mxlv,
3581 5346 3629 5395 6.
3661 5371 3714 5382 —

2180 5413 2199 5442 ³
2224 5411 2362 5463 Psal.
2392 5412 2514 5476 hoc,
2542 5413 2619 5464 93.
2655 5439 2708 5449 -
2740 5415 2808 5477 (α)
2839 5414 3016 5479 Suppl.
3055 5418 3106 5464 et
3132 5417 3465 5480 superiorem.
