4196 6294
1317 497 1399 567 IN
1437 496 2005 567 HEXAEMERON.
2048 495 2314 567 SERMO
2355 498 2435 565 ΙΙ.
3390 506 3468 567 33
3582 498 3591 505 ’

296 634 483 703 mundi
504 634 837 701 venditur
862 635 1086 702 vinum
1098 682 1120 715 ‚
1149 635 1322 719 quod
1347 635 1677 702 hominem
1703 634 1818 700 du-

297 746 360 810 cit
375 745 437 809 in
461 743 881 810 oblivionem
917 743 1265 827 sapientiae.

355 852 640 917 Secunda
677 853 987 917 columna
1035 850 1362 934 sapientias
1404 853 1500 915 est
1547 850 1819 933 simplex

295 960 624 1026 innocentia
652 961 726 1025 in
753 963 1007 1040 mente,
1039 959 1211 1044 quod
1247 962 1507 1024 notatur
1543 978 1693 1023 cum
1719 958 1815 1024 di-

297 1070 429 1134 citur
458 1091 476 1133 ι
514 1092 546 1131 α
572 1068 876 1134 Pacifica.
905 1090 937 1130 n
971 1068 1412 1150 Augustinus¹
1442 1067 1618 1147 dicit,
1649 1066 1820 1150 quod

296 1194 393 1259 pax
408 1194 634 1242 rerum
659 1176 956 1241 omnium
982 1179 1076 1240 est
1099 1175 1529 1258 tranquillitas
1550 1174 1815 1239 ordinis,

296 1280 445 1349 Unde
472 1283 744 1368 quando
765 1283 911 1366 quis
937 1287 1303 1348 reverenter
1345 1301 1413 1347 se
1439 1281 1692 1364 subjicit
1718 1300 1822 1345 su-

293 1394 499 1476 periori
526 1443 552 1474 ,
608 1392 1054 1476 aequanimiter
1093 1409 1162 1456 se
1201 1391 1396 1455 habet
1438 1390 1517 1454 ad
1561 1406 1781 1472 parem
1797 1436 1818 1468 ,

292 1499 534 1565 discrete
558 1499 741 1581 regit
767 1499 1132 1563 inferiorem
1165 1521 1182 1564 ι
1212 1497 1359 1563 talis
1400 1516 1528 1580 pax
1562 1496 1825 1578 dissipat

293 1624 455 1672 omne
484 1607 778 1687 malum,
809 1610 991 1672 cavet
1014 1623 1207 1673 omne
1233 1604 1586 1671 dissidium.
1619 1605 1685 1666 α’
1701 1601 1823 1680 Qui

290 1716 519 1798 patiens
574 1719 721 1795 est,
765 1714 972 1779 multa
1017 1714 1422 1795 gubernatur
1471 1710 1816 1793 sapientia;

290 1823 385 1905 qui
406 1827 632 1889 autem
659 1824 1002 1906 impatiens
1041 1825 1173 1901 est,
1218 1820 1456 1886 exaltat
1482 1818 1816 1884 stultitiam

287 1948 475 1996 suam.
491 1952 524 1991 ι
554 1937 580 1974 ⁸
607 1931 808 2009 «Quis
834 1930 1087 2013 sapiens
1105 1932 1171 1994 et
1196 1929 1628 2012 disciplinatus
1656 1928 1825 1993 inter

289 2040 427 2104 vos?
460 2040 768 2106 Ostendat
802 2058 886 2104 ex
914 2040 1085 2104 bona
1128 2038 1548 2104 conversione
1590 2053 1822 2119 opera-

287 2147 508 2213 tionem
534 2166 722 2213 suam
738 2197 758 2227 ,
781 2147 852 2211 in
878 2146 1376 2212 mansuetudine
1405 2144 1753 2227 sapientiae.
1781 2164 1813 2205 n

356 2255 563 2322 Tertia
588 2256 891 2321 columna
917 2255 1243 2338 sapientiae
1284 2258 1379 2319 est
1417 2253 1728 2318 modestia
1753 2252 1823 2316 in

287 2382 589 2444 sermone,
613 2371 675 2429 et
691 2364 819 2429 hoc
841 2366 1104 2428 notatur
1131 2381 1279 2427 cum
1321 2361 1555 2426 dicitur
1581 2382 1598 2423 ε
1626 2382 1657 2421 <1
1680 2359 1823 2425 Mo-

287 2470 459 2536 daeta.
484 2492 522 2531 ι
557 2495 588 2532 α
614 2477 637 2513 ⁸
666 2471 933 2554 Sapiens
956 2470 1190 2534 tacebit
1211 2487 1415 2552 usque
1437 2468 1517 2532 ad
1543 2471 1818 2550 tempu5‚

287 2578 507 2643 stultus
532 2582 750 2644 autem
776 2581 841 2642 et
879 2576 1253 2661 imprudens
1293 2594 1426 2640 non
1468 2576 1825 2658 expectabit

285 2687 547 2769 tempus,
592 2708 627 2745 n
682 2685 955 2750 Summa
997 2684 1364 2767 insipientia
1402 2687 1499 2748 est
1535 2732 1553 2763 ‚
1598 2684 1822 2749 eodem

284 2790 679 2857 detractionis
705 2793 923 2874 gladio
960 2792 1243 2875 seipsum
1269 2791 1781 2857 transverberare
1799 2838 1818 2872 ‚

282 2900 338 2960 et
373 2899 770 2981 proximum.
817 2898 1021 2962 Tanta
1070 2917 1329 2981 quoque
1382 2901 1478 2962 est
1531 2896 1823 2963 vicinitas

282 3005 720 3070 tacimrnitatis
755 3009 820 3069 et
843 3006 1173 3088 sapientiae
1203 3054 1221 3086 ,
1267 3004 1440 3087 quod
1473 3025 1505 3064 α
1529 3004 1552 3040 ⁸
1585 3002 1817 3068 stultus

281 3128 527 3198 quoque
542 3164 559 3196 ,
591 3116 650 3178 si
688 3113 995 3194 tacuerit,
1042 3115 1293 3196 sapiens
1327 3111 1749 3195 reputabitur.
1780 3134 1811 3172 n

286 3219 307 3254 ⁸
328 3222 556 3290 «Verba
593 3224 727 3289 oris
759 3222 1057 3306 sapientis
1089 3220 1299 3303 gratia
1320 3221 1429 3304 (a).
1452 3243 1483 3280 ι)
1509 3225 1535 3263 '¹
1559 3219 1824 3287 «Omnis

281 3345 474 3397 sermo
505 3332 724 3396 malus
765 3331 846 3395 de
891 3345 1004 3394 ore
1049 3332 1265 3393 vestro
1310 3346 1446 3392 non
1487 3327 1817 3411 procedat3

284 3436 380 3500 sed
404 3437 455 3501 si
481 3438 635 3521 quis
660 3437 868 3501 bonus
898 3439 994 3499 est
1018 3434 1100 3499 ad
1128 3433 1611 3500 aedificationem
1637 3436 1817 3516 fidei,

282 3546 346 3605 ut
358 3549 610 3624 prastet
623 3543 1111 3609 aediflcationem
1130 3543 1436 3608 audienti.
1450 3565 1482 3603 n
1500 3546 1523 3583 ⁸
1553 3568 1583 3605 (ι
1598 3543 1822 3609 Sermo

286 3655 481 3715 vester
514 3652 587 3716 in
629 3652 844 3734 gratia
877 3669 1130 3736 semper
1165 3650 1297 3717 sale
1332 3652 1415 3716 sit
1440 3653 1754 3718 conditus,
1781 3673 1813 3712 n

286 3753 539 3824 Sedetur
561 3759 645 3823 ad
668 3776 961 3823 mensam
980 3806 997 3837 ‚
1026 3759 1228 3823 hostis
1255 3759 1556 3843 antiquus
1594 3760 1823 3826 nititur

285 3879 527 3946 pascere
551 3885 834 3933 veneno.
871 3889 903 3929 α
930 3868 954 3903 ⁹
982 3866 1153 3932 Mors
1178 3870 1243 3933 et
1268 3867 1401 3933 vita
1425 3867 1496 3932 in
1520 3867 1823 3933 manibus

290 3969 357 4052 (b)
382 3972 655 4057 lingum.
680 3997 715 4034 n

357 4079 594 4174 Quarta
620 4082 926 4148 columna
948 4080 1179 4147 domus
1202 4081 1530 4166 sapientise
1558 4087 1653 4147 est
1677 4100 1825 4148 sua·

286 4185 548 4255 dibilitas
584 4193 655 4254 in
692 4189 928 4254 affectu
937 4235 959 4268 ‚
986 4190 1158 4273 quod
1194 4192 1454 4255 notatur
1488 4208 1640 4255 cum
1667 4189 1820 4255 dici·

282 4297 382 4358 tur
411 4319 430 4361 :
470 4323 505 4361 ιι
532 4297 916 4379 suadibilis,
943 4298 1129 4362 bonis
1156 4298 1579 4363 consentiens,
1607 4320 1639 4358 n
1676 4296 1826 4362 Nul-

286 4399 377 4465 lus
410 4411 509 4471 est
558 4406 885 4471 suadibilis
931 4407 996 4470 in
1038 4407 1207 4471 bono
1235 4455 1253 4487 ,
1302 4406 1430 4476 nisi
1474 4407 1820 4488 benignus.

286 4505 452 4577 Unde
482 4514 718 4580 dicitur
742 4513 827 4578 ¹⁹:
869 4537 901 4575 α
936 4512 1271 4596 Benignus
1297 4518 1393 4579 est
1426 4514 1688 4597 spiritus
1716 4533 1822 4579 sa-

285 4618 557 4698 pientiae.
599 4644 632 4683 ιο
676 4622 926 4701 Quanto
971 4622 1169 4688 homo
1221 4621 1563 4706 sapientior
1578 4671 1603 4702 ,
1647 4626 1825 4688 tanto

286 4728 645 4795 madibssior
694 4732 765 4795 in
807 4732 999 4796 bono.
1039 4754 1071 4793 α
1103 4731 1142 4767 ¹¹
1189 4729 1441 4794 Inauris
1485 4747 1716 4808 aurea,
1761 4732 1827 4795 et

286 4840 705 4920 margaritum
739 4839 999 4920 fulgens
1016 4886 1041 4919 ,
1071 4837 1185 4923 qui
1218 4837 1440 4920 arguit
1475 4838 1825 4921 sapientem

286 4949 344 5008 et
358 4963 586 5013 aurem
610 4949 1039 5015 obedientem.
1082 4969 1114 5009 ι»
1152 4928 1331 5013 Sicut
1364 4947 1607 5012 inauris
1642 4948 1827 5012 ornat

341 5144 358 5178 ¹
383 5147 538 5214 Aug„
568 5147 630 5199 de
664 5150 817 5202 civit.
848 5146 975 5209 Dei,
1002 5147 1086 5199 lib.
1117 5146 1251 5212 XIX,
1290 5161 1340 5198 c.
1377 5159 1493 5199 xm.
1519 5173 1584 5185 —
1611 5148 1632 5178 ²
1656 5148 1831 5212 Prov„

288 5226 387 5282 nv,
412 5222 491 5272 29.
516 5247 586 5261 —
609 5222 627 5253 ³
646 5224 773 5284 Iac„
803 5233 891 5285 111,
923 5224 1000 5274 13.
1024 5246 1079 5257 —
1107 5219 1320 5280 mccli..
1345 5232 1434 5285 xx,
1460 5223 1510 5272 7.
1535 5247 1590 5260 -
1612 5221 1634 5256 ⁸
1656 5222 1824 5286 Pron„

288 5299 418 5356 rm,
454 5296 541 5347 28.
570 5321 631 5335 —
669 5298 691 5328 ⁶
727 5295 914 5358 Eccle„
957 5306 1021 5358 x,
1055 5296 1131 5346 ¹2.
1161 5318 1224 5332 —
1262 5291 1286 5326 Ἰ
1323 5292 1529 5358 Ephes„
1557 5303 1635 5356 IV,
1661 5296 1740 5344 29.
1764 5320 1827 5334 -

289 5361 309 5389 ·
329 5361 541 5429 edom,
575 5377 644 5429 ιν,
669 5371 721 5418 6.
739 5393 803 5406 -
835 5366 854 5397 ⁹
880 5367 1053 5426 Pnov„
1088 5375 1237 5426 xvm,
1265 5366 1347 5415 21.
1374 5390 1439 5402 —
1470 5366 1508 5399 ¹·
1534 5364 1677 5429 Sap„
1705 5375 1746 5426 1,
1773 5366 1822 5416 6.

287 5457 342 5471 —
366 5438 403 5472 ¹¹
429 5438 612 5500 va„
634 5450 757 5502 xxv,
786 5441 865 5490 ¹2.
899 5463 956 5474 —
991 5436 1032 5470 ²¹
1056 5437 1220 5500 Pron„
1254 5446 1341 5498 lx,
1369 5439 1419 5487 7.
1446 5462 1511 5474 —
1546 5436 1586 5470 ¹³
1619 5435 1827 5498 Mutila,

289 5513 376 5571 vn,
392 5511 470 5560 ιο.
493 5536 565 5548 -
589 5510 629 5547 ¹⁴
649 5512 822 5576 prum,
845 5520 999 5572 mr,
1024 5509 1107 5572 26,
1123 5509 1209 5559 2⁰.
1225 5530 1289 5545 -
1313 5508 1355 5544 ¹⁸
1379 5507 1527 5573 Sap„
1554 5510 1739 5573 111,¹5.
1762 5532 1825 5546 —

515 5617 772 5668 mlx.

1929 655 2153 702 aurem
2177 683 2198 714 ,
2248 639 2310 702 et
2353 635 2710 717 margarita
2749 634 2821 700 in
2869 651 3105 699 corona
3149 636 3336 700 ornat
3378 635 3471 701 fa-

1929 742 2129 822 ciem;
2165 744 2254 808 sic
2290 744 2565 810 verbum
2603 743 2848 808 bonum
2875 746 3064 808 ornat
3089 743 3467 825 sapientem.

1930 851 2196 928 Quando
2236 852 2538 935 sapientis
2576 851 2907 934 disciplina
2944 850 3283 932 corrigeris
3305 899 3327 930 ,
3363 870 3474 916 or-

1928 958 2106 1023 naris
2132 963 2509 1025 ornamento
2552 957 3019 1041 pulcherrimo;
3050 960 3305 1041 quando
3344 959 3472 1024 dis-

1929 1062 2232 1145 ciplinam
2254 1065 2639 1146 contemniS‚
2673 1066 3093 1147 margaritam
3122 1067 3471 1132 conculcas,

1937 1189 1970 1228 α
1989 1168 2036 1202 ¹¹
2075 1166 2218 1232 Noli
2263 1187 2539 1250 arguere
2588 1168 2934 1235 derisorem
2961 1220 2978 1249 ‚
3023 1189 3107 1235 ne
3146 1170 3350 1235 oderit
3389 1174 3474 1236 te.

1931 1273 2157 1357 Argue
2185 1277 2534 1359 sapientem
2552 1327 2571 1358 ,
2598 1280 2662 1342 et
2686 1277 2910 1359 diliget
2936 1282 3020 1343 te.
3052 1299 3084 1339 ι»

2010 1385 2247 1463 Quinta
2274 1386 2571 1450 columna
2612 1389 2708 1450 est
2737 1385 3081 1451 liberalitas
3117 1386 3186 1452 in
3221 1386 3474 1452 effectu.

1932 1490 2259 1574 Sapientia
2310 1494 2451 1559 vult
2501 1494 2735 1559 babere
2792 1495 3287 1560 misericordiam
3342 1514 3477 1560 non

1932 1599 2143 1670 solum
2188 1600 2257 1664 in
2299 1601 2565 1680 affectu,
2609 1602 2720 1666 sed
2763 1602 2958 1666 etiam
3000 1602 3070 1666 in
3108 1603 3371 1682 effectu3
3412 1607 3477 1667 et

1932 1712 2191 1774 notatur
2218 1709 2306 1773 ibi
2356 1732 2372 1774 ε
2426 1733 2458 1770 α
2498 1709 2699 1775 Plena
2741 1711 3175 1776 misericordia
3209 1715 3272 1777 et
3298 1712 3470 1777 fruc·

1931 1816 2105 1882 tibus
2134 1817 2338 1883 bonis,
2359 1840 2389 1878 ι)
2417 1817 2461 1854 ¹⁸
2486 1819 2583 1882 «A
2610 1819 2921 1883 fructibus
2948 1837 3173 1884 eorum
3202 1837 3476 1900 cognos-

1933 1926 2086 1990 cetis
2114 1944 2242 1991 eos,
2258 1949 2288 1986 »
2319 1926 2366 1965 ¹⁸
2396 1948 2427 1988 α
2446 1925 2528 1991 Os
2546 1945 2739 1990 suum
2765 1927 3018 2010 aperuit
3043 1927 3390 2010 sapientiae,
3416 1933 3481 1991 et

1932 2032 2185 2115 aperuit
2212 2050 2479 2098 manum
2509 2051 2695 2097 suam
2720 2033 2935 2116 inopi,
2967 2038 3031 2098 et
3057 2034 3300 2117 palmas
3329 2051 3479 2098 suas

1932 2141 2215 2206 extendit
2263 2141 2341 2205 ad
2395 2159 2763 2224 pauperem.
2792 2141 2848 2200 ‘n
2908 2138 3061 2205 Vult
3118 2141 3427 2224 sapientia
3454 2187 3477 2219 ,

1932 2251 2103 2334 quod
2145 2251 2346 2316 homo
2387 2249 2572 2313 faciat
2623 2267 2815 2331 opera
2866 2266 2998 2313 non
3042 2250 3319 2329 lubrica,
3367 2248 3479 2313 sed

1930 2358 2278 2423 fructuosa.
2308 2359 2354 2397 ¹⁸
2382 2381 2416 2418 «
2446 2355 2771 2421 Bonorum
2810 2355 3107 2422 laborum
3148 2356 3474 2437 gloriosus

1932 2473 2026 2531 est
2043 2467 2309 2537 fructus.
2335 2488 2367 2526 u
2396 2467 2442 2506 ²⁸
2473 2489 2504 2527 (ι
2522 2464 2918 2531 Considerate
2939 2465 3113 2530 viros
3129 2465 3280 2529 boni
3297 2466 3479 2530 testi-

1931 2574 2135 2638 monii
2176 2577 2241 2638 et
2284 2573 2614 2656 sapientiae
2648 2573 2717 2656 (c)
2742 2620 2764 2652 ,
2811 2591 2974 2655 quos
3014 2573 3478 2638 constituamus

1930 2699 2126 2766 super
2167 2682 2291 2747 hoc
2324 2699 2487 2764 opus
2528 2680 3050 2763 dispensandum.
3081 2702 3112 2740 υ
3150 2679 3327 2746 Sicut
3350 2681 3475 2744 mi-

1930 2789 2272 2854 sericordia
2298 2791 2394 2853 est
2420 2788 2628 2852 amica
2654 2787 3002 2871 sapientiae,
3024 2788 3116 2852 sic
3140 2788 3478 2854 immiseri-

1931 2895 2146 2961 cordia
2170 2894 2451 2960 inimica.
2481 2895 2526 2931 ¹⁷
2562 2918 2593 2955 a
2619 2894 2775 2973 Quae
2801 2896 3213 2963 seminaverit
3239 2895 3433 2961 homo
3451 2947 3474 2978 ,

1930 3005 2072 3070 haec
2085 3007 2150 3069 et
2164 3007 2375 3069 metet.
2388 3026 2419 3064 υ
2442 3005 2486 3046 ¹⁸
2502 3003 2608 3069 «Si
2627 3009 2798 3070 terra
2817 3024 2961 3070 mea
2977 3009 3198 3071 contra
3221 3009 3474 3088 clamat,

1929 3115 1994 3177 et
2014 3130 2132 3196 pro
2160 3129 2238 3178 ea
2265 3112 2423 3178 sulci
2450 3113 2591 3195 ejus
2610 3113 2863 3178 deflent.
2886 3135 2918 3174 2>
2947 3112 3174 3181 Contra
3200 3132 3471 3208 avarum

1928 3219 2435 3304 dispensatorem
2462 3223 2635 3286 terra
2658 3220 2912 3288 clamat.

2010 3326 2205 3393 Sexta
2240 3327 2536 3393 columna
2575 3332 2670 3393 est
2706 3330 3041 3394 maturitas
3077 3330 3146 3394 in
3183 3331 3426 3413 judicio
3447 3381 3466 3412 ,

1929 3437 2103 3520 quod
2143 3440 2403 3501 notatur
2436 3436 2569 3504 ibi:
2616 3459 2648 3498 α
2673 3419 3004 3517 Judieans,
3044 3438 3180 3502 sine
3205 3438 3470 3505 simula-

1927 3544 2100 3610 tione
2121 3544 2284 3626 (ἀμ)
2313 3544 2359 3582 ¹⁹
2386 3543 2639 3610 «Iudex
2666 3545 2917 3628 sapiens
2932 3546 3246 3628 judicabit
3263 3566 3474 3631 popu-

1927 3651 2066 3717 lum
2103 3671 2319 3718 suum.
2361 3676 2392 3713 ι)
2429 3652 2657 3732 Suum,
2699 3653 2989 3736 inquam,
3037 3672 3230 3737 super
3273 3673 3467 3737 quem

1927 3759 2123 3826 habet
2174 3760 2658 3840 auctoritatem3
2717 3760 2870 3842 quia
2924 3761 2977 3824 si
3030 3762 3469 3828 auctoritatem
3565 3794 3711 3839 iudex

1927 3869 2368 3949 transcendat,
2412 3887 2547 3934 non
2590 3872 2685 3934 est
2711 3869 2913 3948 judex
2957 3869 3231 3952 sapiens.
3277 3870 3473 3944 Debet
3518 3856 3695 3963 {¹222}ss

1928 3978 2147 4041 autem
2169 3976 2369 4056 judex
2413 3994 2545 4041 non
2582 3979 2819 4042 temere
2853 3978 3142 4059 judicare
3168 4002 3186 4058 ;
3217 3980 3327 4045 sed
3354 3980 3474 4046 ha·
3493 3979 3709 4036 J'fldiw’·

1927 4082 2074 4148 beat
2096 4083 2165 4147 in
2182 4083 2427 4166 judicio
2454 4083 2855 4148 rectitudinis
2877 4087 3269 4170 aequitatem,
3299 4089 3472 4153 noti-

1926 4191 2035 4256 tiae
2089 4191 2462 4257 claritatem.
2521 4191 2788 4275 Propter
2838 4195 3222 4276 aequissimae
3275 4197 3468 4261 recti-

1928 4297 2169 4364 tudinis
2211 4300 2420 4364 zelum
2460 4299 2614 4364 dicit
2652 4298 2970 4383 Propheta
2991 4302 3039 4338 ’⁰
3072 4325 3088 4369 ε
3128 4325 3160 4365 α
3197 4302 3280 4370 Os
3311 4306 3471 4387 justi

1928 4407 2340 4474 meditabitur
2371 4407 2777 4491 sapientiam,
2819 4414 2881 4474 et
2914 4410 3148 4494 lingua
3190 4415 3332 4495 ejus
3373 4413 3469 4477 lo-

1931 4518 2167 4596 quetur
2186 4514 2529 4598 judicium.
2567 4537 2599 4577 n
2633 4516 2842 4583 Judex
2868 4523 3039 4585 recto
3068 4519 3202 4584 zelo
3233 4525 3468 4602 motuS,

1931 4623 2230 4706 reprobat
2256 4623 2447 4703 mala,
2478 4625 2783 4707 approbat
2808 4627 2999 4691 hona.
3030 4629 3073 4669 ¹¹
3110 4651 3141 4688 ε(
3158 4627 3315 4709 Rex,
3359 4631 3473 4712 qui

1933 4730 2109 4796 sedet
2145 4730 2213 4794 in
2242 4730 2401 4797 solio
2425 4732 2650 4815 judicii
2671 4781 2690 4814 ,
2720 4733 2981 4818 dissipat
3009 4754 3199 4801 omne
3228 4737 3473 4802 malum

1932 4837 2175 4904 intuitu
2223 4857 2364 4906 suo,
2408 4861 2441 4901 n
2485 4839 2698 4920 lllum,
2744 4860 2941 4924 quem
2985 4844 3142 4924 odis,
3182 4845 3475 4929 judicare

1932 4963 2066 5011 non
2095 4950 2272 5029 potes
2295 4996 2315 5027 ,
2361 4948 2515 5032 quia
2560 4948 2783 5015 oculus
2827 4951 3098 5017 odientis
3111 5002 3131 5032 ,
3161 4955 3476 5021 obductus

1937 5120 1975 5152 ¹⁸
1991 5118 2128 5181 Act„
2150 5131 2224 5185 vr,
2250 5121 2301 5173 3.
2322 5147 2393 5178 -,
2416 5122 2455 5160 ¹⁷
2478 5121 2669 5185 Galae„
2698 5134 2770 5188 vr,
2802 5126 2850 5177 8.
2867 5150 2935 5170 --
2954 5124 2998 5161 ¹⁸
3011 5123 3121 5191 Iob,
3137 5137 3286 5193 mi,
3313 5131 3394 5181 38.
3414 5156 3473 5169 —

1930 5192 2190 5328 ¹¹⁹¹‚Egcli.,
2232 5205 2295 5257 x,
2343 5199 2390 5245 1.
2432 5221 2489 5233 —
2532 5195 2576 5232 ²⁰
2612 5194 2750 5247 Psal.
2795 5210 2955 5263 xxxv,
3000 5199 3079 5251 30.
3113 5225 3174 5238 -
3218 5201 3266 5237 ¹¹
3305 5201 3474 5267 Pron„

1996 5361 2064 5427 (a)
2112 5362 2259 5428 ναῖς.
2304 5364 2487 5430 gratia.
2523 5392 2586 5405 -
2623 5366 2693 5433 (ὁ)
2737 5367 2896 5433 Vutq..
2927 5383 3102 5421 mann.
3139 5399 3204 5412 —-
3234 5373 3295 5440 (c)
3328 5374 3470 5440 Vulq.

1926 5431 2325 5570 ssglilgsspffim
2352 5439 2528 5489 sancto
2554 5440 2608 5489 et
2636 5439 2968 5505 sapientia.-
3003 5442 3083 5509 (d)
3125 5445 3335 5512 Corriqe
3359 5448 3476 5499 Non

3203 5617 3243 5678 3
