4196 6294
386 683 601 736 initium.
630 679 780 743 Quod
802 678 918 732 duae
941 670 1060 730 sunt
1083 673 1272 728 scholas
1291 671 1384 742 (a),
1412 674 1465 728 et
1493 674 1600 728 duo
1622 688 1709 745 ge·

385 764 516 807 nera·
540 753 843 807 discentium
874 750 962 815 (b).

325 829 400 881 ΒΘ
426 826 801 878 ambulantibus
825 825 882 875 in
907 824 1038 890 lege.
1056 822 1182 872 Tres
1203 818 1320 883 vioe,
1345 817 1456 884 Dei,
1486 818 1710 871 hominis

386 903 438 950 et
463 898 669 949 diaboli.
702 898 868 958 Quare
896 895 978 946 lex
1007 892 1202 944 dicatur
1219 892 1418 943 umbra.
1443 858 1710 956 Praecepta

388 970 481 1022 Dei
512 970 736 1036 quinque
762 966 1058 1021 nominibus
1086 964 1439 1028 designantur.
1465 990 1530 1002 —
1557 964 1705 1016 Beth.

386 1041 728 1096 Corr'ectionis
754 1042 916 1106 signa.
951 1036 1157 1103 Triplici
1178 1036 1335 1087 modo
1362 1034 1576 1101 quisque
1610 1050 1706 1102 po-

388 1118 487 1165 test
510 1113 686 1179 repelli
711 1128 742 1163 a
770 1114 897 1164 Deo.

325 1188 399 1237 De
421 1186 564 1250 nido,
589 1200 691 1237 ovo
719 1189 770 1236 et
803 1184 960 1249 pullo.
990 1184 1104 1234 Duo
1141 1182 1263 1231 sunt
1286 1191 1402 1244 quoe
1427 1178 1713 1244 impediunt

387 1257 520 1308 labia
545 1257 703 1324 loqui.
731 1284 795 1296 —
815 1254 995 1306 Gimel.
1022 1256 1102 1304 An
1120 1254 1257 1303 Deus
1274 1264 1503 1316 unquam
1529 1251 1711 1303 reddat

387 1330 579 1381 malum
614 1343 709 1394 pro
752 1328 908 1379 malo·
950 1325 1248 1380 Cavendum
1291 1337 1322 1373 a
1365 1327 1582 1389 quatuor
1627 1323 1708 1389 (c).

389 1401 533 1454 Oculi
560 1401 867 1464 exteriores,
906 1404 958 1450 et
993 1397 1280 1448 interiores.
1318 1396 1392 1445 De
1434 1393 1596 1460 gratia
1635 1394 1707 1460 (d)

387 1472 722 1545 praecedente,
754 1471 1030 1524 comitante
1057 1471 1109 1520 et
1135 1467 1493 1532 subsequente.

327 1546 382 1597 ln
417 1538 661 1612 martyrio
684 1545 747 1609 (e)
771 1543 884 1594 tria.
911 1543 1174 1603 Praecepta
1200 1538 1294 1590 Dei
1334 1539 1451 1588 octo
1488 1535 1710 1587 nomini-

387 1615 485 1669 bus
512 1614 861 1681 designantur.
864 1640 928 1651 —
946 1611 1144 1663 Daleth.
1163 1610 1265 1661 Cor
1285 1612 1541 1669 nostrum,
1561 1608 1707 1672 pavi-

386 1690 636 1739 mentum.
672 1687 816 1738 Beati
840 1684 1027 1737 Nicasii
1050 1681 1228 1734 ultima
1261 1681 1421 1732 verba
1450 1679 1530 1744 (c).
1562 1681 1713 1740 Quod

388 1759 542 1813 Filius
566 1759 661 1810 Dei
685 1759 915 1811 Verbum
943 1756 1116 1807 multis
1142 1754 1312 1805 modis
1340 1753 1538 1805 dicitur.
1569 1753 1707 1804 Ordo

390 1831 671 1882 servandus
709 1832 766 1882 in
802 1829 1093 1882 dilectione.
1121 1854 1186 1866 —
1224 1827 1320 1879 He.
1360 1825 1478 1877 Tria
1510 1823 1566 1875 in
1601 1824 1711 1892 lege

389 1905 633 1956 notanda.

329 1977 462 2038 Quid
493 1977 558 2027 sit
585 1975 778 2027 habere
818 1974 986 2039 legem
1009 1972 1062 2025 in
1091 1972 1269 2036 corde,
1309 1973 1362 2022 et
1387 1984 1480 2022 cor
1498 1969 1552 2021 in
1576 1969 1709 2035 lege.

391 2052 466 2099 De
499 2047 693 2098 viribus
722 2045 906 2098 animae
939 2046 994 2096 in
1030 2045 1208 2097 ordine
1241 2043 1306 2094 ad
1348 2044 1531 2094 Deum.
1562 2041 1713 2093 Aliud

391 2124 469 2172 est
493 2119 676 2171 deduci
699 2119 754 2169 in
773 2118 1029 2183 semitam,
1055 2116 1189 2168 aliud
1216 2115 1271 2165 in
1297 2114 1495 2165 semita.
1525 2115 1600 2165 ΒΘ
1626 2113 1717 2164 tri-

390 2192 509 2256 plici
534 2189 777 2242 vanitate.
807 2189 955 2249 Quod
986 2188 1226 2239 mandata
1247 2185 1338 2238 Dei
1367 2189 1485 2236 sunt
1511 2184 1712 2236 dilectio

390 2264 485 2314 Dei
510 2266 562 2313 et
597 2261 1038 2328 proximi.—Vau.
1061 2262 1134 2313 De
1151 2257 1468 2326 quadruplici
1491 2257 1567 2323 (s)
1590 2257 1716 2323 peti-

389 2335 588 2387 tionum
615 2347 821 2400 genere.

329 2410 402 2461 De
438 2408 673 2460 versione
715 2406 1046 2472 Septuaginta
1085 2406 1164 2469 (c).
1199 2406 1272 2455 De
1314 2403 1519 2455 diverso
1555 2403 1714 2454 modo

389 2479 628 2531 cantandi
642 2478 909 2531 Lectiones
928 2481 978 2530 et
1000 2476 1350 2541 Evangelium.
1369 2474 1518 2536 Quod
1531 2474 1586 2524 in
1606 2474 1717 2538 jus-

388 2552 660 2603 tificatione
681 2553 859 2602 nostra
875 2553 1095 2615 quatuor
1113 2547 1460 2613 requiruntur.
1483 2572 1548 2584 —
1568 2547 1711 2597 Zain.

391 2626 465 2674 De
484 2623 776 2688 quietudine
792 2626 844 2673 et
858 2620 1227 2685 inquietudine.
1242 2619 1389 2679 Quod
1406 2617 1567 2669 homo
1584 2618 1717 2669 mul-

388 2695 629 2759 tipliciter
660 2693 859 2746 dicitur.
904 2694 1069 2754 Quam
1111 2693 1272 2743 multa
1308 2691 1635 2743 inveniantur
1661 2691 1716 2742 in

390 2767 591 2818 Christo
634 2766 720 2832 (c).
768 2767 842 2816 De
873 2765 1118 2831 petitione
1154 2764 1302 2829 panis
1345 2763 1623 2814 materialis
1667 2766 1720 2815 et

389 2838 679 2904 spiritualis.
718 2838 852 2899 Quid
898 2838 954 2888 in
987 2840 1318 2903 peccatorum
1357 2836 1716 2888 recordatione

388 2914 653 2976 miserum,
683 2912 934 2977 miseriuS,
966 2912 1309 2962 miserrimum
1346 2909 1425 2975 (c).

329 2985 480 3038 lieth.
507 2984 652 3045 Quod
683 2984 912 3035 Christus
943 2983 1247 3035 clericorum
1266 2982 1434 3046 portio
1457 2984 1552 3033 est.
1588 2983 1720 3034 Cor-

389 3071 487 3121 pus
503 3071 621 3107 cum
649 3056 812 3119 capite
834 3055 1033 3107 Christo
1055 3055 1310 3118 particeps
1327 3052 1382 3102 in
1401 3052 1620 3104 duobus.
1642 3054 1716 3105 De

387 3129 556 3180 littera
581 3127 868 3194 occidente,
888 3131 940 3179 et
963 3125 1142 3193 spiritu
1163 3124 1454 3176 vivificante
1484 3126 1566 3192 (c).
1587 3126 1719 3186 Quid

389 3201 667 3252 debeamus
694 3201 823 3260 Dec,
847 3199 976 3264 quid
1009 3199 1194 3250 debeat
1226 3198 1364 3248 Deus
1386 3198 1559 3248 nobis.
1591 3197 1714 3248 Fide

391 3271 645 3322 credimus
673 3272 856 3334 Deum,
886 3267 992 3322 Deo
1026 3270 1157 3320 etin
1187 3270 1368 3320 Deum.
1399 3270 1473 3319 De
1499 3271 1718 3335 quatuor

389 3343 722 3393 debitoribus.
756 3343 903 3403 Quod
947 3356 1053 3392 nox
1086 3340 1270 3392 dicitur
1305 3340 1407 3392 hoc
1451 3341 1716 3393 saeculum.

392 3416 467 3465 De
509 3414 724 3465 diversis
752 3414 956 3480 judiciis
986 3414 1096 3465 Dei.

329 3486 472 3539 Teth.
503 3485 626 3537 Tres
649 3490 765 3537 sunt
788 3487 903 3548 vire,
927 3499 1042 3551 quas
1071 3486 1263 3536 ducunt
1289 3482 1354 3534 ad
1380 3483 1614 3548 patriam.
1639 3486 1714 3537 De

391 3558 674 3610 differentia
701 3558 945 3621 scientim,
971 3560 1024 3608 et
1048 3557 1348 3619 disciplinae.
1379 3556 1528 3616 Quod
1553 3556 1714 3610 homo

390 3631 589 3681 debitor
613 3635 692 3681 est
718 3632 841 3691 Deo,
874 3629 971 3680 sibi
995 3632 1048 3681 et
1067 3629 1326 3694 proxime.
1349 3627 1481 3688 Quid
1504 3630 1555 3678 et
1567 3643 1717 3698 quo<

389 3703 546 3754 modo
564 3701 763 3753 solvere
784 3701 984 3753 debeat.
1005 3700 1248 3752 Praelatus
1271 3699 1529 3762 quomodo
1551 3699 1716 3752 Chris·

389 3778 496 3826 tum
507 3773 635 3825 lacte
645 3778 897 3855 pascat.-
843 3773 1023 3824 -.10d
1038 3774 1112 3823 ΒΘ
1123 3770 1305 3836 triplici
1317 3770 1715 3824 immortalltate

394 3845 526 3906 Quid
554 3846 619 3896 sit
645 3844 844 3911 imago,
879 3849 934 3896 et
959 3844 1083 3910 quid
1108 3844 1172 3895 ad
1198 3842 1475 3907 imaginem
1493 3843 1604 3896 Dei.
1641 3845 1716 3896 De

389 3916 633 3981 dignitate
661 3916 904 3976 hominia,
935 3919 988 3966 et
1012 3915 1077 3966 ad
1105 3914 1228 3981 q-uid
1251 3913 1411 3964 homo
1438 3914 1602 3966 factus
1630 3916 1712 3967 sit.

328 3989 402 4040 De
428 3988 625 4039 ratione
655 3987 983 4038 articulorum
1007 3986 1147 4037 fidei.
1182 3987 1258 4037 De
1292 3985 1492 4037 duobus
1518 3986 1716 4051 generi-

388 4060 484 4110 bus
502 4059 983 4124 proverbiorum.-
998 4057 1156 4121 Caph.
1177 4059 1252 4107 De
1271 4057 1533 4121 multiplici
1546 4058 1716 4108 incur·

385 4133 610 4183 vatione.
651 4132 769 4184 Vita
805 4131 982 4181 nostra
1014 4132 1234 4195 quatuor
1277 4129 1341 4180 de
1381 4130 1545 4180 causis
1581 4131 1714 4181 mili·

386 4203 468 4254 tias
498 4203 565 4266 (9)
599 4208 944 4267 comparatur.
971 4200 1120 4260 Quod
1149 4200 1376 4251 Deficere
1404 4201 1578 4252 multis
1603 4216 1714 4253 mo·

384 4274 461 4325 dis
492 4274 693 4325 dicitur.
723 4273 854 4324 Vitas
882 4271 1061 4323 activae
1088 4275 1139 4322 et
1175 4272 1582 4338 contemplativas
1609 4274 1712 4325 col-

382 4346 503 4397 latio
525 4347 603 4411 (c).
620 4345 825 4396 Fabulae
852 4344 996 4395 vocis
1019 4343 1320 4408 significatio
1346 4344 1613 4409 multiplex
1634 4346 1711 4408 (c).

325 4419 400 4469 De
430 4417 594 4486 tribus
622 4416 899 4483 generibus
918 4414 1170 4480 martyrii.
1193 4442 1257 4453 -
1279 4416 1487 4467 Lamed.
1506 4417 1713 4481 Triplici

385 4490 447 4541 de
459 4503 612 4541 causa
629 4491 799 4553 potest
816 4487 995 4552 aliquis
1007 4501 1245 4537 recusare
1259 4486 1507 4538 laborem.
1528 4490 1714 4554 Super·

381 4575 570 4613 norum
596 4559 843 4625 perfectio
882 4558 1089 4622 triplex.
1129 4560 1204 4609 De
1238 4558 1462 4625 quinque
1495 4561 1712 4613 diversis

378 4633 526 4684 locis.
556 4633 784 4690 Quatuor
805 4630 971 4681 modis
1008 4629 1318 4680 meditamur
1344 4631 1561 4695 agenda.
1597 4632 1708 4683 Tri-

380 4704 500 4769 plex
518 4702 804 4754 officiorum
827 4714 992 4767 genus
1011 4699 1158 4764 (c).-
1175 4702 1331 4751 Mem.
1353 4701 1612 4753 Meditatio
1634 4702 1709 4755 le·

379 4776 457 4842 gis
478 4774 696 4827 valetud
713 4774 826 4826 tria.
845 4774 968 4835 Quis
984 4787 1138 4837 unus,
1155 4773 1309 4837 quive
1333 4773 1453 4838 duc,
1483 4775 1535 4825 in
1554 4789 1708 4827 carne

381 4863 481 4899 una
507 4847 588 4898 vel
616 4847 841 4911 gemina.
872 4845 1023 4905 Quod
1058 4844 1254 4910 justitia
1286 4845 1445 4896 lorica
1470 4850 1563 4897 est.
1592 4848 1708 4898 Jus-

378 4919 502 4971 titiae
540 4917 808 4982 proprium
836 4921 915 4968 est
948 4915 1163 4966 reddere
1200 4917 1382 4981 cuique
1423 4931 1574 4968 suum
1620 4919 1708 4985 (c).

381 4990 491 5042 Cibi
528 4989 800 5053 spiritualis
836 4987 1192 5053 proprietates.
1221 4987 1435 5052 Eloquia
1460 4990 1554 5040 Dei
1582 5005 1707 5057 quo·

378 5061 534 5112 modo
562 5061 745 5111 dulcia.
764 5087 828 5098 -
851 5063 985 5110 Nun.
1018 5061 1249 5110 Lucerna
1277 5059 1374 5110 tria
1403 5059 1542 5123 facit,
1570 5067 1623 5113 et
1646 5063 1708 5113 si-

381 5125 567 5183 militer
589 5131 807 5182 verbum
835 5131 947 5182 Dei.
970 5132 1044 5181 De
1061 5131 1353 5195 juramento
1380 5130 1534 5196 licito,
1564 5138 1616 5185 et
1641 5135 1705 5185 de

317 5252 324 5259 .
379 5205 571 5277 illicito.
600 5205 676 5254 De
708 5202 1030 5255 confessione
1057 5202 1262 5264 triplici.
1291 5203 1348 5253 ln
1377 5204 1522 5268 cujus
1551 5218 1707 5257 manu

379 5276 446 5327 sit
469 5270 640 5326 anima
665 5274 940 5340 cujusque.
958 5271 1162 5342 Triplici
1187 5276 1373 5327 morbo
1399 5275 1601 5329 laborat
1620 5293 1706 5345 ge·

355 5347 364 5360 ⁸
379 5363 477 5401 nus
502 5349 801 5399 humanum.

316 5422 396 5475 Ad
422 5422 534 5473 baec
563 5420 750 5486 triplex
771 5417 1058 5471 antidotum
1095 5421 1337 5487 apposuit
1361 5420 1596 5476 Christus
1619 5423 1702 5489 (c).

1786 516 2046 606 mnssx‘.

1771 748 1862 801 298

1771 1467 1864 1518 300

1776 1897 1864 1950 301

1777 2330 1870 2381 302

1779 2913 1870 2965 303

1778 3414 1869 3466 301

1777 3918 1867 3970 305

1775 4348 1866 4400 306

1767 5354 1858 5406 308

372 5559 432 5613 (a)
454 5557 565 5604 Cei.
583 5557 690 5602 edii.
723 5555 866 5601 scala.
886 5578 941 5590 —
979 5555 1037 5611 (b)
1066 5556 1179 5602 leem
1204 5522 1654 5605 damnantium·-
1672 5559 1726 5620 (Θ)
1764 5562 1868 5608 Boe

2033 702 2097 717 —
2118 677 2353 730 S‘amech.
2379 679 2505 731 Tres
2524 678 2646 730 sunt
2667 678 2865 744 species
2883 676 3185 731 dilectionis.
3211 674 3360 741 Quod

2033 752 2172 802 Deus
2189 749 2396 815 adjuvat
2419 750 2677 815 cadentes,
2696 749 2926 802 infirmos
2948 752 3001 801 et
3014 750 3261 816 jacentes.
3283 754 3361 805 De

2035 822 2219 886 tripIIci
2243 821 2416 887 judice
2453 823 2517 887 (c)
2545 827 2597 873 et
2628 822 2812 887 triplici
2832 821 3044 886 judicio.
3073 823 3211 874 Deus
3247 824 3360 875 ubi·

2034 908 2135 960 que
2155 894 2437 945 advocatus
2460 893 2539 957 (ε).
2561 896 2809 946 Peccator
2828 893 2945 945 coeli
2972 894 3085 959 quis
3108 894 3187 958 (ε).
3208 896 3359 955 Quod

2033 967 2132 1019 tria
2158 967 2310 1018 nobis
2343 967 2481 1018 dedit
2511 968 2663 1020 Deus.
2701 968 2858 1019 Casus
2892 965 3117 1018 hominis
3154 967 3357 1034 triplex,

2035 1042 2087 1090 et
2111 1038 2297 1103 triplex
2327 1039 2647 1103 recuperatio
2687 1038 2767 1103 (c).

2032 1195 2149 1233 rum
2176 1195 2386 1246 genera.
2414 1185 2456 1233 A
2481 1182 2644 1233 tribus
2663 1181 2851 1246 aliquid
2867 1181 3116 1233 sustinere
3136 1182 3250 1248 quis
3269 1197 3361 1249 po·

2032 1255 2151 1321 test.
2182 1256 2283 1305 Sex
2314 1254 2552 1318 leguntur
2579 1257 2907 1318 tempora.-
2936 1254 3061 1306 Phe.
3088 1256 3215 1306 Duae
3242 1258 3362 1308 sunt

2033 1326 2149 1376 viae.
2179 1328 2346 1390 Opera
2376 1326 2470 1376 Dei
2494 1325 2746 1376 mirabilia
2772 1324 2996 1390 quinque
3020 1325 3082 1375 de
3110 1326 3294 1378 causis.

1972 1398 2133 1450 Vetus
2158 1399 2539 1449 Testamentum
2567 1396 2853 1447 declaratur
2870 1410 2964 1460 per
2990 1410 3186 1448 novum
3203 1412 3359 1462 prop-

2033 1473 2114 1520 ter
2149 1470 2264 1520 tria.
2295 1468 2641 1521 lrradiationis
2668 1470 2721 1519 et
2757 1467 3143 1519 illuminationis
3180 1469 3361 1521 discri-

2033 1554 2173 1592 men.
2201 1542 2324 1591 Tres
2340 1540 2682 1605 lacrymarum
2697 1539 2912 1605 species.
2929 1565 2991 1578 —
3011 1541 3162 1591 Sade.
3180 1542 3256 1592 De
3276 1540 3357 1592 in-

2035 1612 2260 1674 tellectu,
2285 1612 2546 1663 voluntate
2575 1616 2627 1663 et
2661 1612 2929 1664 memoria.
2966 1612 3171 1679 Triplex
3196 1613 3363 1665 occul-

2032 1688 2205 1735 torum
2229 1688 2556 1749 peccatorum
2588 1698 2768 1749 genus.

1975 1758 2112 1807 Deus
2138 1755 2319 1811 dicitur
2345 1756 2569 1807 districte
2596 1769 2750 1821 agere
2777 1756 2990 1821 propter
3016 1754 3132 1807 tria.
3158 1756 3364 1822 Triplici

2036 1830 2101 1881 de
2129 1844 2283 1880 causa
2320 1828 2534 1894 quisque
2568 1830 2833 1880 tabescere
2869 1829 3055 1893 potest.
3097 1829 3270 1882 Oratio
3308 1832 3365 1881 ut

2035 1900 2278 1952 ascendat
2294 1901 2358 1950 ad
2377 1901 2585 1963 cmlum,
2606 1901 2767 1965 ignita
2788 1913 2901 1951 esse
2925 1899 3079 1950 debet
3100 1902 3181 1963 (c).
3208 1899 3364 1960 Quin-

2034 1972 2211 2038 tuplex
2239 1972 2425 2023 Christi
2459 1971 2855 2023 commendatio.
2888 1972 3169 2023 Pendentia
3194 1972 3363 2024 mitrae

2037 2044 2164 2110 quid
2172 2043 2541 2110 significent.-
2557 2043 2722 2108 Coph.
2741 2045 2814 2094 De
2827 2042 3095 2108 multiplici
3107 2043 3359 2109 angustia.

2037 2120 2113 2170 ΒΘ
2150 2117 2461 2168 conscientia
2501 2115 2805 2182 tranquilla,
2830 2117 2916 2167 vel
2955 2129 3092 2182 non,
3118 2117 3253 2168 bene
3282 2118 3365 2169 vel

2037 2189 2172 2241 male
2204 2189 2297 2253 (a).
2315 2188 2499 2239 Anima
2516 2187 2698 2239 civitas
2716 2192 2792 2240 est
2811 2188 2999 2239 summi
3019 2188 3193 2254 Regis.
3216 2190 3365 2251 Quod

2037 2263 2249 2314 virtutes
2274 2261 2489 2327 singulm
2527 2264 2763 2313 mutuum
2791 2262 2991 2312 caeteris
3015 2261 3248 2327 praebent
3273 2275 3365 2317 au-

2037 2334 2215 2385 xilium
2248 2333 2338 2397 (a).
2362 2332 2546 2384 Medici
2571 2332 2685 2383 falsi
2711 2333 2807 2384 tria
2832 2333 2971 2386 vitia.

1977 2405 2300 2460 OEconomiae
2327 2405 2525 2469 species
2548 2405 2683 2456 duae.
2714 2407 2771 2456 ln
2786 2408 2924 2456 terra
2944 2404 3013 2470 (Ιι)
3038 2405 3227 2457 mentis
3242 2418 3365 2458 nos—

2038 2482 2132 2530 trae
2163 2481 2281 2529 octo
2316 2476 2555 2542 agricolas
2591 2477 2989 2529 seminaverunt.
3020 2479 3158 2529 Deus
3185 2478 3367 2530 dicitur

2037 2560 2201 2615 prope
2236 2548 2400 2600 tribus
2428 2548 2493 2600 de
2525 2549 2771 2599 causis.-
2799 2548 2982 2601 Resch.
3009 2553 3088 2600 An
3110 2549 3368 2602 humilitas

2040 2624 2343 2673 caeterarum
2370 2620 2619 2671 virtutum
2643 2621 2712 2672 sit
2737 2624 2891 2686 caput
2920 2622 3003 2685 (c).
3022 2619 3209 2672 Videre
3230 2623 3369 2674 Deus

2038 2694 2386 2760 multipliciter
2412 2693 2614 2746 dicitur.
2642 2696 2718 2746 De
2761 2693 3029 2760 multiplici
3052 2694 3367 2761 {litigantium

2040 2780 2248 2833 genere.

1979 2840 2057 2890 An
2105 2842 2158 2890 et
2194 2852 2298 2903 quo
2331 2836 2471 2889 exitu
2511 2837 2639 2889 boni
2688 2840 2741 2889 et
2780 2837 2903 2889 mali
2944 2837 3134 2903 quique
3173 2840 3368 2893 exami-

2040 2909 2199 2961 nandi
2224 2909 2306 2973 (Θ).
2337 2911 2412 2960 ΒΘ
2439 2908 2628 2960 virtute
2663 2909 2920 2975 passionis
2950 2910 3136 2963 Christi
3166 2911 3251 2977 (c).
3275 2914 3370 2965 Co—

2041 2981 2318 3047 gitationis,
2347 2980 2694 3032 meditationis
2718 2984 2771 3032 et
2801 2982 3251 3046 contemplationis
3271 2983 3371 3035 dis-

2039 3053 2252 3104 crimen.
2283 3051 2511 3105 Christus
2526 3052 2678 3117 alpha
2694 3055 2747 3104 et
2764 3066 2967 3117 omega.
2990 3056 3065 3105 De
3084 3054 3370 3121 Epiphania

2042 3127 2095 3176 et
2131 3124 2294 3176 tribus
2322 3123 2507 3176 Christi
2533 3122 2956 3190 apparitionibus.

1980 3199 2054 3249 ΒΘ
2065 3195 2249 3260 triplici
2265 3201 2550 3262 martyrum
2559 3209 2747 3263 genere
2755 3223 2832 3246 .—-
2843 3195 2954 3248 Sin.
2973 3198 3048 3248 De
3061 3197 3248 3262 triplici
3270 3212 3373 3251 em-

2042 3269 2350 3334 plastrorum
2379 3268 2583 3333 effectu,
2616 3269 2670 3319 et
2693 3267 2756 3319 de
2788 3268 2989 3320 medico
3017 3268 3238 3322 Christo.
3270 3271 3372 3322 Ad-

2039 3344 2228 3391 ventus
2247 3340 2430 3391 Christi
2450 3340 2641 3406 tulguri
2669 3343 2996 3405 comparatur
3021 3346 3235 3406 propter
3256 3343 3370 3397 tria.

2042 3414 2270 3466 Charitas
2310 3412 2510 3479 integra
2534 3416 2747 3478 propter
2773 3413 2888 3464 tria.
2920 3413 3049 3464 Laus
3089 3414 3184 3466 Dei
3219 3415 3374 3469 debet

2041 3499 2155 3537 esse
2185 3489 2435 3551 perpetua
2461 3486 2542 3548 (c).
2572 3483 2756 3537 Omnia
2790 3483 2945 3535 nobis
2971 3499 3004 3535 a
3043 3486 3153 3537 Deo
3182 3500 3366 3551 prove·

2040 3558 2283 3609 ninnt.—
2311 3557 2434 3608 Tau.
2467 3557 2541 3608 De
2571 3554 3017 3606 consummatione
3037 3556 3325 3623 multiplici.

1980 3628 2269 3692 Quotuplici
2311 3628 2468 3679 modo
2507 3627 2574 3679 ad
2603 3629 2770 3679 Deum
2804 3626 3218 3693 appropinquare
3256 3629 3373 3694 quis

2040 3701 2218 3767 possit.
2252 3701 2435 3753 Utrum
2470 3699 2637 3765 majus
2668 3699 2735 3749 sit
2767 3712 2801 3750 a
2824 3698 2960 3750 vitiis
2991 3713 3047 3751 se
3084 3714 3371 3765 revocasse,

2041 3788 2110 3826 an
2130 3773 2255 3824 vitia
2271 3772 2513 3824 nesciisse
2538 3773 2620 3838 (c).
2642 3772 2793 3832 Quod
2814 3771 3122 3836 praedicator
3157 3772 3261 3825 duo
3285 3774 3374 3826 ha·

2039 3848 2163 3898 bere
2191 3845 2360 3898 debet.
2398 3847 2474 3896 De
2510 3843 2700 3908 triplici
2730 3842 3044 3908 judiciorum
3080 3844 3373 3899 divinorum

2038 3931 2229 3984 genere
2258 3917 2339 3980 (c).
2368 3918 2445 3968 De
2475 3929 2604 3967 vero
2642 3915 2726 3966 vel
2765 3915 2893 3967 salso
2923 3920 3148 3981 pastore.
3177 3919 3254 3970 ΒΘ
3280 3919 3375 3972 ho·

2039 3990 2177 4041 mine
2207 3988 2495 4044 vulnerato,
2522 3990 2575 4040 et
2606 3987 2669 4039 de
2698 3987 3041 4042 Samaritano.

1978 4064 2191 4113 Amana
2222 4069 2502 4112 exposrno
2535 4069 2771 4110 musnet
2807 4070 3003 4111 psum
3050 4061 3160 4111 118.
3209 4063 3372 4128 Argu-

2037 4136 2268 4183 mentum
2295 4145 2358 4182 ex
2390 4129 2611 4182 editione
2639 4130 2904 4183 Vaticana.
2935 4131 3204 4199 Prologus.

1977 4206 2141 4270 Caput
2164 4203 2411 4270 primum.
2433 4203 2581 4253 Beati
2607 4202 2937 4256 immaculati.

1977 4278 2140 4341 Caput
2170 4273 2473 4326 secundum.
2499 4272 2733 4325 Reiribue
2759 4289 2899 4325 servo
2926 4277 3027 4326 tuo.

1977 4350 2143 4414 Caput
2175 4347 2402 4399 tertium.
2427 4346 2605 4412 Leqem
2625 4361 2752 4411 pone
2778 4347 2930 4410 mihi,
2957 4348 3183 4400 Domine.

1977 4423 2138 4486 Caput
2172 4421 2428 4485 quartum.
2464 4419 2657 4469 Memor
2683 4421 2788 4468 esto
2812 4418 2955 4470 verbi
2973 4418 3071 4471 tui.

1975 4495 2140 4558 Caput
2172 4492 2425 4557 quintum.
2455 4489 2738 4541 Bonitaiem
2777 4491 2966 4555 fecisti.

1976 4567 2140 4630 Caput
2174 4566 2395 4614 sextum.
2424 4563 2620 4626 Defecit
2648 4562 2700 4613 in
2726 4562 2951 4614 salutare
2979 4564 3142 4612 tuum.

1975 4638 2138 4702 Caput
2168 4635 2463 4700 septimum.
2494 4634 2741 4696 Quomodo
2768 4634 2934 4685 dilexi
2962 4633 3118 4698 leuem
3143 4636 3304 4687 tuam.

1948 4710 2137 4773 *Caput
2158 4703 2422 4759 octavum.
2457 4707 2658 4771 Inique!
2685 4705 2798 4757 odio
2825 4704 3000 4758 habui.

1974 4781 2137 4846 Caput
2165 4792 2383 4830 nonum.
2408 4777 2677 4829 Mirabilia
2699 4777 2984 4829 testimonia
3013 4779 3118 4828 lua.

1974 4853 2137 4916 Caput
2168 4849 2443 4913 decimum,
2475 4847 2707 4899 clamavi
2737 4849 2792 4899 in
2821 4851 2921 4898 toto
2948 4847 3112 4899 corde.

1973 4927 2135 4988 Caput
2163 4921 2510 4973 undecimum.
2540 4921 2801 4985 Principes
2826 4920 3074 4984 persecuti
3099 4919 3215 4969 suni
3242 4933 3338 4970 me.

1971 4996 2055 5049 Ad
2082 4995 2350 5046 Dominum
2378 5007 2490 5042 cum
2518 4991 2814 5054 tribularer,
2828 4992 2959 5043 Psal.
2987 4994 3095 5044 119.
3124 4992 3199 5041 ΒΘ
3226 4990 3370 5056 quin-

2033 5067 2201 5118 decim
2240 5064 2497 5131 gradibus.
2534 5064 2701 5124 Quare
2745 5063 2978 5115 dicantur
3005 5061 3204 5114 cantica
3247 5076 3372 5129 gra-

2032 5140 2192 5191 duum
2218 5137 2297 5201 (c).
2327 5137 2403 5188 De
2433 5134 2624 5186 unione
2648 5135 2702 5186 in
2726 5147 2908 5201 unum,
2938 5138 2989 5185 et
3011 5147 3104 5199 per
3127 5147 3289 5185 unum
3314 5136 3367 5186 et

2031 5211 2096 5262 ad
2125 5223 2304 5262 unum.
2330 5209 2407 5259 ΒΘ
2433 5207 2644 5258 octavis.
2675 5210 2751 5260 De
2780 5221 2900 5258 casu
2928 5205 3211 5270 multiplici.

1970 5286 2046 5336 De
2072 5281 2314 5349 gradibus
2353 5279 2656 5345 officiorum,
2685 5277 2991 5344 dignitatum
3019 5280 3072 5330 et
3094 5273 3370 5330 beatitudi-

2031 5369 2157 5409 num
2189 5355 2269 5422 (ο).
2297 5355 2372 5407 ΒΘ
2409 5355 2619 5407 tonsura
2645 5350 2968 5417 clericorum,
2996 5352 3049 5404 et
3084 5349 3363 5404 monacho-

3393 526 3529 614 m

3418 1042 3515 1094 309

1669 1122 1673 1126 Α
1773 1109 1864 1159 299
1971 1110 2086 1162 Ain.
2116 1111 2190 1161 ΒΘ
2219 1109 2537 1175 quadruplici
2562 1110 2786 1160 adventu
2814 1108 3014 1161 Christi.
3042 1110 3158 1161 Tria
3184 1124 3361 1162 servo·
3437 1169 3447 1178 ‚

3422 1328 3513 1381 310

3422 1687 3510 1740 3¹1

3426 2338 3522 2389 312

3429 2771 3520 2823 313

3430 3129 3527 3184 314

3433 3560 3525 3612 315

3434 3994 3528 4045 318

3434 4137 3527 4188 317

3318 4209 3328 4218 “
3435 4207 3528 4260 318

3436 4278 3527 4328 840

3434 4352 3527 4402 362

3431 4423 3525 4473 383

3432 4494 3525 4545 ⁴02

3432 4565 3521 4616 421

3432 4636 3519 4688 4⁴1

3428 4707 3522 4758 ⁴62

3430 4778 3521 4830 483

3430 4851 3522 4900 503

3430 4921 3520 4972 525

3428 5207 3522 5260 545

1969 5513 2058 5546 non
2079 5500 2246 5544 habent
2262 5502 2357 5543 ont.
2377 5498 2541 5544 edia-
2558 5497 2631 5554 (d)
2652 5496 2732 5541 At.
2752 5507 2960 5541 sonem—
2980 5495 3034 5552 (e)
3055 5495 3134 5542 Al.
3151 5496 3280 5543 atrio.
3293 5511 3349 5534 '—
3368 5496 3427 5554 (Ι)
3442 5496 3524 5541 At.

1941 5563 2216 5622 -mmupiica
2239 5573 2290 5598 -ι-
2310 5561 2371 5619 ω)
2391 5559 2470 5609 Al.
2488 5560 2683 5608 namo.
2703 5583 2756 5596 -
2774 5559 2839 5617 (ιι)
2859 5557 2940 5605 Ae.
2960 5561 3097 5608 intra.
