4196 6294
1725 442 1984 511 CAPUT
2020 443 2156 509 XII.

423 582 604 664 Item,
624 584 940 667 quantum
961 580 1042 646 ad
1065 580 1561 647 debilitationem
1590 580 1875 645 cmrium

343 693 423 759 ad
457 692 710 776 pondus
736 689 1018 773 corporis
1056 690 1533 768 sustinendum3
1574 686 1742 752 unde
1778 687 1874 752 di-

342 800 471 865 cit:
512 800 606 867 Et
629 798 948 866 nutabunt
982 797 1119 865 viri
1163 798 1526 878 tortissimi.
1569 794 1704 860 Viri
1743 795 1874 858 for-

341 906 568 972 tissimi
593 910 745 971 sunt
770 923 957 970 crura
970 952 988 982 ,
1020 904 1171 987 quia
1205 905 1373 970 sicut
1408 906 1597 969 fortes
1623 904 1878 986 portant

340 1013 590 1097 pondus
615 1011 800 1092 belli,
831 1011 923 1076 sic
947 1030 1139 1077 crura
1164 1012 1417 1095 pondus
1457 1010 1759 1093 corporis.
1795 1010 1876 1074 Hi

338 1121 465 1185 viri
519 1116 845 1186 fortissimi
886 1122 1156 1199 nutant,
1215 1118 1471 1203 quando
1518 1135 1708 1182 crura
1743 1120 1871 1197 tre-

338 1228 620 1310 mulant,
664 1232 727 1294 et
759 1227 1093 1309 vacillant,
1123 1233 1188 1295 et
1211 1246 1342 1294 non
1365 1245 1587 1293 secure
1627 1229 1873 1292 susten-

339 1341 497 1402 tant.

415 1443 663 1524 Tertio,
694 1447 1014 1527 quantum
1042 1444 1125 1509 ad
1157 1441 1673 1508 imminutionem
1713 1443 1875 1507 den-

334 1553 498 1619 tium
537 1551 619 1617 ad
662 1551 898 1618 cibaria
936 1549 1427 1628 masticandum;
1464 1549 1635 1615 unde
1676 1548 1873 1613 dicit:

333 1660 429 1728 Et
453 1661 670 1728 otiosoe
686 1665 874 1728 erunt
890 1658 1190 1726 molentes
1211 1659 1552 1724 imminuto
1579 1671 1838 1723 numero
1847 1675 1876 1738 ;

333 1767 644 1834 molentes
664 1772 815 1832 sunt
833 1767 982 1833 duae
1003 1766 1311 1846 maxillae,
1331 1783 1480 1850 quae
1501 1763 1583 1828 ad
1608 1764 1875 1829 modum

332 1878 610 1944 duarum
658 1876 979 1941 molarum
1018 1879 1357 1942 conterunt
1395 1873 1635 1937 cibum.
1685 1870 1869 1953 Haec,

330 1984 673 2049 imminuto
712 2000 985 2049 numero
1012 1982 1305 2048 dentium
1321 2030 1350 2062 „
1384 1984 1576 2045 erunt
1616 1978 1833 2045 otiosae
1848 2026 1871 2058 ‚

331 2091 485 2176 quia
509 2088 725 2155 cibum
765 2089 846 2155 ad
885 2088 1405 2155 manducandum
1448 2104 1582 2152 non
1608 2090 1875 2170 possunt

330 2202 678 2266 conterere.
931 2248 941 2259 .
1422 2257 1429 2264 ,

408 2306 678 2387 Quarto,
708 2309 1024 2390 quantum
1060 2303 1142 2370 ad
1178 2301 1690 2369 obscurationem
1718 2318 1875 2369 oeu-

328 2418 541 2483 lorum
586 2416 668 2498 ad
706 2414 1089 2493 videndum3
1140 2414 1279 2477 ideo
1323 2412 1519 2479 dicit:
1573 2412 1657 2478 Ec
1702 2416 1870 2478 tene-

331 2525 613 2593 brescent
657 2522 952 2591 videntes
992 2537 1108 2605 per
1167 2522 1517 2602 foramina.
1577 2519 1875 2584 videntes

327 2650 443 2717 per
458 2628 793 2709 foramina,
818 2627 986 2694 oculi
1014 2632 1187 2708 sunt,
1219 2627 1331 2710 qui
1360 2630 1511 2691 sunt
1537 2628 1720 2709 quasi
1744 2624 1873 2691 duo

327 2737 643 2805 foramina
688 2737 770 2803 ad
812 2736 1184 2804 videndum.
1239 2721 1347 2798 ls'ti
1390 2735 1869 2813 tenebrescunt,

327 2847 587 2931 quando
636 2863 819 2911 senes
869 2843 1091 2908 lumen
1127 2842 1344 2908 videre
1382 2860 1516 2907 non
1565 2845 1868 2925 possunt,

326 2955 490 3020 sicut
523 2952 755 3020 dicitur
800 2951 878 3017 de
907 2949 1047 3015 Heli
1075 2957 1121 3029 ¹,
1161 2948 1336 3032 quod
1373 2971 1405 3010 α
1437 2949 1874 3030 caligaverant

325 3062 497 3130 oculi
547 3064 689 3146 ejus
705 3110 728 3142 ,
784 3077 905 3125 nec
946 3060 1192 3142 poterat
1236 3056 1454 3121 videre
1498 3056 1826 3121 lucernam
1849 3106 1867 3136 ,

322 3172 525 3238 donec
545 3170 1054 3252 extingueretur.
1085 3187 1118 3226 n
1153 3164 1332 3230 Sicut
1357 3165 1552 3230 etiam
1578 3164 1771 3246 Isaac,
1793 3167 1872 3232 de

321 3297 454 3364 quo
480 3277 714 3344 dicitur
737 3278 762 3313 ¹¹
786 3298 802 3342 ε
826 3297 858 3339 01
873 3273 1099 3341 Senuit
1125 3273 1321 3355 Isaac,
1343 3275 1408 3337 et
1428 3270 1872 3356 caligaverunt

323 3385 496 3453 oculi
520 3387 687 3469 eju&
713 3406 746 3445 1)

405 3494 663 3575 Quinto,
693 3493 1012 3575 quantum
1033 3490 1115 3556 ad
1132 3489 1642 3557 immobilitatem
1667 3489 1868 3555 labio-

318 3620 476 3668 rum
509 3602 591 3666 ad
628 3600 1176 3686 pronuntiandum
1194 3648 1217 3679 ,
1262 3618 1413 3665 cum
1457 3599 1608 3665 dicit
1638 3599 1723 3682 (v.
1756 3599 1814 3682 4)
1848 3622 1863 3663 ε

317 3708 413 3777 Et
435 3710 732 3778 claudent
760 3711 929 3778 ostia
955 3709 1031 3775 in
1044 3708 1283 3792 platea.
1306 3707 1479 3774 Ostia
1496 3711 1650 3772 sunt
1677 3707 1864 3789 labia,

316 3834 440 3899 per
464 3834 611 3899 quae
638 3816 956 3883 clauditur
982 3821 1167 3900 porta
1192 3815 1348 3881 oris.
1367 3815 1494 3880 Ista
1517 3813 1677 3879 ostia
1703 3814 1871 3879 clau-

317 3923 568 3990 duntur
592 3924 661 3988 in
686 3925 910 4008 plateis
929 3976 946 4007 ,
980 3924 1237 4010 quando
1274 3924 1470 3989 homo
1497 3941 1613 4007 per
1650 3941 1868 3989 senec-

317 4036 528 4099 tutem
573 4050 708 4099 non
747 4036 954 4116 potest
981 4033 1106 4098 alte
1137 4033 1345 4117 loqui,
1375 4037 1452 4097 ut
1495 4033 1789 4098 audiatur
1830 4053 1871 4099 a

317 4142 572 4221 multis3
610 4140 754 4210 ideo
782 4140 934 4205 dicit
964 4161 980 4204 t
1021 4141 1101 4207 In
1127 4140 1494 4209 humilitate
1521 4144 1696 4209 vocis
1731 4158 1864 4209 mo-

318 4250 521 4318 lentes
543 4296 562 4328 ,
599 4249 666 4314 id
707 4252 836 4329 est,
872 4248 1061 4332 plane
1102 4249 1455 4332 loquenteS.
1490 4248 1727 4315 Molere
1768 4251 1868 4316 di-

319 4357 413 4422 cit
436 4356 614 4440 loqui
632 4403 653 4436 ,
698 4355 851 4439 quia
889 4355 1054 4421 sicut
1092 4354 1286 4421 homo
1313 4360 1529 4423 movet
1578 4358 1870 4423 maxillas

318 4467 406 4532 ad
433 4464 673 4530 cibaria
697 4462 1177 4544 conterendum,
1206 4464 1298 4527 sic
1329 4468 1548 4529 movet
1575 4466 1869 4532 maxillas

317 4577 388 4640 et
411 4573 583 4638 labia
619 4570 702 4637 ad
743 4571 942 4637 verba
978 4571 1252 4635 formata
1292 4573 1863 4654 pronuntiandum.

403 4682 624 4763 Sexto,
657 4684 974 4765 quantum
997 4681 1078 4746 ad
1104 4679 1478 4746 surditatem
1505 4682 1762 4748 aurium
1785 4684 1867 4748 ad

312 4789 716 4859 audiendum
734 4836 752 4867 ‚
797 4788 949 4853 dicit
996 4809 1013 4853 ε
1081 4787 1470 4871 consument
1517 4788 1607 4856 ad
1658 4805 1868 4857 vocem

310 4896 626 4976 volucris,
650 4895 716 4961 id
737 4899 853 4975 est,
883 4894 1061 4978 galli,
1083 4896 1235 4980 quia
1252 4914 1436 4961 senes
1455 4915 1587 4962 non
1603 4901 1869 4981 possunt

307 5005 546 5075 audire
570 5003 718 5083 alta,
749 5003 903 5092 quia
931 5004 1010 5069 de
1037 5004 1210 5070 facili
1233 4999 1584 5087 laeduntur,
1613 5010 1678 5071 et
1700 5008 1870 5072 facil-

307 5115 473 5181 lime
503 5111 900 5192 excitantur,
937 5129 1069 5177 non
1104 5117 1374 5197 possunt
1408 5113 1600 5178 etiam
1643 5115 1868 5180 audire

310 5236 555 5288 sonora
579 5222 645 5284 et
670 5219 1115 5300 consonantia3
1148 5220 1316 5287 unde
1341 5219 1489 5286 dicit
1514 5243 1531 5287 ε
1553 5224 1646 5288 Et
1657 5222 1868 5291 obsur-

386 5383 402 5412 =
430 5383 452 5433 1
479 5382 617 5448 aeq„
654 5392 748 5446 111,
783 5384 835 5433 2.
870 5408 933 5421 —
965 5383 990 5418 ¹
1024 5382 1171 5448 Gen„
1205 5393 1385 5449 xxm,
1423 5387 1557 5438 1.-
1600 5384 1625 5422 ⁸
1651 5386 1697 5436 11
1730 5384 1872 5452 aeq„

312 5464 439 5522 xix,
466 5453 546 5508 8⁸.
571 5480 636 5496 -
661 5455 684 5491 ⁸
713 5452 855 5508 Paul.
883 5464 990 5522 nv,
1018 5458 1068 5508 6.

3412 444 3532 507 677

1988 578 2244 645 descent
2282 592 2496 644 omnes
2523 575 2683 663 filiae
2710 575 3048 641 carminis.
3091 572 3270 639 Filiae
3297 575 3529 639 carmi-

1986 686 2090 751 nis
2108 735 2128 765 ,
2161 703 2309 770 quae
2351 684 2619 749 audiunt
2645 682 3086 762 consonantia,
3126 686 3279 746 sunt
3300 700 3522 748 aures:

1987 796 2128 859 haec
2165 793 2243 876 (α)
2266 793 2333 856 in
2368 791 2627 856 senibus
2646 789 3127 869 obsurdescunt,
3161 789 3315 872 quia
3343 804 3531 857 voees

1986 920 2251 968 sonoras
2269 901 2488 966 audire
2508 917 2640 963 non
2655 901 2943 982 possunt.
2974 896 3242 979 Legitur
3259 898 3326 961 in
3348 899 3531 965 libris

1987 1012 2259 1094 Regum,
2297 1006 2469 1092 quod
2512 1006 2675 1071 dixit
2717 1004 3020 1097 Berzellai
3066 1005 3148 1070 ad
3203 1004 3399 1071 David
3437 1005 3460 1041 ⁸
3508 1029 3525 1071 ε

1995 1142 2027 1180 ιι
2040 1116 2496 1199 octogenarius
2515 1132 2661 1178 sum
2675 1131 2697 1194 3
2718 1112 3038 1196 numquid
3056 1112 3283 1194 vigent
3305 1130 3531 1179 sensus

1985 1224 2115 1290 mei
2158 1224 2240 1288 ad
2281 1220 2766 1287 discernendum
2785 1269 2802 1301 ,
2854 1219 2961 1284 vel
3009 1219 3232 1284 audire
3267 1236 3530 1302 possum

1984 1331 2157 1396 ultra
2194 1347 2382 1396 voces
2421 1331 2824 1392 cantatorum
2865 1330 2930 1390 et
2974 1327 3445 1392 cantatricum?
3490 1350 3523 1389 n

1987 1438 2097 1503 Isti
2131 1437 2338 1520 igitur
2377 1439 2529 1500 sunt
2554 1433 2863 1513 defectus,
2911 1434 3025 1516 qui
3054 1438 3533 1518 consequuntur

1986 1545 2090 1613 vel
2128 1544 2630 1610 concomitantur
2666 1545 3057 1606 senectutem
3088 1559 3107 1605 ε
3155 1541 3309 1624 quia
3350 1560 3534 1609 senes

1984 1671 2118 1718 non
2152 1655 2418 1736 possunt
2458 1650 2685 1716 nociva
2710 1648 3017 1733 repellere
3035 1697 3054 1729 ,
3096 1667 3233 1713 non
3269 1656 3535 1732 possunt

1985 1780 2053 1826 se
2080 1763 2469 1838 sustentare,
2511 1775 2645 1823 non
2670 1760 2940 1841 possunt
2988 1756 3317 1822 comedere
3339 1806 3362 1838 ,
3403 1778 3532 1825 non

1984 1872 2254 1953 possunt
2279 1867 2518 1945 videre,
2544 1883 2677 1930 non
2704 1868 2972 1949 possunt
2996 1864 3197 1948 loqui,
3225 1883 3358 1932 non
3383 1884 3531 1950 pos-

1986 1979 2141 2041 sunt
2168 1975 2419 2040 audire.

2058 2088 2126 2151 ,5.
2145 2084 2419 2149 Excelsa
2433 2097 2676 2165 quoque
2696 2081 3026 2159 timebunt,
3044 2084 3161 2146 etc.
3195 2080 3404 2166 Supra
3416 2102 3535 2167 po-

1987 2191 2119 2257 suit
2129 2190 2518 2256 debilitatem
2545 2189 2827 2273 corporis
2849 2189 2920 2252 in
2934 2207 3084 2254 sene
3099 2212 3117 2269 ;
3135 2189 3242 2254 hic
3257 2191 3530 2274 subJun-

1988 2299 2087 2383 git
2113 2298 2303 2379 signa
2326 2296 2691 2376 debilitatis,
2717 2313 2863 2379 quae
2883 2299 3034 2381 sunt
3059 2300 3376 2379 quatuor:
3412 2302 3535 2365 tre-

1984 2426 2128 2474 mor
2153 2406 2455 2490 corpori3‚
2475 2405 2739 2469 canities
2757 2404 3003 2486 capitiS,
3024 2407 3243 2469 tumor
3257 2408 3526 2487 ventris,

1985 2518 2048 2580 et
2073 2514 2466 2595 infrigidatio
2491 2512 2793 2577 libidinis.
2819 2511 3115 2579 Primum
3153 2512 3354 2593 igitur
3393 2514 3531 2596 siga

1983 2642 2144 2688 num
2166 2621 2554 2686 infirmitatis
2572 2622 2640 2686 in
2660 2640 2811 2687 sene
2830 2625 2926 2686 est
2943 2624 3184 2715 tremor
3205 2625 3490 2708 corporis
3510 2647 3529 2704 3

1982 2736 2243 2817 propter
2278 2732 2451 2814 quod
2486 2730 2636 2796 dicit
2680 2754 2694 2794 :
2741 2732 3015 2798 Excelsa
3059 2748 3303 2816 quoque
3346 2734 3532 2800 time-

1986 2843 2176 2923 bunt,
2208 2848 2271 2910 et
2304 2839 2749 2923 formidabunt
2788 2842 2863 2906 in
2906 2840 3052 2921 via,
3094 2840 3161 2904 id
3189 2844 3286 2905 est
3311 2841 3530 2906 omnia

1982 2952 2274 3016 membra
2318 2949 2600 3033 corporis
2645 2949 3003 3014 efficientur
3040 2948 3424 3028 tremulosa;
3469 2952 3534 3015 et

1980 3058 2139 3123 illud
2191 3061 2290 3123 est
2325 3057 2732 3125 resolutionis
2779 3056 3072 3138 signum,
3133 3060 3198 3122 et
3236 3058 3531 3123 debilita-

1981 3166 2175 3230 tionis
2249 3165 2509 3231 virtutis
2578 3164 2958 3230 contentivae
3035 3166 3478 3233 membrorum
3507 3218 3528 3249 ,

1981 3293 2129 3360 quae
2179 3276 2475 3340 membra
2510 3292 2641 3339 non
2681 3274 2852 3339 valet
2903 3275 3250 3354 continere,
3278 3279 3343 3342 et
3388 3276 3532 3344 ideo

1981 3383 2385 3467 compellitur
2451 3383 2721 3465 agitare.
2813 3382 2991 3447 Unde
3067 3382 3283 3449 miser.
3335 3403 3534 3453 senex

1979 3494 2186 3575 potest
2229 3491 2436 3556 dicere
2480 3489 2638 3555 illud
2693 3488 2927 3555 Psalmi
2986 3490 3011 3527 ⁴
3062 3512 3078 3556 ε
3139 3514 3170 3553 α
3210 3490 3426 3556 Timor
3468 3497 3534 3558 et

1980 3606 2225 3666 tremor
2267 3601 2585 3666 venerunt
2639 3616 2831 3683 super
2887 3617 3012 3664 me.
3069 3619 3102 3658 a>
3163 3597 3531 3666 Secundum
3623 3607 3628 3613 “

1980 3708 2246 3791 signum
2298 3711 2393 3772 est
2448 3706 2709 3772 canities
2753 3706 2976 3790 capitis
3004 3728 3022 3786 ;
3079 3711 3396 3789 quantum
3450 3709 3531 3774 ad

1979 3816 2151 3902 quod
2169 3816 2362 3881 dicit:
2394 3816 2676 3883 Florebit
2703 3814 3113 3899 amygdalus,
3131 3815 3198 3880 id
3224 3820 3322 3881 est
3347 3835 3529 3883 cane-

1980 3931 2110 3992 scet
2137 3928 2325 4010 caput
2352 3929 2417 3989 et
2443 3925 2681 3990 barba:
2722 3923 3107 4006 amygdalus
3145 3924 3340 4004 enim,
3370 3925 3529 3989 dum

1977 4035 2194 4115 floret,
2225 4032 2558 4099 dealbatur
2590 4054 2607 4098 ι
2638 4036 2702 4097 et
2731 4033 2903 4097 istud
2929 4035 3025 4097 est
3049 4032 3098 4095 si
3107 4050 3314 4113 gnum
3341 4032 3528 4097 debi-

1978 4142 2174 4208 litatis
2199 4140 2491 4220 virtutis;
2521 4139 2674 4223 quia
2694 4139 2957 4205 enimin
2984 4157 3137 4204 sene
3164 4138 3529 4206 debilitatur

1977 4251 2187 4317 virtus
2213 4249 2578 4315 contentiva
2596 4249 2969 4329 humorum,
2992 4247 3135 4313 ideo
3154 4251 3527 4331 putrescunt

1976 4361 2318 4434 humores,
2367 4361 2434 4422 et
2477 4357 2670 4422 etiam
2713 4355 3170 4438 refrigescunt,
3219 4356 3288 4419 in
3336 4358 3525 4439 cujus

1978 4467 2242 4549 signum
2268 4464 2739 4549 superfluitates
2769 4461 2847 4526 de
2874 4480 3139 4545 corpore
3167 4462 3335 4526 senis
3359 4463 3523 4529 albae

1977 4574 2365 4659 procedunt,
2412 4576 2476 4637 et
2519 4571 2663 4636 ideo
2706 4572 3071 4635 canescunt.
3103 4568 3389 4634 Tertium
3433 4571 3519 4635 si-

1976 4701 2184 4766 gnum
2197 4680 2365 4747 senis
2393 4681 2465 4763 (b)
2485 4679 2875 4744 infirmitatis
2895 4682 2990 4742 est
3019 4684 3235 4743 tumor
3256 4679 3521 4759 ventris,

1976 4789 2082 4857 vel
2109 4790 2385 4855 aliorum
2404 4787 2847 4852 membrorum
2865 4786 3182 4869 corporis;
3204 4789 3522 4869 quantum

1976 4899 2057 4964 ad
2087 4883 2259 4982 quod
2294 4895 2443 4961 dicit
2472 4917 2488 4960 ε
2533 4893 3054 4978 Impinmaeabitur
3083 4893 3343 4961 locusta.
3391 4893 3519 4960 Im-

1975 5004 2313 5090 pinguatio
2340 5003 2599 5069 locustae
2629 5002 2823 5068 etiam
2847 5002 3015 5067 circa
3041 5020 3235 5068 suum
3262 5003 3517 5069 senium

1979 5119 2074 5179 est
2096 5113 2312 5197 potius
2336 5115 2573 5192 tumor,
2606 5127 2803 5194 quam
2827 5127 2983 5174 vera
3009 5110 3371 5194 pingued03
3408 5130 3523 5196 per

1976 5239 2173 5306 quem
2213 5219 2476 5285 modum
2522 5221 2617 5284 est
2655 5218 2724 5282 in
2754 5216 3014 5282 senibus
3045 5216 3514 5301 impinguatio:

1978 5336 2044 5398 et
2085 5332 2209 5396 hoc
2246 5332 2344 5395 est
2382 5329 2645 5412 signum
2689 5326 3029 5393 debilitatis
3064 5326 3291 5394 caloris
3331 5327 3517 5422 dige-

2042 5458 2117 5526 (a)
2146 5458 2262 5525 req.
2290 5456 2392 5510 ιω.
2422 5483 2485 5497 -
2517 5455 2587 5522 (ὁ)
2609 5454 2727 5522 1:29.
2756 5453 2948 5508 sennis.
