4196 6294
174 4721 305 4764 Oculi
320 4733 388 4763 ra·

172 4783 377 4826 annues.

1725 422 2090 495 PSALMUS
2132 426 2390 494 CXVIII.

460 568 552 623 tus
578 563 1057 636 incitamentum,
1105 563 1327 622 scilicet
1352 564 1478 640 spei
1506 562 1870 624 debilitatem
1899 579 2001 621 ex·

457 658 667 733 pressit
686 674 889 716 versus
914 658 1250 733 praecedens
1262 679 1279 731 3
1305 658 1634 716 secundum
1654 658 1998 717 incitamen·

457 756 621 824 tum,
659 751 936 810 videlicet
962 751 1104 809 fidei
1133 752 1450 809 exilitatem
1480 751 1752 826 exprimit
1794 768 1999 817 versus

454 864 732 922 praesens,
753 846 815 903 in
838 862 960 920 quo
981 846 1273 920 Propheta
1301 846 1413 902 sub
1443 846 1777 920 poenitentis
1806 846 1999 919 figura

456 941 551 999 vel
576 940 770 1000 forma
799 939 1074 1014 exprimit
1101 943 1157 996 et
1184 940 1478 1015 expromit
1518 956 1641 1014 quo
1666 939 1850 997 modo
1879 956 1999 997 cre-

455 1034 627 1106 didit,
657 1051 777 1109 quo
801 1032 1052 1091 credidit
1069 1074 1088 1103 ,
1110 1033 1256 1108 quid
1284 1033 1555 1104 credidit,
1588 1038 1828 1107 propter
1848 1034 1996 1107 quid

455 1128 705 1186 credidit
733 1147 747 1185 :
778 1128 893 1185 hoe
938 1130 1062 1198 est,
1110 1131 1305 1185 actum
1332 1126 1649 1195 ⁴difficilem
1668 1170 1687 1199 ,
1735 1126 1997 1185 intellec-

454 1225 578 1279 tum
599 1221 960 1296 disparilem,
981 1220 1289 1279 materiam
1308 1221 1706 1291 umbratilem,
1726 1220 1994 1285 notitiam

453 1314 932 1375 desiderabilem.

958 1463 1235 1520 Articulus
1262 1465 1497 1535 primus.

520 1596 780 1656 Primum
828 1596 1208 1670 praenotavit,
1267 1612 1406 1653 cum
1457 1597 1582 1654 ait:
1617 1601 1931 1668 Defecerant
1971 1619 1989 1655 .·

450 1707 582 1749 ecce
602 1690 895 1748 defectum
919 1690 1073 1747 circa
1102 1690 1383 1747 credendi
1405 1690 1698 1748 effectum.
1730 1692 1991 1750 Defectus

448 1786 534 1842 est
558 1783 743 1844 facilis
760 1825 782 1854 ,
810 1782 1097 1858 quoniam
1126 1783 1365 1840 effectus
1407 1783 1685 1842 difficilis.
1722 1785 1991 1844 Facilitas

449 1877 708 1934 defectus
759 1877 1089 1935 manifestat
1162 1877 1567 1934 difficultatem
1617 1878 1876 1937 effectus,
1924 1883 1991 1939 Et

446 1970 773 2028 notandum
789 2014 807 2042 ,
840 1970 1006 2044 quod
1034 1970 1190 2028 circa
1214 1970 1519 2028 credendi
1548 1970 1819 2030 effectum
1844 1972 1986 2030 faci-

445 2064 577 2123 liter
622 2065 939 2137 deficiunt,
991 2082 1141 2140 quos
1185 2066 1538 2137 mundanae,
1581 2068 1845 2125 carnales
1870 2109 1889 2138 ,
1931 2074 1987 2126 et

445 2157 759 2216 diabolicae
829 2158 1178 2217 tentationes
1258 2160 1637 2217 vehementer
1699 2160 1981 2219 afficiunt.

442 2251 691 2311 Mundus
718 2252 963 2327 quidem
991 2252 1170 2310 afficit
1194 2268 1300 2326 per
1323 2253 1594 2310 timorem
1609 2272 1627 2325 3
1659 2269 1797 2312 caro
1816 2297 1834 2325 ‚
1875 2270 1984 2328 per

442 2346 751 2417 dolorem;
790 2346 1065 2403 diabolus
1085 2389 1104 2418 ,
1133 2363 1242 2421 per
1277 2346 1589 2420 pudorem.
1640 2347 1831 2405 Prima
1879 2347 1982 2405 de-

439 2440 611 2498 fectio
652 2438 1001 2513 prohibetur
1036 2445 1097 2496 ²:
1137 2443 1412 2497 «Fratres
1435 2483 1453 2510 ,
1498 2440 1680 2498 nolite
1725 2440 1982 2499 deficere

439 2533 867 2592 benefacientes
896 2533 958 2590 in
986 2534 1234 2591 Domino
1261 2534 1395 2590 Iesu
1421 2534 1725 2606 Christos}
1744 2534 1977 2592 Procul-

439 2628 624 2687 dubio
651 2627 1047 2697 benefaciunt,
1076 2626 1569 2686 etbenet'aciendo
1594 2627 1777 2685 fldem
1804 2644 1977 2687 suam

437 2724 826 2799 patefaciunt,
857 2724 957 2798 qui
987 2723 1285 2783 ministros
1310 2724 1515 2782 Christi
1556 2725 1845 2799 recipiunt
1864 2766 1883 2796 ,
1923 2729 1979 2783 et

435 2822 700 2893 receptos
725 2818 996 2876 reficiunt
1012 2838 1031 2887 3
1061 2835 1098 2876 a
1126 2835 1246 2893 quo
1274 2835 1395 2892 prae
1421 2818 1630 2876 timore
1666 2817 1975 2875 mundano

435 2910 701 2986 plerique
719 2911 1017 2970 deficiunt.
1038 2911 1307 2970 Secunda
1326 2910 1574 2969 defectio
1599 2910 1897 2969 inhibetur
1915 2912 1968 2967 ²:

443 3029 469 3058 ιι
499 3004 868 3079 Disciplinam
897 3004 1157 3076 Domini,
1186 3005 1272 3061 fili
1300 3005 1417 3075 mi,
1445 3021 1521 3061 ne
1551 3005 1830 3078 abjicias;
1864 3020 1975 3063 nec

436 3099 705 3168 deficiaS,
734 3116 864 3158 cum
889 3099 967 3159 ab
998 3116 1069 3158 eo
1098 3097 1430 3174 corriperis,
1452 3119 1480 3154 υ
1510 3097 1663 3157 Nulli
1693 3097 1969 3172 dubium,

434 3195 580 3269 quin
607 3211 644 3252 a
671 3194 874 3252 divina
901 3193 1213 3269 disciplina
1251 3192 1521 3262 deficiat,
1554 3193 1601 3249 si
1632 3192 1764 3266 quis
1791 3210 1970 3268 prop-

430 3291 516 3346 ter
542 3288 734 3346 carnis
761 3288 1035 3346 dolorem
1062 3287 1270 3346 Christi
1299 3287 1482 3344 fidem
1511 3286 1758 3359 rejiciat.
1784 3286 1970 3344 Tertia

430 3381 677 3441 defectio
716 3382 1044 3454 cohibetur,
1080 3383 1185 3442 ubi
1214 3383 1426 3442 dicitur
1464 3384 1542 3442 ab
1583 3383 1866 3456 Apostolo
1896 3384 1918 3418 ³
1950 3400 1965 3439 ε

433 3497 461 3531 α
488 3480 625 3535 Peto
643 3516 665 3546 ‚
711 3492 785 3534 ne
834 3475 1120 3534 deficiatis
1165 3478 1228 3534 in
1291 3476 1775 3536 tribulationibus
1820 3476 1968 3534 meis

429 3586 537 3643 pro
579 3568 791 3641 vobis,
841 3586 973 3643 quae
1018 3574 1103 3628 est
1146 3570 1339 3644 gloria
1378 3575 1593 3629 vestra.
1618 3590 1647 3624 n
1681 3571 1781 3628 Hic
1823 3570 1968 3645 petit

426 3651 770 3737 Apostolus,
810 3680 883 3722 ne
909 3663 1122 3722 fideles
1162 3665 1223 3721 in
1251 3664 1370 3724 fide
1400 3664 1715 3734 deficiant,
1745 3664 1794 3722 si
1824 3664 1965 3722 doc—

426 3761 612 3815 torem
631 3756 769 3815 fidei
789 3757 1057 3816 tribulari
1076 3758 1473 3833 conspiciant,
1496 3775 1604 3817 nec
1632 3758 1692 3816 id
1718 3758 1963 3832 pudoris

428 3851 743 3925 deputent,
772 3851 880 3910 sed
903 3851 1139 3911 honori.

897 4014 1174 4070 Articulus
1208 4012 1487 4070 secundus.

492 4137 829 4196 Secundum
874 4138 1254 4206 subnotavit,
1284 4154 1419 4196 cum
1459 4135 1724 4195 subdidit
1754 4154 1769 4193 :
1804 4137 1961 4195 Oculi

420 4235 543 4288 mei.
581 4230 648 4290 ni
684 4233 1004 4290 suntoculi
1044 4232 1288 4291 rationis
1300 4273 1320 4304 ,
1370 4232 1473 4306 qui
1512 4248 1575 4289 se
1614 4231 1836 4289 habent
1878 4231 1958 4289 ad

419 4325 717 4384 credibilis
771 4326 1181 4385 excellentiam
1222 4326 1479 4384 veritatis
1512 4329 1554 4398 ⁸,
1604 4325 1753 4383 sicut
1798 4326 1955 4384 oculi

415 4423 844 4497 vespertilionis
868 4423 947 4482 ad
973 4423 1184 4482 solaris
1213 4422 1594 4481 eminentiam
1631 4420 1902 4480 claritatis
1935 4441 1949 4480 ε

416 4530 552 4573 ecce
579 4532 799 4589 magna
826 4515 1244 4591 cognoscibilis
1270 4520 1327 4574 et
1353 4515 1730 4588 cognocentis
1759 4515 1951 4590 dispa-

413 4608 623 4680 rilitaS,
671 4613 727 4666 et
751 4609 889 4667 ideo
932 4625 1153 4683 magna
1187 4609 1538 4681 cognitionis
1583 4609 1828 4667 exilitas.
1887 4613 1952 4667 Et

412 4701 781 4773 notandum,
809 4703 977 4776 quod
1001 4702 1094 4759 isti
1125 4702 1442 4761 rationales
1491 4703 1648 4762 oculi
1678 4701 1949 4760 dicuntur
2007 4757 2018 4768 ,

412 4794 745 4867 humiliati,
780 4795 1095 4853 illuminati
1116 4837 1136 4868 ,
1181 4795 1340 4853 beati
1358 4815 1376 4869 3
1425 4795 1710 4870 quoniam
1753 4795 1946 4852 humi-

411 4887 628 4946 liantur
656 4892 946 4963 quantum
970 4890 1048 4947 ad
1075 4889 1338 4947 naturale
1368 4889 1694 4961 judicium,
1724 4888 1946 4947 illumi-

409 4984 625 5040 nantur
654 4981 1046 5057 quantum‘ad
1073 4982 1514 5057 supernaturale
1537 4982 1860 5055 judicium,
1890 4986 1948 5041 et

408 5074 817 5135 beatificantur
845 5078 1136 5151 quantum
1179 5076 1260 5135 ad
1304 5077 1575 5136 aeternale
1609 5077 1939 5153 praemium.

473 5226 490 5260 ¹
514 5227 556 5274 ll
591 5225 774 5289 These„
805 5238 892 5289 111,
926 5229 1001 5278 13.
1028 5253 1092 5264 —
1128 5227 1151 5261 ²
1177 5231 1339 5290 prov„
1371 5240 1458 5287 111,
1489 5232 1568 5277 11.
1594 5253 1655 5265 -
1695 5229 1714 5258 ³
1742 5226 1939 5291 Ephes„

409 5306 502 5360 ω,
540 5299 616 5347 13.
644 5322 706 5334 —
745 5298 768 5333 ὅ
793 5298 966 5362 Arist„
994 5297 1233 5362 Metapa,
1268 5298 1354 5349 lib.
1387 5299 1448 5348 ΙΙ.
1488 5324 1544 5334 -
1569 5297 1730 5360 ’,Ιεαη
1762 5309 1829 5359 11,
1862 5302 1935 5348 11.

406 5366 737 5433 —·Ephes.,
763 5382 809 5435 1,
843 5370 916 5420 ¹8.
951 5394 1013 5405 -
1048 5371 1064 5400 ⁷
1087 5369 1223 5432 Luc„
1258 5381 1321 5434 x,
1349 5372 1425 5420 23.
1457 5396 1517 5406 —
1541 5372 1559 5400 ⁸
1586 5371 1743 5432 Rom„
1772 5380 1859 5430 111,
1887 5372 1935 5418 2¹..

3536 437 3655 498 423

2112 567 2188 621 De
2226 562 2422 636 primo
2447 564 2469 600 ⁸
2499 581 2515 621 ε
2552 586 2579 617 «
2608 564 2774 625 Oculi
2807 566 3078 631 sublimis
3112 566 3189 642 (a)
3234 566 3491 627 hominis
3539 565 3652 626 hu-

2109 656 2315 715 miliati
2343 660 2477 713 sunt
2508 676 2523 714 ε
2554 677 2584 712 ι)
2616 675 2750 717 ecce
2780 660 2938 719 oculi
2965 661 3260 720 humiliati
3285 660 3512 734 judicio
3540 677 3650 719 na-

2109 750 2300 808 turali.
2346 753 2422 808 De
2469 751 2773 809 secundo⁶
2803 770 2818 808 ε
2852 756 3066 812 «Pater
3111 754 3314 827 gloriae
3350 754 3451 812 det
3475 755 3649 814 vobis

2105 842 2373 917 spiritum
2401 844 2696 917 sapientiae
2715 849 2771 903 et
2794 846 3166 905 revelationis
3192 848 3255 906 in
3279 847 3647 921 agnitionem

2107 937 2233 1009 ejus
2252 980 2271 1009 ,
2312 937 2674 996 illuminatos
2712 939 2915 997 oculos
2961 940 3158 998 cordis
3200 941 3377 999 vestri
3406 961 3424 997 ε
3451 963 3478 994 »
3513 957 3646 1001 ecoe

2106 1030 2264 1086 oculi
2313 1029 2627 1088 illuminati
2668 1031 2897 1104 judicio
2945 1034 3013 1107 (b)
3067 1034 3516 1108 supernaturali.
3564 1037 3643 1094 De

2104 1122 2271 1181 tertio
2297 1125 2317 1159 ⁷
2348 1141 2363 1179 z
2400 1142 2428 1177 α
2457 1126 2613 1183 Beati
2640 1125 2797 1183 oculi
2816 1169 2837 1198 ,
2890 1127 2994 1201 qui
3023 1126 3229 1185 vident
3257 1145 3392 1203 quoe
3416 1144 3526 1186 vos
3551 1127 3641 1186 vi-

2103 1216 2251 1275 detis
2280 1236 2295 1276 :
2327 1238 2356 1272 η
2387 1234 2521 1277 ecce
2548 1218 2706 1277 oculi
2732 1220 2890 1279 beati
2917 1220 3162 1295 praemio
3189 1222 3467 1281 aeternali.

2617 1377 2888 1434 Articulus
2916 1380 3130 1436 tertius.

2169 1499 2422 1558 Tertium
2450 1501 2785 1574 annotavit,
2813 1518 2949 1560 cum
2971 1502 3244 1561 addidit:
3275 1505 3343 1561 In
3373 1504 3640 1576 eloquium

2100 1599 2268 1651 tuum.
2299 1594 2458 1651 Istud
2487 1596 2585 1653 Dei
2621 1594 2928 1670 eloquium
2966 1601 3050 1655 est
3087 1597 3227 1654 fidei
3269 1596 3636 1671 mysterium.

2098 1687 2409 1761 Eloquium
2467 1690 2727 1747 audienti
2772 1691 3065 1763 creditur,
3114 1694 3181 1748 ut
3225 1690 3303 1748 ab
3361 1689 3638 1749 audiente

2097 1781 2388 1850 credatur,
2427 1787 2484 1840 et
2510 1782 2648 1841 fidei
2689 1784 2970 1858 mysteria
3008 1785 3123 1842 sint
3157 1783 3333 1843 nobis
3379 1783 3634 1856 credita,

2095 1879 2151 1933 et
2171 1892 2208 1933 a
2226 1876 2400 1933 nobis
2418 1877 2658 1949 credita,
2669 1878 2838 1951 juxta
2856 1878 3007 1937 illud
3030 1879 3281 1938 verbum
3298 1878 3560 1953 Apostoli
3573 1876 3626 1936 ⁸:

2100 1986 2128 2021 α
2150 1968 2381 2027 Credita
2406 1974 2542 2026 sunt
2576 1970 2692 2027 illis
2728 1971 2968 2046 eloquia
3011 1972 3129 2030 Dei.
3158 1993 3186 2026 n
3221 1976 3280 2029 et
3303 1975 3437 2029 nota
3480 1971 3635 2030 circa

2093 2061 2191 2119 Dei
2219 2062 2477 2136 eloquia,
2497 2064 2664 2137 quod
2680 2080 2752 2121 ea
2767 2064 3021 2137 legimus
3047 2067 3109 2123 in
3132 2065 3423 2141 Scriptura
3448 2065 3634 2123 fluen-
3686 2088 3871 2145 mmm.

2092 2155 2205 2226 tia,
2233 2155 2538 2228 stillantia,
2567 2157 2894 2217 imbuentia
2923 2178 2938 2216 :
2969 2176 3101 2234 quae
3125 2164 3262 2217 sunt
3287 2158 3475 2217 tribus
3500 2176 3634 2234 per·
3658 2150 3761 2195 ¹²⁹¹·

2090 2250 2251 2307 sonis
2280 2250 2495 2307 divinis
2536 2252 2956 2324 congruentia,
2982 2252 3046 2310 in
3074 2256 3364 2327 quantum
3397 2253 3635 2313 realiter

2088 2343 2458 2414 indistantia,
2485 2346 2595 2403 sed
2621 2346 2980 2418 originaliter
3008 2347 3284 2406 distantia
3303 2390 3322 2418 ,
3351 2347 3500 2405 sicut
3525 2364 3632 2423 pa-

2087 2441 2169 2494 tet
2186 2438 2249 2494 in
2275 2453 2409 2495 rore
2435 2438 2687 2511 fluente,
2715 2440 2959 2499 fluendo
2986 2440 3266 2511 stillante,
3295 2440 3542 2527 fluendo
3572 2444 3632 2499 et

2086 2529 2365 2588 stillando
2401 2547 2600 2591 aerem
2635 2534 2955 2592 imbuente.
2994 2535 3146 2593 Patri
3187 2550 3448 2609 namque
3488 2550 3629 2593 con·

2086 2623 2247 2680 venit
2271 2624 2480 2697 fluere3
2509 2626 2653 2684 Filio
2669 2668 2690 2697 ,
2714 2626 2963 2698 stillare3
2988 2627 3224 2702 Spiritui
3245 2631 3448 2686 sancto
3465 2671 3486 2700 ,
3514 2629 3624 2686 im-

2084 2717 2287 2775 buere.
2318 2718 2630 2777 Enimvero
2659 2720 2806 2779 sicut
2834 2737 2904 2780 ex
2932 2724 3097 2779 Patre
3124 2721 3332 2794 Filius,
3363 2726 3419 2780 et
3443 2739 3568 2782 non
3590 2741 3623 2783 e

2085 2827 2372 2870 converso
2390 2854 2411 2882 ,
2463 2813 2545 2871 sic
2574 2830 2647 2871 ex
2675 2818 2809 2872 actu
2853 2814 3079 2873 fluendi
3121 2817 3284 2874 actus
3324 2816 3620 2891 stillandi,

2083 2910 2140 2963 et
2168 2921 2292 2962 non
2321 2922 2353 2963 e
2398 2922 2705 2966 converso.
2754 2912 2820 2966 Et
2867 2909 3015 2967 sicut
3054 2926 3128 2967 ex
3172 2913 3335 2969 Patre
3378 2914 3438 2969 et
3476 2911 3622 2971 Filio
3691 2920 3694 2923 ’

2082 3000 2324 3073 Spiritus
2351 3005 2586 3060 sanctus
2605 3045 2626 3075 ,
2656 3002 2740 3061 sic
2768 3020 2841 3061 ex
2879 3003 3102 3063 fluendi
3141 3009 3197 3063 et
3235 3004 3494 3064 stillandi
3523 3023 3621 3066 ac-

2080 3095 2237 3154 tibus
2263 3097 2532 3172 procedit
2557 3097 2868 3157 imbuendi
2912 3103 3096 3158 actuS.
3147 3102 3225 3158 De
3271 3101 3464 3175 primo
3512 3119 3622 3178 per

2078 3191 2318 3263 Moysen
2368 3190 2577 3248 dicitur
2621 3193 2643 3227 ⁹
2695 3209 2709 3248 :
2762 3210 2791 3245 α
2835 3191 3002 3250 Fluat
3059 3197 3124 3250 ut
3169 3209 3269 3251 ros
3314 3193 3619 3268 eloquium

2079 3301 2282 3341 meum
2305 3304 2321 3341 :
2343 3304 2372 3337 ιι
2390 3301 2524 3343 ecce
2554 3285 2862 3360 eloquium
2880 3286 3090 3344 fluens·
3113 3290 3190 3345 De
3216 3288 3481 3346 secundo
3509 3306 3617 3364 per

2075 3377 2187 3435 Job
2216 3378 2491 3437 asseritur
2515 3378 2557 3414 ¹⁰
2587 3380 2836 3454 :uSuper
2862 3379 2998 3438 illos
3026 3380 3284 3438 stillabat
3310 3380 3616 3456 eloquium

2076 3486 2281 3528 meum
2312 3490 2327 3527 ε
2358 3491 2385 3527 ιο
2422 3487 2556 3529 ecce
2592 3472 2900 3546 eloquium
2927 3473 3171 3532 stillanS.
3204 3477 3282 3532 De
3308 3475 3481 3533 tertio
3508 3491 3616 3549 per

2075 3563 2409 3638 Sapientem
2444 3565 2717 3624 scribitur
2744 3564 2782 3601 ¹¹
2814 3584 2829 3623 ε
2860 3585 2889 3619 α
2915 3569 3041 3640 lpse
3068 3571 3350 3641 tanquam
3393 3566 3617 3626 imbres

2072 3657 2259 3715 mittet
2285 3658 2522 3733 eloquia
2550 3659 2851 3733 sapientiae
2875 3676 3023 3718 suae:
3042 3681 3070 3716 n
3094 3659 3287 3719 imber
3307 3664 3505 3719 autem
3532 3662 3613 3721 ab

2072 3752 2401 3809 imbuendo
2456 3752 2668 3811 dicitur
2725 3772 2739 3810 :
2785 3768 2919 3811 ecce
2968 3753 3269 3827 eloquium
3312 3754 3608 3815 imbuens.

2071 3848 2216 3903 Ecce
2250 3846 2538 3904 nonnulla
2565 3846 2951 3905 consonantia
2977 3846 3129 3906 inter
3156 3847 3254 3906 Dei
3283 3847 3525 3922 eloquia
3552 3852 3613 3907 et

2068 3938 2212 3997 fidei
2239 3940 2518 4015 mysteria
2533 3983 2554 4012 ,
2580 3939 2644 3998 in
2666 3944 2954 4015 quantum
2982 3940 3197 3999 divinis
3217 3941 3489 4017 personis
3513 3957 3608 4001 re-

2069 4033 2442 4107 spondentia.

2559 4183 2832 4239 Animatus
2868 4186 3114 4254 quartus.

2136 4319 2415 4387 Quartum
2467 4315 2803 4388 denotavit,
2855 4333 2992 4375 cum
3047 4316 3198 4374 dixit
3243 4338 3258 4376 ε
3305 4321 3554 4381 Dicentes
3583 4344 3602 4381 ε

2066 4411 2292 4480 Quando
2320 4411 2671 4468 consolaberis
2698 4427 2780 4469 me
2800 4414 2829 4468 P
2855 4414 2969 4470 Ista
2997 4414 3321 4474 consolatio
3349 4418 3436 4474 est
3459 4416 3602 4477 fidei

2059 4505 2454 4563 remuneratio
2483 4547 2502 4576 ,
2551 4504 2718 4576 cujus
2761 4503 2966 4563 dilatio
3012 4510 3098 4564 est
3140 4507 3335 4566 fidelis
3379 4510 3595 4570 animae

2059 4598 2368 4656 desolati0.
2396 4600 2462 4654 Et
2486 4601 2629 4656 nota
2655 4596 2822 4672 quod
2844 4599 3173 4672 specialiter
3196 4601 3307 4660 ista
3333 4606 3600 4664 consola-

2058 4692 2211 4750 toria
2253 4690 2557 4748 retributio
2579 4733 2598 4762 ,
2638 4706 2744 4748 seu
2795 4692 3171 4753 retributoria
3234 4696 3557 4756 consolatio
3574 4741 3594 4771 ‚

2060 4790 2147 4845 est
2185 4783 2460 4855 entitatiS,
2489 4783 2749 4843 veritatis
2767 4828 2786 4857 ,
2813 4788 2871 4843 et
2895 4785 3176 4846 bonitatis
3203 4789 3420 4849 divinae
3448 4806 3584 4849 con-

2055 4877 2380 4952 templatio.
2411 4877 2624 4936 Entitas
2652 4895 2823 4937 suam
2850 4881 3107 4955 speciem
3134 4882 3559 4945 demonstrabit
3568 4905 3590 4959 ς

2054 4971 2269 5030 veritas
2299 4986 2471 5028 suam
2508 4971 2720 5030 faciem
2759 4971 3110 5047 illustrabit3
3156 4975 3392 5035 bonitas
3420 4993 3591 5036 suam

2053 5063 2320 5143 requiem
2355 5064 2726 5125 ministrabit.
2755 5069 2834 5126 De
2873 5068 3068 5142 primo
3089 5068 3175 5127 ¹¹:
3211 5088 3240 5124 α
3265 5075 3425 5145 Ego,
3477 5089 3588 5148 ego

2051 5232 2115 5244 —
2139 5206 2161 5240 ⁹
2188 5204 2356 5266 Dent„
2384 5212 2565 5264 xxm,
2588 5204 2637 5251 2.
2665 5225 2727 5239 -
2755 5201 2797 5238 ¹⁰
2820 5200 2943 5264 Iob,
2972 5212 3098 5252 xxxx
3117 5238 3136 5266 ,
3160 5204 3241 5254 22.
3262 5230 3327 5242 —
3354 5205 3388 5241 ¹¹
3410 5206 3589 5274 Ecclae'„

2053 5288 2232 5338 xxxix,
2260 5278 2306 5324 9.
2337 5299 2396 5311 -
2425 5274 2466 5308 ²²
2494 5272 2612 5333 lca„
2642 5285 2719 5336 m,
2750 5277 2825 5326 12.

2111 5360 2180 5425 (a)
2217 5358 2357 5422 ναις.
2387 5356 2646 5408 sublimes.
2670 5383 2733 5394 —
2757 5356 2827 5422 (ὁ)
2861 5358 2982 5412 coet.
3002 5357 3122 5408 edit.
3149 5357 3355 5418 indicio.
3587 5394 3611 5433 5
