4196 6294
1652 479 2017 547 PSALMUS
2060 483 2297 550 CXVIII
2304 533 2320 550 .

390 626 576 682 Deum
618 623 905 695 tanquam
957 619 1363 679 testificantem
1415 632 1699 689 noscere3
1739 618 1927 675 reior-

391 721 691 777 matorum
720 718 806 774 est
851 715 932 774 ad
974 718 1159 773 Deum
1199 718 1483 788 tanquam
1523 716 1828 771 auctorem
1867 728 1928 769 se

392 817 761 884 convertere3
801 811 1303 870 conformatorum
1355 810 1461 881 est,
1517 807 1785 881 ejusdem
1838 806 1926 865 fa-

392 907 571 966 mulis
593 906 906 966 cohaerere.

885 1065 1170 1121 Articulus
1205 1066 1435 1135 primus.

460 1191 687 1249 Primus
701 1190 979 1249 articulus
992 1206 1114 1248 non
1132 1188 1461 1247 secundum
1475 1186 1686 1245 seriem
1706 1185 1927 1256 litterae,

389 1286 495 1342 sed
534 1284 865 1344 secundum
920 1283 1193 1341 ordinem
1248 1281 1545 1340 sententioe
1596 1280 1929 1351 denotatur,

390 1394 527 1436 cum
555 1377 805 1436 dicitur:
835 1380 1102 1434 Timentes
1120 1382 1191 1433 te.
1215 1375 1503 1433 Timentes
1520 1372 1933 1445 huJ‘useemodi

391 1470 507 1528 dici
522 1473 789 1546 possunt,
813 1470 1174 1545 quicumque
1195 1468 1505 1526 deformati
1523 1472 1696 1525 sunt:
1720 1482 1931 1541 quam-

390 1565 599 1622 obrem
638 1567 820 1622 Deum
868 1567 1155 1637 tanquam
1183 1563 1446 1635 judicem
1493 1562 1928 1636 pertimescunt.

389 1663 472 1718 lta
488 1660 676 1719 solent
693 1660 900 1718 timere
913 1677 1179 1734 personas
1205 1660 1520 1728 deliciosae,
1551 1658 1860 1716 desidiosae
1877 1661 1933 1714 et

389 1755 717 1814 ambitiosae
750 1776 764 1813 :
791 1771 1046 1830 quarum
1073 1753 1279 1829 primae
1298 1757 1434 1811 sunt
1459 1769 1568 1827 per
1592 1751 1931 1827 spurcitiam

390 1849 730 1909 deformatae
745 1871 764 1925 ;
795 1850 1090 1922 secundae,
1118 1866 1225 1923 per
1243 1849 1541 1924 pigritiam
1556 1869 1572 1921 ;
1594 1848 1797 1919 tertiae,
1825 1862 1932 1920 per

388 1944 748 2018 superbiam.
792 1947 868 2002 De
912 1944 1110 2018 primo
1141 1947 1160 1980 ¹
1191 1964 1208 2000 ε
1248 1962 1276 1997 «
1299 1943 1391 2002 Sic
1447 1942 1748 2000 faciebatis
1778 1940 1932 1999 filia-

388 2037 502 2094 bus
539 2037 715 2095 Israel
747 2040 846 2095 :et
896 2036 1013 2095 illae
1066 2038 1334 2095 timentes
1370 2035 1771 2110 loquebantur
1824 2050 1932 2092 vo-

388 2132 498 2189 his,
529 2153 556 2187 ιι
582 2135 688 2190 Per
712 2131 852 2189 istas
879 2131 1055 2190 Israel
1081 2131 1234 2188 filias
1254 2130 1670 2213 convenienter
1713 2127 1931 2202 accipi-

386 2245 517 2286 mus
543 2244 826 2303 personas
871 2226 1173 2297 delicatas,
1229 2226 1509 2301 spurcitia
1530 2262 1535 2267 ⁴
1556 2226 1930 2297 deformatas,

386 2340 522 2398 quse
554 2324 883 2399 loquuntur
898 2324 1184 2395 timentes,
1197 2322 1366 2396 quasi
1381 2320 1767 2379 conscientias
1795 2335 1934 2378 cau-

3449 503 3570 567 419

2035 619 2496 695 psalmographo
2523 622 2585 679 ἐ
2613 641 2643 675 «
2679 622 2926 681 Effunde
2955 624 3104 683 iram
3150 628 3312 686 tuam
3339 628 3403 688 in
3427 646 3572 704 gen-

2034 715 2141 787 teS,
2171 731 2304 788 quse
2329 718 2387 773 te
2416 731 2540 774 non
2562 719 2875 788 noverunt,
2904 720 2961 776 et
2987 718 3050 776 in
3074 736 3276 795 regna,
3306 738 3440 797 quas
3464 740 3573 783 no·

2036 823 2176 865 men
2202 813 2369 867 tuum
2397 826 2521 868 non
2546 810 2990 871 invocaverunt.
3021 835 3049 869 ιο
3092 815 3187 872 Isti
3204 830 3328 873 non
3355 833 3574 892 cogno-

2036 906 2267 973 verunt,
2320 919 2432 962 nec
2487 906 2908 964 invocaverunt
2973 907 3461 983 misericordiam,
3518 914 3575 969 et

2035 994 2175 1053 ideo
2202 996 2550 1057 deciderunt
2573 998 2639 1056 in
2664 999 3074 1059 diffidentiam.
3103 1005 3181 1060 De
3211 1004 3473 1062 secundo
3502 1006 3525 1041 ⁸
3552 1024 3568 1063 ε

2043 1106 2072 1142 ιι
2098 1091 2325 1147 Justum
2353 1095 2439 1151 est
2464 1091 2627 1167 apud
2653 1095 2838 1152 Deum
2871 1094 3195 1153 retribuere
3237 1097 3576 1156 retributio-

2036 1196 2174 1239 nem
2194 1183 2261 1256 (b)
2284 1183 2397 1256 his,
2419 1185 2524 1260 qui
2542 1202 2653 1244 nos
2672 1187 2972 1260 tribulant,
2986 1207 3016 1242 ιο
3042 1193 3176 1261 etc„
3205 1190 3311 1247 «in
3334 1191 3580 1250 flamma

2037 1275 2193 1347 ignis
2220 1277 2413 1335 dantis
2464 1279 2789 1338 vindictam
2834 1280 2925 1352 iis,
2974 1283 3076 1357 qui
3121 1298 3258 1355 non,
3288 1270 3580 1345 noverunt

2038 1372 2222 1427 Deum
2253 1388 2267 1427 ε
2298 1392 2327 1427 ιο
2369 1372 2514 1430 tales
2553 1389 2677 1431 non
2708 1379 2998 1432 noverunt
3044 1376 3142 1433 Dei
3183 1376 3486 1450 ,iustitiam
3524 1386 3580 1440 et

2035 1468 2279 1537 propter
2330 1465 2449 1524 hoc
2501 1465 2833 1526 inciderunt
2879 1468 2942 1525 in
2993 1468 3440 1543 praefidentiam.
3496 1475 3576 1531 De

2039 1557 2208 1615 tertio
2236 1559 2257 1593 ⁶
2290 1576 2304 1614 :
2341 1579 2369 1613 α
2398 1559 2507 1628 Qui
2560 1565 2856 1619 noverunt
2907 1578 3066 1634 eum,
3121 1563 3397 1637 ignorant
3451 1568 3577 1626 dies

2039 1648 2218 1708 illius.
2251 1672 2280 1705 ιο
2301 1653 2366 1709 Hi
2408 1658 2699 1711 noverunt
2730 1660 2846 1713 tam
2870 1656 3172 1730 justitiam,
3193 1675 3374 1733 quam
3402 1661 3576 1718 mise-

2038 1744 2387 1818 ricordiam3
2413 1747 2519 1803 sed
2556 1764 2681 1807 non
2705 1753 2999 1807 noverunt
3027 1751 3145 1808 diei
3163 1751 3574 1826 differentiam,

2039 1842 2097 1896 et
2117 1838 2339 1898 idcirco
2366 1841 2738 1913 perstiterunt
2758 1858 2866 1916 per
2886 1844 3324 1906 confidentiam.

2544 2003 2820 2060 Articulus
2847 2009 3061 2062 tertius.

2111 2124 2329 2182 Tertius
2341 2126 2624 2187 ,articulus
2638 2132 3016 2202 praenotatur,
3045 2148 3180 2191 cum
3208 2135 3570 2209 praedicitur:

2043 2218 2454 2277 Convertamur.
2500 2220 2610 2289 Qui
2643 2226 3065 2297 convertentur,
3104 2226 3219 2284 nisi
3245 2230 3349 2303 qui
3391 2230 3575 2289 refor-

2042 2314 2317 2370 mantur?
2356 2316 2486 2371 Hoec
2531 2315 2689 2372 enim
2718 2317 3025 2375 conversio
3073 2324 3158 2377 est
3199 2322 3577 2384 reson-:nativa
3657 2349 3816 2393 nefor.

2042 2406 2320 2479 expiatio.
2350 2408 2511 2466 Unde
2539 2410 2890 2483 notandum,
2919 2412 3085 2486 quod
3110 2413 3174 2472 in
3200 2415 3312 2475 hac
3340 2433 3583 2477 conver·
3619 2414 3810 2457 mmdu·

2041 2500 2206 2558 sione
2234 2501 2412 2561 debet
2447 2518 2510 2561 se
2545 2503 2956 2565 reformandus
2986 2512 3326 2569 convertere
3354 2527 3432 2569 au
3457 2511 3581 2570 luc-
3635 2487 3800 2580 {2202

2042 2599 2198 2665 tum,
2231 2612 2352 2669 quo
2379 2597 2747 2672 lavandum3
2779 2600 2859 2658 ad
2899 2603 3237 2677 Dominum,
3268 2620 3305 2664 8
3333 2622 3454 2680 ‘1¹¹0
3490 2607 3579 2666 lfl‘
3608 2609 3804 2703 ἔξω

386 2418 622 2476 teriatas
647 2417 953 2475 habentes
985 2419 1063 2474 De
1082 2416 1345 2475 secundo
1371 2417 1395 2450 ²
1427 2434 1441 2473 :
1478 2436 1505 2469 α
1529 2417 1760 2474 Timens
1788 2415 1930 2487 abii,

388 2512 756 2571 eteahscondi
811 2511 1094 2570 talentum
1144 2514 1311 2569 tuum
1364 2511 1426 2568 in
1474 2515 1648 2568 terra.
1680 2531 1708 2564 ιο
1742 2510 1934 2569 Verba

384 2608 520 2663 sunt
546 2604 697 2662 servi
720 2604 1023 2674 desidiosi,
1051 2603 1290 2678 pigritia
1342 2601 1676 2661 deformati.
1725 2604 1933 2660 Servus

384 2698 489 2757 iste
513 2698 623 2757 fuit
645 2699 879 2770 timenS,
912 2698 1018 2756 sed
1054 2697 1381 2767 temerarie,
1411 2698 1553 2772 quia
1578 2696 1773 2755 timuit
1795 2713 1931 2772 pro-

385 2793 580 2863 ficere,
603 2808 726 2851 non
747 2791 946 2849 timuit
964 2791 1216 2849 deficere
1228 2810 1246 2864 ς
1276 2790 1670 2864 negligentior
1692 2791 1771 2848 ad
1795 2806 1930 2865 pro·

383 2885 620 2957 fectum,
675 2886 959 2944 audacior
1011 2885 1091 2943 ad
1145 2884 1455 2943 defectum.
1513 2888 1588 2942 De
1643 2885 1811 2942 tertio
1859 2886 1881 2920 ³
1912 2904 1926 2941 ε

393 2979 697 3038 «Adonias
726 2980 936 3037 timens
962 2979 1342 3037 Salomonem
1388 2977 1657 3050 surrexit,
1703 2981 1760 3035 et
1786 2977 1931 3035 abiit

385 3071 447 3129 in
472 3072 922 3131 tabernaculum
962 3071 1215 3140 Domini,
1242 3092 1271 3125 ιι
1334 3074 1440 3128 etc.
1499 3070 1779 3142 Adonias,
1823 3072 1929 3146 qui

382 3184 634 3241 regnum
670 3170 982 3241 ambierat,
1034 3184 1354 3244 personam
1407 3168 1781 3227 ambitiosam
1828 3185 1927 3225 su-

383 3263 592 3337 perbia
635 3264 1026 3323 deformatam
1081 3264 1354 3336 designat
1385 3271 1400 3320 :‘
1435 3268 1490 3321 et
1514 3262 1665 3335 {ideo
1713 3261 1927 3320 timens

383 3356 548 3429 abiit,
576 3357 785 3432 refugii
817 3358 1017 3417 locum
1046 3358 1210 3430 adiit,
1244 3358 1387 3432 quia
1439 3357 1806 3416 conscientiae
1832 3374 1925 3415 re-

383 3464 650 3509 morsum
678 3452 905 3511 habuit.

858 3614 1136 3670 Articulus
1162 3613 1443 3670 secundus.

453 3733 755 3794 Secundus
810 3736 1091 3794 articulus
1140 3738 1405 3807 notatur,
1463 3749 1600 3792 cum
1654 3734 1866 3794 dicitur
1906 3753 1920 3793 ε

382 3830 452 3884 Et
479 3831 577 3900 qui
601 3834 860 3886 noverunt
881 3833 1187 3887 testimonia
1216 3835 1330 3886 tua.
1361 3828 1472 3898 Qui
1501 3831 1637 3886 sunt
1663 3828 1756 3886 isti
1792 3844 1925 3890 nos-

382 3922 576 3979 centes
602 3913 934 3980 testimonia
960 3921 1078 3993 Dei,
1109 3921 1221 3979 nisi
1244 3922 1348 3995 qui
1377 3923 1449 3994 (α)
1474 3923 1600 3994 jam
1625 3922 1923 3981 informati

382 4018 556 4074 sunt?
585 4033 767 4091 quam
794 4018 875 4075 ob
906 4033 1146 4075 causam
1171 4019 1356 4074 Deum
1382 4032 1506 4079 nun
1522 4018 1921 4090 tantumJ'udi-

384 4113 634 4182 cantem,
659 4110 766 4168 sed
786 4112 843 4166 et
855 4110 1259 4168 testificantem
1281 4115 1625 4182 agnoscunt.
1652 4112 1763 4169 Sed
1780 4115 1922 4170 nota

382 4202 457 4260 de
483 4202 736 4278 praefatis
755 4203 1157 4275 noscentibuS,
1188 4202 1334 4278 quid
1355 4208 1668 4276 noverunt,
1697 4205 1920 4278 etquid

378 4312 503 4354 non
526 4301 826 4356 noverunt
856 4316 870 4354 ε
906 4297 1152 4371 quidam
1180 4296 1279 4353 Dei
1310 4296 1631 4371 judicantis
1677 4301 1732 4355 et
1764 4298 1921 4356 testi-

379 4390 605 4450 ficantis
626 4391 913 4464 justitiam
938 4394 1251 4462 noverunt,
1295 4390 1403 4448 sed
1455 4389 1922 4450 misericordiam

377 4495 513 4543 non·
539 4489 862 4558 noverunt3
895 4485 1141 4559 quidam
1179 4500 1210 4542 e
1257 4484 1550 4568 contrario
1590 4483 1919 4542 misericor-

378 4576 542 4636 diam
565 4581 877 4652 noverunt,
932 4579 1039 4636 sed
1087 4578 1374 4651 Justitiam
1424 4593 1548 4636 non
1596 4581 1916 4647 noverunt3

377 4671 626 4745 quidam
651 4687 819 4743 ver0,
845 4675 969 4730 tam
1010 4673 1314 4744 justitiam,
1354 4688 1539 4747 quam
1591 4672 1920 4730 misericor-

378 4764 541 4823 diam
569 4765 669 4823 Dei
717 4763 1037 4837 iudicantis
1086 4769 1142 4823 et
1197 4764 1557 4825 testificantis
1602 4769 1914 4840 noverunt,

375 4860 480 4919 sed
508 4860 667 4919 diem
689 4860 899 4934 judicii
954 4864 1011 4918 et
1061 4860 1372 4919 testimonii
1426 4878 1551 4919 non
1601 4867 1913 4920 noverunt.

376 4953 553 5012 Primi
595 4954 927 5013 ceciderunt
969 4954 1033 5012 in
1091 4955 1480 5015 diffidentiam
1490 4975 1508 5029 3
1563 4956 1824 5028 secundi,
1855 4955 1916 5012 in

374 5048 800 5123 praefidentiam
816 5068 834 5121 3
903 5049 1050 5107 tertii
1105 5052 1372 5108 tenerunt
1417 5049 1577 5108 viam
1632 5049 1916 5124 mediam,

376 5142 595 5201 scilicet
649 5143 1087 5202 confidentiam.
1158 5147 1235 5201 De
1304 5144 1500 5217 primo
1550 5144 1824 5201 scribitur
1880 5159 1916 5201 a

446 5297 457 5325 ¹
482 5295 635 5358 Dan„
662 5305 802 5360 xm„
832 5298 914 5347 57.
934 5321 995 5335 «-
1022 5296 1039 5325 ²
1065 5294 1268 5359 Mutela„
1294 5307 1420 5359 xxv,
1445 5297 1601 5359 253-
1627 5297 1649 5332 ³
1677 5297 1743 5348 111
1774 5298 1914 5362 Req„

379 5376 421 5427 1,
447 5366 524 5416 50.
555 5393 618 5404 -
650 5366 674 5400 ⁴
700 5367 836 5417 Psal.
866 5378 1097 5425 Lxxvni,
1129 5370 1178 5415 6.
1202 5392 1263 5405 -
1293 5367 1311 5396 ⁸
1347 5367 1389 5416 ll
1423 5367 1605 5429 Thess„
1633 5381 1680 5429 1,
1718 5371 1828 5419 6-8.
1854 5395 1914 5406 -

380 5437 400 5465 ⁸
423 5435 532 5499 Iob,
559 5448 705 5499 xxiv,
737 5442 778 5490 t.
809 5465 881 5480 -·
903 5437 922 5473 ⁷
948 5439 1075 5501 Iac..
1105 5450 1177 5502 iv,
1204 5441 1253 5489 9.
1279 5464 1339 5478 -
1369 5440 1385 5469 ⁸
1414 5439 1551 5490 Psal.
1590 5451 1707 5501 xxi,
1737 5443 1815 5491 28.
1851 5466 1913 5477 -

1980 2708 1989 2718 ·
2039 2689 2346 2762 vandum3
2378 2690 2458 2748 ad
2501 2708 2604 2750 cor
2646 2708 2854 2767 suum,
2901 2696 3066 2769 quod
3103 2697 3451 2760 lavandum.
3501 2702 3579 2759 De

2038 2782 2234 2856 primo
2264 2786 2286 2820 ⁷
2310 2802 2326 2841 :
2365 2804 2393 2839 α
2417 2776 2603 2844 'Miseri
2628 2791 2839 2861 estote,
2859 2809 2887 2844 ιο
2917 2790 3139 2849 scilicet
3162 2792 3403 2851 interius
3417 2836 3438 2865 ,
3475 2814 3502 2848 α
3525 2799 3582 2853 et

2037 2878 2235 2952 lugete
2251 2922 2270 2950 ,
2300 2902 2328 2933 »
2352 2880 2577 2962 ,scilicet
2603 2883 2888 2955 exterius;
2919 2904 2949 2939 α
2969 2886 3138 2943 Risus
3157 2891 3347 2946 vester
3370 2888 3434 2945 in
3459 2889 3580 2948 luc·

2039 2975 2164 3030 tum
2202 2977 2578 3032 convertatur
2606 2993 2620 3030 ε
2653 2996 2682 3031 ιι
2717 2992 2850 3034 ecce
2879 2979 3187 3037 conversio
3217 2980 3280 3038 in
3315 2980 3538 3040 luctum
3555 3026 3575 3057 ,

2041 3081 2162 3139 quo
2189 3067 2533 3126 lavandum.
2563 3072 2639 3127 De
2668 3070 2929 3129 secundo
2950 3073 2972 3108 ⁸
3003 3091 3017 3129 ε
3057 3093 3086 3127 οι
3115 3074 3579 3136 Reminiscentur

2038 3166 2095 3219 et
2120 3167 2532 3222 convertentur
2557 3164 2636 3223 ad
2672 3166 2988 3225 Dominum
3009 3168 3269 3228 universi
3295 3171 3444 3229 fines
3469 3176 3577 3232 ter-

2037 3271 2148 3324 rae,
2167 3276 2195 3306 ιι
2238 3255 2352 3314 hoc
2399 3263 2485 3316 est
2527 3273 2733 3315 sensus
2783 3260 3067 3318 terrestris
3113 3262 3325 3322 animae
3372 3283 3387 3321 z
3439 3281 3575 3324 ecce

2038 3349 2344 3408 conversio
2386 3350 2467 3408 ad
2494 3351 2847 3424 Dominum,
2876 3369 2913 3410 a
2953 3370 3074 3428 quo
3116 3355 3461 3416 lavandum.
3495 3362 3573 3417 De

2035 3441 2203 3500 tertio
2225 3444 2286 3500 ⁹:
2323 3462 2352 3497 «
2378 3444 2488 3513 Qui
2515 3444 2682 3503 timet
2717 3448 2898 3503 Deum
2917 3490 2938 3519 ,
2963 3437 3336 3509 vconvertetur
3364 3451 3443 3508 ad
3470 3468 3574 3511 cor

2033 3539 2215 3593 suum‘
2245 3555 2258 3594 ε
2292 3558 2320 3592 ιο
2356 3554 2490 3597 ecce
2533 3541 2840 3599 conversio
2886 3541 2966 3600 ad
3011 3558 3134 3615 cor,
3172 3546 3340 3618 quod
3373 3546 3574 3605 lavan-

2033 3629 2198 3689 dum.

2521 3776 2804 3832 Articulus
2840 3780 3083 3848 quartus.

2104 3918 2353 3984 Quartus
2380 3931 2520 3975 vero
2547 3916 2825 3975 articulus
2852 3919 3224 3994 subnotatur,
3252 3938 3390 3984 cum
3426 3928 3569 3986 sub-

2028 4008 2295 4082 jungitur
2318 4007 2516 4080 τΜιἹιί,
2545 4014 2829 4085 tanquam
2856 4013 3227 4088 conformati,
3257 4033 3362 4076 seu
3388 4022 3571 4079 confi-

2031 4102 2225 4172 gurati
2249 4102 2415 4161 mihi.
2433 4103 2539 4161 Cui
2557 4103 2701 4162 mihi
2722 4107 2753 4161 ¹?
2772 4106 2815 4142 ¹⁰
2839 4124 2868 4159 α
2885 4107 3111 4180 Sobria,
3133 4113 3190 4169 et
3207 4111 3384 4184 iuste,
3400 4118 3457 4172 et
3471 4116 3570 4189 pie

2030 4196 2250 4254 viventi
2277 4196 2338 4253 in
2366 4197 2480 4256 hoc
2508 4197 2782 4256 saeculo.»
2807 4201 3122 4269 Quomodo
3143 4204 3172 4260 ‘i
3202 4221 3436 4266 crucem
3461 4208 3569 4267 ba-

2025 4289 2312 4361 JulandO,
2350 4291 2573 4350 Christo
2616 4292 2996 4366 famulando,
3036 4297 3279 4356 salutem
3311 4302 3570 4376 proximi

2031 4386 2392 4447 aemulanda.
2423 4390 2501 4450 De
2536 4389 2732 4463 primo
2755 4389 2796 4424 ¹¹
2827 4408 2841 4447 :
2881 4388 3074 4449 «Mihi
3098 4392 3252 4451 absit
3289 4395 3566 4469 gloriari,

2030 4480 2144 4538 nisi
2170 4480 2233 4538 in
2263 4497 2435 4539 cruce
2464 4482 2697 4541 Domini
2725 4485 2912 4542 nostri
2937 4487 3071 4543 Iesu
3097 4487 3301 4546 Christi
3322 4507 3342 4559 ;
3370 4508 3401 4544 ιο
3433 4505 3569 4549 ecce

2031 4575 2218 4631 crucis
2264 4574 2552 4647 bajulatio
2574 4619 2594 4648 ,
2649 4579 3116 4653 correspondens
3160 4581 3295 4639 vitae
3335 4582 3565 4643 sobrioe.

2030 4670 2107 4726 De
2131 4670 2393 4730 secundo
2414 4672 2457 4706 ²⁸
2483 4688 2498 4728 ε
2522 4671 2697 4730 «Mihi
2722 4673 2921 4731 vivere
2950 4674 3207 4732 Christus
3236 4679 3352 4734 est:
3372 4697 3399 4732 ιι
3436 4692 3568 4737 ecce

2030 4762 2239 4821 Christi
2277 4763 2584 4824 famulatio
2614 4809 2634 4839 ,
2678 4767 3036 4825 conveniens
3079 4768 3210 4826 vitae
3249 4769 3436 4841 iustae.
3490 4775 3567 4831 De

2031 4857 2199 4916 tertio
2222 4843 2303 4915 ¹5:
2323 4879 2352 4914 a
2366 4859 2501 4917 Mihi
2520 4861 2789 4918 omnium
2808 4866 3143 4920 sanctorum
3160 4863 3410 4923 minimo
3430 4863 3571 4927 data

2031 4955 2117 5009 est
2141 4952 2328 5026 gratia
2357 4953 2484 5010 haec
2505 4995 2523 5025 ,
2565 4953 2628 5010 in
2657 4953 2929 5026 gentibus
2975 4957 3381 5030 evangelizare
3416 4959 3566 5018 divi-

2028 5046 2140 5104 tias
2169 5047 2369 5120 gratiae
2395 5047 2638 5104 Christi:
2663 5067 2693 5103 ιι
2717 5063 2849 5107 ecce
2867 5048 3137 5110 iraternoe
3162 5052 3367 5111 salutis
3390 5070 3568 5113 aemu-

2026 5139 2170 5198 latio
2201 5156 2534 5214 congruens
2559 5140 2691 5199 vitae
2717 5142 2848 5216 pise.

2027 5281 2045 5307 ⁸
2074 5276 2254 5341 Redi..
2285 5290 2395 5343 xxi,
2419 5279 2467 5328 7.
2488 5304 2550 5318 -
2583 5278 2624 5313 ¹⁰
2655 5278 2770 5341 Tit„
2801 5292 2862 5340 υ,
2892 5282 2967 5331 12.
2989 5306 3048 5319 —
3077 5284 3108 5312 ¹¹
3136 5283 3274 5348 Gal„
3299 5297 3371 5351 vr,
3405 5290 3481 5338 ¹4.
3505 5309 3567 5328 -—

2030 5349 2070 5387 ¹³
2096 5349 2314 5414 Philip„
2348 5361 2382 5414 1,
2411 5353 2490 5402 21.
2519 5377 2580 5390 -
2613 5351 2650 5386 ¹⁸
2681 5350 2880 5416 ephes..
2907 5364 2988 5417 111,
3016 5356 3063 5406 8.

2089 5435 2314 5502 (aman.
2348 5435 2462 5487 Ven.
2492 5437 2694 5500 quia.—
2725 5435 2791 5501 (ὁ)
2831 5437 2977 5502 Vulq.
3007 5439 3405 5495 tribulationem.
