4196 6294
1721 444 1979 516 CAPUT
2022 448 2127 514 lx.

325 597 551 661 utrum
586 586 817 657 habeat
861 587 1138 672 gratiam
1156 635 1178 667 ,
1226 588 1353 653 nisi
1393 605 1508 671 per
1549 586 1869 651 revelatio-

327 720 501 782 nem,
532 700 696 766 sicut
720 697 1083 781 Apostolus.
1113 698 1221 760 Est
1245 694 1372 760 alia
1393 694 1735 778 probabilis
1749 742 1767 773 ,
1806 698 1871 758 et

325 828 445 893 per
470 809 694 890 signa:
738 810 801 871 et
833 805 973 870 baec
1000 804 1260 887 quidem
1287 802 1506 867 haberi
1534 804 1775 883 potest,
1806 805 1871 865 et

327 916 622 994 habetur,
644 913 799 997 quia
820 910 1004 976 multi
1037 929 1152 994 per
1177 909 1365 992 signa
1389 909 1743 993 probabilia
1770 926 1871 972 co-

328 1028 647 1106 gnoscunt
672 1039 740 1086 se
766 1038 901 1085 esse
926 1020 995 1083 iu
1026 1019 1256 1100 gratia.
1288 1018 1551 1096 Quando
1579 1033 1738 1097 ergo
1762 1015 1870 1080 ob-

321 1130 577 1212 Jicitur,
610 1128 782 1212 quod
808 1125 1223 1192 essentialiter
1249 1124 1458 1199 videt:
1495 1124 1670 1202 dico,
1700 1122 1868 1206 quod

325 1237 588 1302 habitus
608 1237 677 1300 in
705 1236 923 1300 anima
947 1253 1080 1299 non
1107 1235 1585 1316 cognoscuntur
1607 1230 1730 1294 nisi
1756 1247 1871 1313 per

325 1346 482 1426 hoc,
527 1346 696 1430 quod
739 1345 955 1411 anima
988 1343 1163 1410 videt
1195 1362 1264 1408 se
1305 1342 1585 1407 habilem
1624 1341 1706 1406 ad
1746 1340 1871 1405 ali-

324 1472 522 1536 quem
548 1459 792 1519 actum:
825 1458 887 1518 et
913 1452 1066 1536 quia
1088 1458 1268 1517 actus
1291 1452 1441 1517 fldei
1467 1449 1779 1529 informis,
1808 1453 1870 1513 et

323 1562 645 1642 formatae,
675 1566 735 1626 et
764 1560 1117 1626 dilectionis
1144 1559 1444 1642 gratuitae
1458 1608 1478 1638 ,
1509 1561 1574 1621 et
1607 1560 1865 1621 natura-

325 1669 442 1750 lis,
471 1671 627 1735 adeo
654 1672 803 1733 sunt
823 1666 1060 1732 similes
1076 1715 1094 1747 ,
1124 1670 1197 1730 ut
1223 1666 1367 1743 vix,
1399 1669 1510 1730 aut
1535 1682 1868 1747 nunquam

322 1776 522 1859 possit
546 1777 742 1841 homo
768 1775 1158 1849 discernere3
1189 1774 1353 1852 ide0,
1385 1773 1504 1838 etsi
1532 1775 1871 1853 cognoscat

322 1883 615 1948 habitum
631 1931 653 1963 ,
709 1883 910 1948 nescit
956 1887 1204 1960 tamen,
1251 1885 1475 1945 utrum
1520 1879 1865 1960 gratuitus,

324 1989 506 2068 Quod
533 1990 830 2074 objicitur
855 1990 933 2054 de
960 1989 1127 2070 odi0,
1150 1988 1290 2053 dico
1319 1988 1492 2071 quod
1515 1987 1648 2069 ipse
1671 1986 1872 2069 loqui-

321 2100 431 2163 tur
470 2097 547 2162 de
603 2097 824 2180 Justi5‚
881 2096 1034 2180 quia
1085 2095 1207 2179 ipsi
1261 2094 1588 2174 nesciunt,
1645 2098 1869 2158 utrum

322 2224 573 2286 amore,
620 2224 704 2269 an
739 2204 883 2268 odio
909 2203 1113 2285 :digni
1161 2202 1322 2282 siut;
1368 2219 1503 2266 non
1539 2201 1617 2266 de
1656 2205 1872 2285 aperte

296 2313 508 2381 ,malis
536 2334 551 2376 :
602 2311 912 2395 quidquid
951 2315 1166 2375 tamen
1209 2310 1292 2374 sit
1337 2309 1415 2374 de
1461 2310 1764 2373 charitate
1809 2314 1872 2374 et

321 2422 477 2500 fide,
508 2423 734 2485 utrum
760 2420 955 2483 homo
982 2418 1138 2482 sciat
1165 2436 1233 2482 se
1263 2416 1502 2482 habere
1520 2464 1537 2496 ,
1567 2416 1674 2481 vel
1702 2435 1866 2496 non,

321 2528 540 2597 tamen
569 2526 770 2591 nescit
794 2530 1018 2591 utrum
1051 2543 1304 2604 amore,
1336 2542 1421 2588 an
1456 2524 1602 2590 odio
1633 2524 1744 2589 Dei
1773 2524 1870 2589 di-

325 2653 498 2717 guus
523 2636 606 2699 sit
637 2654 654 2700 ι
680 2634 834 2718 quia
866 2634 1122 2699 credere
1146 2652 1525 2717 possumus3
1565 2632 1675 2697 sed
1709 2649 1867 2715 quo-

319 2742 511 2807 modo
538 2741 795 2822 scimuS,
822 2740 993 2825 quod
1023 2740 1191 2805 Deus
1218 2741 1364 2806 odio
1389 2740 1620 2804 habeat
1642 2739 1867 2818 malos,

319 2854 384 2914 et
415 2848 643 2930 diligat
679 2849 913 2927 bonos,
944 2866 1095 2912 cum
1142 2850 1234 2911 tot
1271 2850 1335 2911 et
1373 2851 1548 2911 tanta
1579 2848 1751 2911 bona
1784 2847 1870 2911 fa-

322 2956 445 3019 ciat
472 2955 659 3019 malis
675 3003 692 3033 ,
725 2955 887 3019 sicut
910 2958 973 3019 et
999 2955 1228 3019 bonis?
1259 2953 1439 3019 Unde
1470 2954 1870 3020 Ecclesiastes

324 3080 458 3126 non
484 3062 677 3140 dixit,
712 3062 883 3144 quod
909 3062 1197 3126 nesciant
1221 3080 1290 3126 se
1316 3079 1451 3126 esse
1484 3063 1730 3144 Justos,
1759 3062 1866 3127 sed

317 3171 609 3236 nesciunt
645 3188 714 3235 se
752 3171 1011 3235 dilectos
1038 3190 1076 3235 a
1104 3170 1255 3235 Deo.
1286 3169 1496 3236 Potest
1531 3170 1725 3236 etiam
1754 3171 1867 3236 du-

318 3277 512 3343 bitari
540 3278 619 3343 de
648 3279 769 3342 hoc
788 3326 805 3356 ,
836 3278 1007 3361 quod
1033 3277 1206 3343 dicit.

399 3390 460 3449 3.
486 3386 624 3452 Hoc
647 3390 740 3453 est
764 3387 1116 3468 pessimum
1141 3383 1257 3452 sub
1282 3384 1429 3462 sole,
1450 3384 1623 3467 quod
1649 3385 1866 3453 eadem

318 3497 566 3562 cunctis
592 3495 908 3562 eveniant.
943 3494 1207 3560 Contra:
1248 3488 1441 3574 Pejus
1468 3495 1583 3573 est,
1614 3494 1868 3577 quando

319 3602 508 3667 malis
542 3605 852 3669 eveniunt
885 3605 1083 3682 bona,
1120 3604 1184 3666 et
1220 3601 1405 3665 bonis
1433 3601 1635 3681 mala',
1672 3620 1868 3685 quam

325 3709 583 3790 quando
609 3710 769 3789 istis,
792 3713 854 3775 et
875 3709 1000 3774 illis
1026 3709 1354 3787 eveniunt,
1378 3707 1536 3791 quia
1557 3709 1719 3774 sicut
1744 3711 1868 3775 dic-

320 3818 462 3881 tum
503 3817 623 3883 fuit
659 3837 854 3902 supra
878 3820 921 3896 ¹,
963 3817 1122 3883 illud
1160 3816 1550 3895 indebitum,
1591 3821 1655 3881 et
1694 3817 1865 3882 indi-

321 3945 552 4009 gnum.
584 3926 743 3992 Item
770 3944 964 4009 supra
985 3925 1226 3990 dictum
1255 3927 1385 3989 est:
1428 3945 1460 3985 α
1490 3923 1623 3989 Hoc
1649 3924 1863 3990 vanis-

319 4033 560 4098 simum
572 4033 794 4115 Judico
817 4033 895 4098 de
920 4032 1067 4111 hoc,
1093 4031 1263 4113 quod
1286 4029 1438 4094 mali
1457 4034 1611 4095 sunt
1631 4032 1863 4110 securi,

320 4145 386 4205 et
415 4140 607 4224 justis
645 4139 814 4205 mala
852 4138 1281 4223 proveniunt:
1327 4159 1358 4196 n
1394 4136 1506 4201 sed
1541 4138 1712 4221 quod
1755 4156 1868 4221 per

319 4245 967 4330 superabundantiam
1011 4244 1263 4322 dicitur,
1304 4244 1419 4309 uni
1463 4244 1579 4309 soli
1629 4263 1866 4312 conve·

318 4355 455 4420 uit:
490 4373 672 4437 ergo,
706 4359 827 4420 etc.
876 4352 1244 4435 Respondeo
1286 4352 1661 4433 dicendum,
1689 4355 1864 4436 quod

319 4461 613 4543 intensio,
644 4466 709 4527 et
733 4459 1047 4538 remissio,
1077 4459 1144 4523 in
1165 4461 1442 4524 vanitate
1468 4459 1573 4524 vel
1600 4461 1862 4541 malitia,

317 4574 523 4653 potest
543 4571 739 4653 accipi
771 4569 1025 4654 proprie
1037 4616 1058 4648 ,
1080 4569 1250 4633 etsie
1273 4568 1503 4633 dicitur
1528 4569 1858 4652 intensive,

318 4677 672 4743 secundum
707 4676 880 4760 quod
914 4676 1265 4758 margarita
1294 4678 1390 4740 est
1415 4664 1621 4740 albior
1646 4694 1855 4760 equo:

319 4788 383 4848 et
410 4785 500 4849 sic
530 4784 844 4849 intensive
871 4785 1079 4866 major
1106 4786 1201 4847 est
1231 4783 1501 4862 vanitas,
1532 4801 1681 4847 cum
1710 4784 1864 4849 mali

318 4892 701 4972 exaltantur,
735 4893 802 4971 et
830 4890 1278 4974 deprimuntur
1312 4891 1487 4956 boni.
1522 4891 1735 4957 Potest
1758 4892 1863 4957 ul-

313 5001 516 5069 terius
540 5004 755 5083 magis
777 5005 841 5066 et
873 5000 1087 5065 minus
1111 4999 1307 5083 accipi
1332 5000 1680 5080 extensive,
1710 5001 1864 5085 quia

319 5105 387 5171 in
417 5107 709 5190 pluribus
735 5106 842 5174 vel
879 5107 1164 5190 plurium
1191 5109 1292 5170 est
1316 5107 1460 5171 talis
1489 5102 1773 5173 occasio:
1799 5111 1864 5172 et

319 5210 440 5279 hoc
476 5215 667 5281 modo
708 5212 1096 5279 indistinctio
1134 5214 1453 5280 bonorum
1487 5233 1528 5279 a
1553 5215 1738 5280 malis
1765 5219 1864 5280 est

385 5375 399 5404 ¹
439 5376 562 5441 Cap.
605 5389 783 5442 proc„
832 5388 882 5430 V.
930 5379 1030 5443 143
1078 5377 1147 5428 Bt
1190 5379 1307 5427 eunt
1348 5377 1517 5442 impii.
1557 5403 1620 5415 —
1665 5377 1685 5408 ²
1725 5377 1859 5429 Psal.

319 5454 586 5514 unvm,
616 5452 696 5500 69.
720 5470 785 5487 —-
812 5447 837 5485 ⁸
859 5448 1015 5515 crem,
1053 5460 1144 5514 ιιι,
1177 5452 1258 5501 19.
1284 5467 1349 5488 ·-
1386 5450 1404 5480 ⁴
1434 5447 1548 5515 Job,
1585 5460 1684 5513 vu,
1712 5450 1762 5501 6.
1797 5476 1858 5490 -

1976 585 2185 665 major
2245 582 2494 648 vanitas
2514 629 2533 662 ,
2589 581 2741 665 quia
2792 580 3080 665 pitu-ium
3124 581 3517 648 malitiarum

1974 690 2185 771 origo.
2239 688 2308 753 Si
2354 689 2527 754 enim
2589 688 2775 753 bonis
2814 690 3144 755 evenirent
3196 690 3405 768 mala,
3458 693 3523 754 et

1972 797 2161 861 malis
2192 796 2382 876 bona,
2424 799 2683 879 possent
2715 796 2987 862 discerni
3021 798 3171 862 boni
3214 815 3257 861 a
3291 796 3516 861 malis:

1973 902 2085 967 sed
2119 903 2275 968 dum
2301 904 2609 970 eveniunt
2633 904 2855 969 eadem
2869 954 2890 985 ,
2919 905 3190 970 discerni
3215 922 3345 970 non
3375 921 3519 987 pos-

1973 1011 2146 1074 sunt.

2053 1124 2117 1183 4.
2166 1118 2355 1186 Nemo
2384 1123 2500 1196 est,
2530 1120 2647 1202 qui
2685 1136 2932 1202 semper
2964 1122 3169 1199 vivat,
3215 1124 3335 1186 etc.
3378 1121 3519 1186 Jam

1974 1228 2387 1308 monstravit,
2419 1228 2739 1310 quomodo
2767 1247 2850 1292 ex
2885 1228 3356 1295 indistinctione
3382 1248 3523 1295 nas-

1973 1335 2141 1399 citur
2161 1336 2515 1401 securitatis
2531 1336 2828 1403 vanitas:
2855 1335 2972 1400 Hic
2999 1354 3155 1402 vero
3184 1342 3517 1416 monstrat,

1972 1444 2295 1525 quomodo
2316 1462 2399 1508 ex
2425 1444 2759 1509 aecuritate
2786 1444 3067 1508 nascitur
3095 1445 3431 1528 voluptas:
3459 1449 3523 1510 et

1973 1550 2097 1616 hoc
2116 1552 2376 1634 quidem
2392 1552 2541 1617 facit
2558 1552 2680 1617 hoc
2698 1552 2961 1618 ordine:
2989 1553 3198 1635 primo
3222 1571 3380 1635 ergo
3404 1571 3523 1618 uo-

1972 1660 2148 1723 tatur
2175 1659 2404 1723 mortis
2439 1659 2749 1724 certitudo
2786 1678 2902 1743 per
2939 1661 3063 1726 hoc
3100 1660 3270 1743 quod
3303 1660 3525 1725 nullus

1976 1766 2189 1831 evadit
2216 1769 2356 1850 ejus
2374 1766 2726 1849 judicium:
2760 1772 3092 1851 propterea
3116 1768 3294 1832 dicit:
3327 1768 3523 1836 Nemo

1976 1880 2101 1955 est,
2148 1878 2265 1958 qui
2300 1891 2545 1958 semper
2580 1877 2783 1943 vivat.
2829 1876 3169 1960 Propterea
3213 1876 3413 1942 David
3451 1877 3518 1941 ²:

1985 2005 2017 2044 α
2040 1982 2196 2061 Quis
2227 1990 2321 2049 est
2360 1984 2556 2050 homo
2602 1984 2711 2068 qui
2746 1984 2953 2064 vivet,
3002 1988 3068 2049 et
3107 2002 3239 2048 non
3283 1983 3525 2048 videbit

1978 2095 2253 2157 mortem
2273 2094 2306 2155 ¹?
2339 2114 2371 2153 υ
2404 2090 2482 2156 Et
2519 2092 2586 2156 in
2614 2092 2779 2157 hanc
2808 2091 3281 2157 damnationem
3305 2090 3525 2156 cecidit

1975 2200 2181 2265 Adam
2218 2219 2367 2265 cum
2401 2218 2517 2265 sua
2551 2200 2946 2284 posteritate,
2975 2218 3127 2265 cum
3161 2199 3402 2264 dictum
3428 2202 3525 2263 est

1976 2309 2036 2373 ei
2057 2310 2160 2372 ἰα
2185 2309 2403 2375 Pulvis
2433 2327 2525 2388 es,
2556 2312 2618 2374 et
2644 2310 2714 2373 in
2736 2307 3069 2392 pulverem
3091 2307 3453 2375 reverteris.
3482 2327 3514 2365 n

1977 2417 2063 2484 Et
2108 2420 2225 2499 qui
2262 2417 2453 2500 hujus
2489 2419 2589 2484 rei
2620 2416 2842 2484 habeat
2878 2415 3213 2498 fiduciam,
3250 2414 3472 2498 supple
3504 2437 3518 2478 :

1980 2523 2184 2589 Nemo
2211 2529 2342 2603 est;
2375 2523 2573 2606 'injus
2603 2526 2723 2604 rei,
2753 2523 2986 2589 scilicet
3015 2542 3269 2607 semper
3294 2523 3519 2588 viven-

1976 2631 2041 2696 di
2070 2637 2130 2695 ⁸:
2173 2655 2204 2694 α
2231 2633 2375 2698 Dies
2403 2634 2532 2698 mei
2562 2632 2844 2697 velocius
2873 2632 3296 2711 transierunt,
3326 2647 3524 2713 quam

1976 2758 2015 2804 a
2041 2744 2294 2806 texente
2320 2740 2447 2806 tela
2473 2739 2842 2817 succiditur,
2885 2743 2950 2803 et
2975 2738 3338 2821 consumpti
3378 2742 3527 2803 sunt

1976 2848 2219 2932 absque
2257 2849 2390 2913 ulla
2426 2866 2536 2931 spe
2551 2895 2573 2927 ,
2606 2847 2758 2930 quia
2793 2851 3025 2911 ventus
3063 2849 3159 2911 est
3188 2846 3322 2914 vita
3348 2863 3522 2924 mea,

1976 2961 2041 3023 et
2065 2975 2203 3021 non
2239 2958 2621 3022 revertetur.
2649 2977 2682 3015 ι)

2055 3064 2280 3131 Melior
2293 3068 2386 3130 est
2411 3065 2595 3130 canis
2613 3064 2828 3140 vivus,
2854 3066 2972 3127 etc.
2997 3061 3114 3126 Hic
3134 3062 3412 3127 secundo
3430 3079 3526 3126 os

1973 3175 2280 3255 tenditur,
2312 3174 2484 3258 quod
2520 3191 2633 3256 per
2671 3175 2942 3238 mortem
2983 3177 3078 3237 est
3115 3175 3315 3237 status
3349 3172 3521 3238 dete-

1977 3282 2236 3346 rioratio
2253 3303 2270 3361 ;
2290 3286 2354 3346 et
2372 3281 2496 3346 hoc
2513 3281 2810 3364 proponit
2823 3280 2945 3344 sub
2971 3279 3375 3363 metaphora:
3392 3280 3523 3348 Me-

1977 3389 2102 3456 lior
2144 3394 2234 3456 est
2268 3391 2454 3456 canis
2481 3390 2673 3456 vivus
2713 3387 2889 3456 leone
2925 3394 3198 3455 mortuo.
3231 3387 3403 3452 Licet
3426 3387 3527 3452 leo

1977 3497 2240 3561 excedat
2287 3513 2506 3560 canem
2530 3543 2548 3574 ‚
2590 3498 2810 3560 tamen
2854 3513 3028 3559 mors
3061 3494 3335 3560 reddidit
3368 3495 3527 3559 infe-

1975 3602 2243 3682 riorem;
2278 3604 2430 3687 quia
2470 3604 2646 3668 canis
2684 3602 2925 3686 aliquid
2952 3605 3188 3685 potest,
3226 3601 3327 3666 leo
3350 3620 3524 3667 mor-

1975 3714 2128 3776 tuus
2153 3711 2316 3777 nihil
2328 3714 2533 3794 potest
2563 3729 2581 3774 :
2603 3715 2666 3776 et
2690 3711 2831 3775 ideo
2846 3710 3074 3776 vivens
3101 3709 3418 3792 potentior
3441 3712 3525 3790 (a)

1977 3823 2071 3884 est
2094 3820 2268 3884 canis
2290 3819 2418 3904 (b).⁸
2443 3819 2609 3884 «Leo
2627 3818 3010 3884 fortissimus
3027 3817 3411 3898 bestiarum,
3443 3819 3525 3884 ad

1976 3927 2219 3993 nullius
2268 3928 2525 4012 pavebit
2571 3944 2931 3992 occursum.
2973 3948 3004 3986 n
3041 3925 3148 3990 Sic
3192 3925 3521 4011 metapho-

1974 4035 2105 4100 rice
2123 4038 2196 4117 (ο)
2215 4040 2808 4120 quantumcumque
2824 4034 3030 4100 bono:
3058 4037 3121 4099 et
3146 4035 3371 4119 probat
3397 4035 3524 4118 pri-

1976 4159 2108 4222 me,
2155 4143 2369 4225 quoad
2412 4147 2625 4208 actum
2666 4141 3047 4225 cognitionis
3095 4143 3198 4225 (v.
3230 4142 3301 4226 5)
3337 4164 3353 4206 τ
3407 4144 3524 4211 Vi-

1974 4255 2185 4317 ventes
2214 4251 2388 4316 enim
2415 4249 2632 4317 sciunt
2651 4263 2715 4315 se
2739 4265 2871 4316 esse
2895 4251 3260 4317 morituros.
3286 4249 3522 4316 Saltem

1974 4359 2053 4424 de
2096 4359 2219 4424 hoc
2261 4358 2416 4423 certi
2456 4361 2609 4424 sunt
2635 4358 2695 4423 ⁸:
2737 4382 2768 4419 a
2804 4356 3039 4424 Omnes
3078 4359 3417 4443 morimur,
3459 4365 3524 4425 et

1973 4466 2157 4550 quasi
2188 4483 2397 4548 aquae,
2439 4465 2786 4531 dilabimur
2813 4465 2883 4530 in
2911 4470 3147 4531 terram
3163 4515 3181 4547 ,
3213 4468 3367 4550 quia
3388 4485 3522 4533 non

1972 4572 2405 4634 revertuntur.
2451 4591 2482 4629 n
2528 4563 2627 4635 Vel
2653 4568 2993 4636 mov-ituros
3007 4618 3026 4649 ‚
3058 4568 3123 4634 id
3150 4572 3268 4650 est,
3299 4586 3517 4634 neces-

1972 4676 2143 4740 sitati
2183 4677 2410 4741 mortis
2456 4676 2697 4742 deditos
2731 4682 2754 4717 '¹
2786 4698 2802 4741 ε
2858 4699 2891 4738 α
2916 4676 3158 4760 Corpus
3188 4680 3519 4742 mortuum

1971 4788 2066 4849 est
2090 4789 2351 4868 propter
2376 4788 2729 4868 peccatum.
2754 4806 2785 4845 n
2813 4785 3055 4852 Mortui
3072 4800 3215 4852 vero
3237 4784 3321 4869 (d)
3353 4785 3522 4853 nime

1973 4898 2286 4962 noverunt
2333 4895 2612 4979 amplius
2633 4943 2650 4972 ‚
2701 4893 2853 4977 quia
2895 4893 3179 4976 cognitio
3221 4895 3523 4978 supponit

1970 5003 2173 5069 vitam
2207 5025 2223 5069 :
2256 5006 2319 5069 et
2343 5004 2435 5067 ita
2464 5001 2835 5086 praecellunt
2867 5003 2937 5066 in
2962 5008 3110 5067 actu
3136 5002 3522 5086 cognitionis

1970 5112 2264 5177 viventes
2315 5115 2648 5190 mortuos;
2698 5128 2832 5176 non
2875 5110 3046 5176 enim
3086 5110 3324 5177 habent
3339 5159 3361 5191 ‚
3404 5128 3523 5177 nec

1959 5309 1994 5339 ‘⁵
2033 5309 2208 5372 Pron„
2253 5319 2389 5374 xxx,
2422 5310 2501 5360 30.
2530 5334 2593 5346 —
2625 5310 2646 5339 ⁸
2683 5308 2726 5358 ll
2776 5307 2912 5374 Rev„
2951 5315 3063 5373 XIV,
3104 5311 3184 5362 Η.
3219 5331 3284 5348 —-
3310 5309 3334 5347 ⁴¹
3364 5310 3524 5374 Rom„

1971 5389 2090 5443 vm,
2129 5383 2208 5431 ¹⁰.
2234 5405 2296 5419 -
2325 5381 2393 5446 (a)
2423 5380 2536 5444 [ις.
2566 5379 2754 5445 potior.
2786 5408 2840 5416 —
2874 5380 2936 5444 (b)
2968 5381 3109 5432 Edit.
3147 5382 3262 5434 Ven.
3282 5395 3428 5434 cane.
3460 5407 3522 5422 -

1979 5452 2046 5518 (c)
2067 5453 2246 5520 suppl.
2275 5453 2357 5508 de.
2380 5479 2440 5491 —
2468 5452 2543 5517 (d)
2571 5452 2695 5503 cast.
2725 5451 3023 5504 οᾱὶίυεηᾱηι.
