4196 6294
516 4354 691 4398 Judicia

485 4418 584 4463 trin.

701 503 824 568 31⁶

702 634 874 720 plius
913 633 1195 713 viveret,
1237 632 1411 699 unde
1433 631 1557 698 hoc
1580 633 1599 669 ¹
1634 652 1651 697 ε
1685 652 1723 693 α
1749 630 2237 698 Consummatus

702 743 771 808 in
797 739 983 808 brevi
1006 739 1290 825 explevit
1312 743 1595 824 tempora
1621 738 1844 804 multa.
1874 761 1906 800 n
1941 737 2056 804 Est
2079 756 2233 805 con·

701 848 1043 916 summatio
1080 848 1248 931 legis
1266 896 1287 929 ‚
1337 848 1472 915 sive
1523 846 1874 932 prophetiae
1888 894 1911 926 ,
1961 847 2132 911 unde
2157 848 2182 883 ⁸
2214 868 2229 911 ε

707 982 743 1021 ε
762 957 1285 1023 Consummatum
1299 959 1428 1035 est;
1447 974 1478 1015 x·
1499 955 1652 1038 quia
1671 941 1777 1019 lex
1793 957 2237 1020 consummata

705 1069 802 1131 est
819 1110 837 1144 ,
866 1064 969 1130 vel
1001 1081 1149 1146 quae
1169 1063 1333 1128 dicta
1359 1066 1510 1127 sunt
1547 1062 1626 1126 de
1652 1061 1926 1142 Christo,
1973 1062 2238 1146 impleta

705 1176 877 1237 sunt.
929 1170 1041 1236 Est
1085 1170 1547 1236 consummatio
1598 1169 1858 1253 gloriae3
1906 1172 2078 1236 unde
2114 1171 2237 1238 hoc

711 1280 794 1364 (v.
847 1279 946 1360 96)
978 1300 996 1342 ε
1047 1300 1079 1338 α
1104 1277 1325 1343 Omnis
1350 1278 1938 1358 [consummationis
1973 1279 2108 1344 vidi
2147 1280 2235 1344 fl-

704 1404 876 1453 nem.
903 1409 936 1447 »
968 1386 1173 1452 Nota:
1209 1386 1308 1452 Fit
1346 1387 1873 1471 appropinquatio
1912 1389 1993 1454 ad
2032 1389 2235 1455 Deum

701 1495 849 1575 fide,
896 1494 1069 1559 unde
1093 1493 1217 1559 hoc
1251 1499 1276 1534 ⁸
1311 1515 1330 1558 ι
1366 1516 1396 1554 α
1419 1494 1710 1560 Accedite
1736 1495 1817 1558 ad
1842 1512 2031 1575 eum,
2065 1500 2130 1561 et
2157 1496 2234 1560 il-

701 1603 1142 1683 luminamini3
1168 1625 1199 1663 υ
1235 1621 1457 1686 opere,
1490 1603 1658 1669 unde
1700 1604 1825 1668 hoc
1848 1609 1873 1646 ⁸
1905 1625 1921 1668 :
1972 1626 2005 1666 α
2025 1607 2237 1672 Donec

703 1714 939 1778 intrem
972 1713 1042 1776 in
1070 1712 1506 1776 sanctuarinm
1555 1711 1698 1792 Dei;
1728 1734 1761 1773 ι»
1791 1712 2055 1778 scientia
2097 1713 2236 1779 sive

704 1819 1120 1901 cogitatione,
1150 1818 1322 1884 unde
1348 1818 1469 1884 hoc
1491 1819 1558 1884 ⁸:
1597 1843 1630 1881 α
1653 1818 1722 1886 Si
1748 1819 1894 1902 quis
1915 1820 2089 1901 sitit,
2120 1837 2233 1884 ve-

701 1927 840 1991 niat
859 1926 941 1990 ad
966 1943 1072 1989 me
1088 1972 1109 2005 ‚
1137 1930 1204 1990 et
1232 1925 1434 2004 bihat;
1464 1948 1496 1985 n
1529 1928 1668 2008 eJus
1691 1926 1992 1992 fruitione
2010 1975 2032 2006 ,
2062 1930 2237 1995 unde

705 2033 827 2099 hoc
851 2034 873 2069 ⁸
902 2054 920 2098 ε
958 2056 990 2094 α
1018 2031 1273 2113 Venite,
1321 2033 1632 2099 benedicti
1667 2033 1872 2100 Patris
1913 2021 2074 2113 mei,
2106 2057 2137 2096 a
2173 2041 2239 2102 et

704 2157 821 2224 per
861 2139 1250 2222 corporalem
1293 2141 1731 2222 poenitentiam
1748 2188 1765 2218 ‚
1820 2144 1893 2206 ut
1932 2142 2069 2222 illi,
2122 2144 2237 2225 qui

702 2247 1143 2313 desiderabant
1169 2247 1450 2326 primum
1478 2248 1853 2329 adventum,
1880 2249 2057 2314 unde
2079 2250 2232 2314 hoc:

702 2357 1186 2441 Appropmquot
1209 2354 1569 2439 deprecatio
1594 2371 1758 2423 mea.
1790 2355 1943 2423 Plus
1957 2359 2053 2421 est
2076 2377 2117 2422 a
2144 2359 2236 2423 vi-

700 2465 809 2529 tiis
833 2481 906 2528 se
939 2479 1289 2541 revocasse,
1317 2481 1512 2545 qnam
1539 2481 1736 2547 prope
1753 2512 1772 2544 ,
1803 2464 1869 2528 id
1893 2469 2010 2542 est,
2034 2465 2238 2530 ferme

702 2572 842 2655 ipsa
867 2571 1024 2635 vitia
1041 2588 1298 2635 necasse
1320 2571 1429 2652 (a).
1460 2568 1584 2635 Sed
1604 2571 1945 2636 auctoritas
1954 2572 2149 2637 habet
2168 2573 2236 2637 in

702 2677 1091 2743 contrarium
1113 2725 1132 2756 ‚
1156 2696 1305 2761 quae
1332 2678 1528 2743 dicit:
1561 2701 1594 2740 α
1618 2676 1881 2762 Semper
1902 2679 2232 2760 aberrans,

703 2785 759 2849 si
788 2788 1075 2868 repertus
1098 2785 1289 2849 fuerit
1321 2785 1414 2868 pii
1443 2786 1713 2869 pastoris
1750 2787 2076 2866 humeris,
2106 2805 2238 2852 non

702 2892 825 2956 erit
851 2891 919 2956 in
946 2880 1165 2957 eadem
1195 2892 1403 2974 gloria
1430 2911 1580 2957 cum
1608 2912 1720 2974 eo,
1754 2894 1865 2976 qui
1899 2912 2237 2976 nunquam

701 3000 1043 3064 aberravit.
1073 3020 1104 3059 n
1140 3000 1417 3064 Dicimus
1437 3047 1455 3080 ,
1487 3000 1657 3082 quod
1697 2999 1842 3083 plus
1868 3004 1963 3065 est
1990 3021 2030 3065 a
2065 3002 2241 3067 vitiis

705 3125 774 3171 se
794 3124 1153 3189 revocasse,
1182 3107 1248 3173 id
1277 3112 1402 3187 est,
1428 3108 1582 3192 quia
1605 3125 1688 3172 ex
1714 3125 1843 3192 quo
1868 3107 2061 3175 rivuli
2089 3114 2240 3176 sunt

706 3215 940 3298 aperti,
990 3215 1242 3281 difficile
1285 3220 1380 3280 est
1406 3216 1759 3296 abstinere;
1804 3218 1908 3282 vel
1933 3216 2076 3301 plus
2102 3222 2198 3285 est
2218 3267 2237 3298 ‚

707 3323 775 3389 id
799 3327 898 3388 est
915 3371 936 3404 ,
959 3323 1203 3388 occasio
1229 3324 1492 3405 majoris
1515 3324 1669 3389 boni
1686 3372 1707 3403 ,
1739 3330 1817 3389 ut
1839 3324 2062 3390 Petrus
2077 3375 2095 3406 ,
2126 3329 2241 3411 qui

528 3464 685 3509 mi-
707 3431 929 3497 fortior
954 3430 1252 3495 surrexit.
1294 3429 1455 3495 Nam
1481 3431 1855 3514 praedicator
1895 3432 2025 3499 duo
2053 3435 2244 3501 dehet

473 3528 684 3636 ῧξῗιξζ
707 3541 972 3620 habere,
1002 3539 1236 3603 scilicet
1260 3540 1586 3604 scientiam
1608 3589 1626 3620 ,
1657 3544 1721 3605 et
1749 3542 2057 3607 mundam
2086 3562 2244 3609 con-

473 3672 521 3704 to
539 3659 640 3704 dno·
709 3649 1065 3727 scientiam3
1096 3653 1161 3713 et
1186 3652 1339 3713 tunc
1372 3666 1594 3713 secure
1619 3652 1826 3731 potest
1862 3650 2240 3733 praedicare,

708 3775 791 3821 ne
813 3756 871 3821 ei
897 3754 1143 3820 dicatur
1159 3755 1182 3790 '¹
1215 3776 1232 3821 ε
1266 3778 1298 3817 α
1321 3754 1637 3821 Peccatori
1659 3754 1824 3819 dixit
1851 3755 2011 3821 Deus
2037 3779 2052 3821 ε
2081 3757 2245 3835 Qua-

710 3880 780 3927 re
801 3866 876 3927 tu
900 3879 1160 3926 enarras
1180 3863 1461 3944 justitias
1483 3864 1697 3927 meas?
1718 3885 1749 3923 n
1780 3860 2070 3927 Primum
2095 3863 2245 3931 Pro-

713 3969 904 4051 pheta
943 3969 1132 4052 petit,
1170 3969 1276 4034 hic
1301 3970 1533 4035 scilicet
1575 3993 1592 4035 τ
1634 3972 1730 4037 Da
1765 3970 1927 4037 mihi
1960 3972 2242 4041 intellec-

578 4154 590 4169 ·
716 4080 874 4141 tum.
895 4074 1257 4144 Secundum
1277 4077 1366 4141 ibi
1396 4079 1481 4160 (ν.
1513 4079 1692 4162 170);
1722 4079 1916 4161 Eripe
1940 4095 2060 4147 me.
2093 4080 2248 4146 Post

714 4183 1032 4267 praedicat,
1062 4185 1275 4250 dicens
1306 4187 1388 4257 (v.
1421 4187 1559 4268 171)
1595 4208 1611 4250 ε
1645 4188 2051 4256 Emtabunt
2070 4188 2248 4257 labia

716 4307 859 4359 mea
885 4291 1195 4376 hymnum
1225 4292 1324 4375 (b).
1348 4327 1430 4340 -
1457 4294 1597 4358 175.
1627 4294 1892 4363 Iudicia
1918 4301 2035 4364 tua
2062 4298 2249 4382 adju-

715 4399 956 4466 nabunt
981 4415 1077 4467 me
1107 4400 1205 4485 (c).
1233 4398 1477 4466 Judicia
1509 4402 1804 4482 ultionis,
1841 4404 2084 4486 judicia
2117 4425 2248 4472 cor·

707 4506 1043 4589 rectionis,
1069 4506 1313 4590 judicia
1338 4510 1886 4576 remunerationis.
1926 4511 2048 4577 Per
2068 4514 2249 4596 ,iudi-

716 4615 814 4680 cia
850 4615 1109 4680 ultionis
1142 4615 1177 4681 J
1180 4615 1338 4680 udas
1382 4617 1798 4698 reprobatur;
1845 4638 1959 4703 per
2005 4621 2248 4703 ‚iudicia

716 4722 1167 4803 correctionis,
1189 4721 1424 4789 Saulus
1458 4729 1768 4806 caecatur3
1797 4729 2249 4811 perjudicium

714 4829 1286 4909 remunerationis,
1326 4831 1526 4897 David
1551 4832 1820 4898 humilis
1856 4835 1928 4900 in
1965 4855 2249 4918 regnum

716 4937 1118 5004 sublimatur.
1152 4935 1440 5003 Primum
1461 4942 1773 5007 stantibus
1815 4942 2112 5008 timorem
2152 4962 2249 5010 ca-

717 5046 910 5111 dendi
956 5046 1111 5127 dat;
1165 5048 1515 5113 secundum
1548 5048 1742 5133 lapsis
1777 5051 2022 5134 praehet
2069 5071 2249 5136 spem

782 5170 797 5202 ¹
818 5170 962 5235 Sap„
989 5182 1063 5232 xv,
1090 5174 1170 5224 13.
1197 5197 1261 5210 -
1285 5172 1304 5202 ²
1323 5173 1486 5236 loun„
1509 5185 1620 5238 xxx,
1641 5177 1728 5226 ³0.
1755 5199 1820 5214 -
1839 5177 1864 5212 ⁸
1883 5175 2024 5227 Psal.
2054 5189 2248 5242 xum,

719 5246 769 5294 6.
792 5268 855 5281 —-
874 5243 894 5273 ⁴
923 5241 1062 5294 Ptol.
1090 5254 1256 5301 uxu.
1283 5246 1359 5295 17.
1383 5270 1446 5284 -
1473 5247 1670 5311 Uvam,
1693 5258 1787 5311 vn,
1816 5249 1895 5298 37.
1915 5273 1978 5287 -
2003 5247 2028 5285 θ
2045 5248 2250 5314 nauh„

721 5325 843 5374 xxv,
872 5315 950 5365 34.
975 5339 1039 5353 —
1068 5316 1082 5346 ²
1108 5314 1249 5366 Paeal.
1278 5326 1428 5388 xmx,
1457 5317 1505 5367 6.
1534 5341 1596 5363 --
1626 5317 1647 5349 ·
1671 5317 1835 5387 loon„
1862 5331 1914 5388 x,
1947 5323 2023 5386 11,
2056 5322 2135 5385 12,
2169 5323 2250 5387 10,

723 5388 800 5454 12,
826 5412 877 5425 -
904 5387 925 5418 ⁹
950 5385 1071 5451 Im„
1099 5399 1208 5457 ut,
1237 5392 1312 5440 1³0.

1738 493 2153 561 Exposrrlo
2198 492 2276 559 ΙΝ
2323 493 2847 562 PSALTERIUM.

2342 631 2720 712 resurgendi
2738 653 2761 710 3
2787 630 3046 697 tertium
3069 631 3358 715 perfectis
3388 631 3575 696 affert
3591 648 3886 698 amorem

2344 739 2805 823 perseverandi.
2828 739 3112 804 Primum
3136 741 3403 821 generat
3428 738 3748 817 timorem3
3784 757 3888 808 se-

2345 847 2624 912 cundum
2642 848 2842 913 nutrit
2864 866 3043 931 spem
3048 870 3065 925 ;
3096 847 3359 912 tertium
3376 845 3657 910 accendit
3672 845 3883 910 chari·

2343 958 2562 1019 tatem.
2587 959 2771 1019 Recte
2786 953 2864 1020 de
2886 955 2980 1018 his
2996 955 3226 1020 dicitur
3245 975 3261 1017 ε
3282 952 3546 1020 ,Iudicia
3562 957 3679 1019 lua
3694 952 3885 1033 adju-

2344 1059 2584 1129 vabunt
2613 1067 2973 1128 vna—176.
2995 1064 3434 1141 Erravi,sicu1
3449 1064 3589 1129 ovis
3624 1078 3763 1143 quoe
3787 1078 3888 1143 pe-

2344 1170 2485 1237 n'it.
2497 1168 2845 1252 Estpastor,
2857 1174 3090 1254 pastor3
3110 1175 3343 1254 pastor,
3365 1169 3558 1234 etiam
3572 1187 3889 1234 mercena-

2344 1278 2501 1356 rius;
2529 1282 2625 1343 est
2640 1283 2873 1361 pastor,
2897 1281 3024 1360 fur3
3041 1283 3378 1362 estpastor,
3396 1279 3610 1361 lupus.
3633 1278 3889 1343 Primus
3941 1287 4133 1389 mmm

2345 1395 2440 1451 est
2461 1387 2804 1452 imitandus
2829 1410 2846 1467 3
2875 1387 3193 1452 secundus
3219 1386 3625 1464 tolerandus;
3663 1385 3889 1450 tertius
3943 1409 4066 1466 plu.

2344 1494 2688 1574 cavendus3
2727 1498 2992 1578 quartus
3017 1494 3255 1560 baculo
3279 1494 3612 1559 arcendus.
3643 1492 3729 1557 De
3754 1493 3890 1575 pri-

2346 1620 2452 1667 mo
2475 1606 2498 1641 ⁸
2534 1624 2551 1666 ε
2590 1624 2622 1662 α
2648 1602 2860 1668 Bonus
2904 1607 3117 1685 pastor
3154 1603 3445 1667 animam
3484 1620 3671 1667 suam
3708 1600 3889 1682 ponit

2345 1727 2460 1792 pro
2484 1709 2716 1775 ovibus
2757 1709 2914 1774 suis.
2946 1731 2978 1771 n
3014 1710 3102 1776 De
3128 1710 3404 1775 secundo
3434 1731 3451 1773 ι
3497 1732 3529 1771 α
3558 1708 3881 1775 Mei-cena·

2343 1815 2482 1880 rius
2514 1816 2676 1882 vidit
2700 1816 2930 1899 lupum
2958 1816 3360 1894 venientem,
3398 1820 3462 1880 et
3499 1816 3690 1896 fugit.
3716 1837 3748 1876 n
3794 1813 3883 1880 De

2342 1924 2572 1988 tertio:
2610 1947 2642 1983 α
2666 1923 2795 1989 Fur
2835 1942 2970 1988 non
3013 1923 3222 2003 venit,
3266 1922 3388 1986 nisi
3434 1926 3509 1987 ut
3542 1923 3815 1988 furetur.
3842 1944 3874 1983 n

2343 2029 2434 2096 De
2486 2035 2721 2114 quarto
2784 2053 2801 2097 ε
2863 2053 2895 2092 c
2938 2029 3156 2113 Lupus
3200 2031 3368 2113 rapit
3385 2077 3407 2109 ‚
3458 2034 3522 2094 et
3570 2029 3881 2112 dispergit

2342 2158 2515 2206 oveS.
2538 2161 2573 2200 n
2603 2139 2763 2205 Nota
2793 2161 2809 2204 ε
2839 2140 2944 2204 hic
2973 2139 3222 2217 dicitur,
3260 2138 3430 2221 quod
3457 2138 3746 2204 Christus
3772 2138 3874 2202 la-

2341 2246 2544 2312 niavit
2562 2251 2767 2313 vestes
2786 2247 2855 2311 in
2878 2245 3182 2330 vepribus
3205 2244 3577 2310 Judaeorum
3606 2266 3621 2306 ι
3678 2244 3871 2309 scien-

2343 2354 2499 2422 dum
2515 2402 2537 2433 ,
2568 2355 2737 2438 quod
2765 2354 2957 2420 homo
3002 2354 3326 2419 descendit
3361 2353 3448 2417 ab
3480 2352 3881 2417 Hierusalem

2345 2464 2415 2527 in
2462 2463 2497 2529 J
2501 2462 2747 2541 ericho,
2791 2461 3167 2526 vulneratus
3205 2464 3298 2525 est
3346 2460 3416 2523 in
3465 2477 3731 2543 corpore
3748 2507 3767 2540 ‚
3814 2463 3878 2524 et

2345 2571 2646 2653 spoliatus
2672 2569 2958 2635 vestibus
2978 2617 2995 2646 ‚
3027 2568 3095 2632 id
3122 2573 3256 2648 est,
3290 2585 3501 2650 genus
3526 2568 3879 2632 humanum

2345 2678 2758 2744 vulneratum
2806 2676 2876 2740 in
2919 2674 3318 2741 naturalibus
3348 2722 3366 2753 ‚
3421 2678 3485 2740 et
3536 2674 3878 2757 spoliatum

2345 2786 2661 2868 gratuitis,
2692 2784 2875 2850 Prius
2902 2785 3077 2850 enim
3102 2788 3246 2848 erat
3270 2784 3570 2848 indutum
3594 2783 3882 2849 vestibus

2345 2900 2565 2958 contra
2590 2894 2799 2975 frigus
2817 2892 3123 2957 vitiorum
3138 2939 3153 2968 ,
3190 2891 3363 2956 unde
3387 2891 3583 2955 hoc·:
3614 2913 3646 2952 c
3668 2890 3882 2956 Induit

2348 3020 2452 3067 me
2477 3001 2868 3068 vestimentis
2890 2999 3111 3065 salutis
3138 2999 3218 3083 (d)
3232 3021 3282 3063 ,υ
3305 2997 3444 3064 Non
3473 3000 3546 3081 (e)
3572 3015 3729 3080 ergo
3754 3016 3877 3063 nu-

2347 3110 2469 3176 dus
2498 3127 2567 3176 se
2584 3126 2714 3175 non
2738 3109 2796 3191 (Γ
2806 3109 2825 3188 )
2855 3108 3104 3174 nudum
3129 3107 3451 3172 confessus
3468 3108 3592 3185 est,
3613 3105 3879 3170 Domino

2348 3220 2639 3286 veniente
2652 3267 2670 3296 ‚
2700 3218 2952 3302 quando
2978 3237 3045 3282 se
3071 3216 3324 3298 operuit
3347 3214 3517 3281 foliis
3550 3214 3675 3279 flci.
3697 3213 3875 3279 Reci-

2350 3344 2499 3410 pere
2546 3329 2763 3391 autem
2810 3342 2928 3390 sua
2982 3323 3365 3388 vestimenta
3425 3340 3559 3385 non
3614 3325 3826 3403 posset
3855 3369 3873 3400 ,

2348 3433 2475 3499 nisi
2494 3432 2776 3498 Christus
2793 3451 2911 3498 sua
2933 3432 3270 3497 amitteret.
3293 3428 3471 3495 Sicut
3491 3429 3666 3494 enim
3683 3429 3878 3494 homo

2349 3558 2481 3606 non
2510 3540 2714 3623 potuit
2752 3539 2962 3604 sanari
3001 3539 3071 3602 in
3097 3552 3355 3620 corpore
3372 3585 3391 3616 ,
3433 3537 3557 3600 nisi
3595 3536 3877 3618 primum

2352 3645 2635 3712 Christus
2656 3665 2884 3729 corpus
2909 3647 3287 3728 deponeret,
3320 3643 3413 3707 ita
3433 3647 3498 3708 et
3524 3661 3655 3708 non
3677 3643 3879 3725 potuit

2351 3754 2570 3822 vestiri
2596 3755 2663 3819 in
2690 3754 2904 3819 anima
2923 3804 2940 3835 ,
2971 3754 3093 3818 nisi
3121 3752 3405 3818 Christus
3428 3770 3579 3816 suas
3605 3751 3876 3835 depone-

2352 3867 2450 3927 ret
2508 3867 2749 3941 vestes,
2791 3866 2855 3928 et
2900 3861 3312 3927 crucifixione
3355 3878 3477 3925 sua
3519 3859 3877 3924 amisisset..

2353 3971 2514 4049 Quia
2552 3975 2828 4054 quatuor
2861 3969 3120 4035 fuerunt
3165 3969 3573 4033 crucifixores
3608 3966 3836 4031 Christi
3856 4015 3879 4046 ,

2352 4082 2629 4162 quatuor
2653 4079 2912 4143 fuerunt
2953 4081 3162 4159 partes
3199 4076 3277 4141 de
3303 4075 3586 4141 vestibus
3614 4073 3842 4140 Christi
3861 4121 3880 4155 ‚

2353 4190 2416 4251 et
2440 4186 2530 4250 ita
2557 4202 2764 4267 genus
2790 4186 3149 4250 humanum
3181 4201 3295 4265 per
3322 4187 3597 4266 quatuor
3638 4186 3877 4263 vestes,

2352 4316 2513 4382 quas
2538 4298 2876 4378 amiserat,
2925 4301 3199 4380 quatuor
3245 4296 3517 4361 virtutes
3548 4313 3879 4378 recupera·

2354 4408 2449 4472 vit
2479 4429 2495 4471 2
2528 4424 2691 4487 ergo
2731 4404 3037 4487 depositio
3063 4403 3345 4486 corporis
3372 4402 3604 4467 Christi
3641 4402 3886 4468 sanavit

2354 4533 2560 4598 genus
2583 4513 2942 4578 humanum
2964 4512 3033 4576 in
3058 4528 3319 4603 corpore
3339 4560 3357 4589 ‚
3387 4509 3692 4593 depositio
3737 4528 3883 4575 ves-

2354 4621 2515 4687 tium
2540 4621 2768 4685 Christi
2792 4618 3090 4696 reinduit,
3119 4622 3183 4683 et
3210 4616 3486 4682 restituit
3522 4617 3747 4699 generi
3773 4617 3887 4682 hu-

2355 4747 2548 4794 mano
2572 4732 2800 4807 vestes,
2831 4728 2898 4791 id
2923 4732 3039 4804 est,
3067 4726 3360 4792 virtutes.
3383 4724 3525 4789 Non
3550 4724 3776 4809 loquar
3804 4726 3879 4809 (a)

2356 4837 2435 4902 de
2456 4836 2701 4915 tunica,
2731 4852 2882 4919 quae
2908 4851 3037 4899 non
3062 4837 3159 4898 est
3196 4832 3437 4911 divisa,
3481 4832 3635 4914 quia
3662 4832 3885 4897 incon·-

2356 4943 2597 5023 sutilis3
2626 4942 2737 5009 sed
2761 4942 2840 5007 de
2863 4941 3003 5006 aliis
3029 4939 3334 5006 vestibus.

2420 5106 2490 5169 (α)
2519 5107 2627 5169 Leq.
2658 5103 2917 5155 nesciisse.
2940 5130 3004 5141 —
3031 5103 3100 5165 (b)
3122 5102 3245 5154 eet.
3269 5100 3395 5151 edit.
3415 5100 3724 5152 Exultabunt
3749 5102 3884 5153 labia

2357 5191 2474 5228 mea
2489 5174 2736 5241 justitiam
2754 5180 2912 5227 tuam.
2933 5200 2994 5214 --
3012 5176 3074 5239 (c)
3094 5173 3220 5233 Quoe
3239 5172 3322 5223 hic
3339 5172 3489 5223 datur
3508 5174 3758 5237 expositio
3778 5186 3889 5238 par·

2357 5251 2421 5302 tis
2444 5261 2498 5300 v.
2525 5250 2633 5311 175,
2659 5247 2965 5313 transposita
2993 5250 3071 5298 est
3101 5246 3156 5298 in
3175 5248 3287 5296 caet.
3317 5244 3439 5297 edit.
3467 5258 3641 5308 supra,
3670 5245 3802 5296 inter
3827 5257 3888 5298 v.

2358 5325 2417 5373 22
2449 5325 2501 5372 et
2534 5323 2592 5371 23
2630 5319 2858 5385 ejusdem
2896 5318 3094 5383 psalmi.
3138 5341 3201 5355 -—
3232 5316 3301 5380 (d)
3347 5316 3472 5367 Coet.
3507 5316 3630 5366 edit.
3667 5316 3790 5368 suls.
3824 5343 3887 5357 —

2364 5394 2423 5463 (e)
2441 5394 2555 5459 Leq.
2575 5391 2752 5449 Adam.
2780 5419 2843 5430 —
2862 5393 2935 5457 (f)
2961 5390 3079 5442 Dete
3099 5403 3223 5445 non.
3247 5414 3310 5426 --
3332 5387 3409 5454 (9)
3427 5389 3539 5455 [ις.
3560 5389 3762 5459 loquor.
