4196 6294
829 635 972 684 esse
1019 617 1250 684 solum.
1311 614 1625 684 Praeterea
1675 618 2035 688 Ber-nardus
2086 623 2237 688 dicit
2279 627 2300 665 ¹
2343 638 2360 686 ε

839 750 873 790 u
890 728 1146 807 Quoties
1167 727 1260 792 l'ui
1288 727 1454 793 inter
1471 728 1794 810 homines,
1817 730 2034 797 minus
2053 731 2251 795 homo
2269 746 2367 794 re-

833 837 921 903 dii
949 858 967 902 ι
999 857 1030 897 1>
1064 855 1197 902 non
1223 841 1320 902 est
1347 854 1505 919 ergo
1535 836 1780 901 bonum
1807 856 1944 903 esse
1970 839 2137 902 inter
2162 836 2369 901 homi-

833 961 969 1010 nes.
1004 941 1191 1023 Item,
1235 943 1345 1026 qui
1380 947 1474 1007 est
1512 944 1580 1006 in
1607 944 1898 1009 societate
1918 993 1937 1022 ,
1976 962 2232 1009 necesse
2275 946 2371 1007 est

833 1052 1004 1136 quod
1059 1051 1142 1116 sit
1198 1050 1505 1116 sollicitus
1543 1052 1864 1133 quomodo
1903 1070 1972 1117 se
2020 1052 2371 1116 conformet

836 1160 1153 1226 societati:
1185 1161 1294 1226 sed
1321 1160 1662 1243 Apostolus
1688 1160 1839 1226 dicit
1855 1169 1901 1241 ¹,
1931 1161 2102 1245 quod
2125 1160 2369 1224 bonum

835 1272 932 1333 est
957 1286 1087 1334 non
1115 1269 1357 1333 nubere
1379 1316 1397 1345 ,
1426 1273 1683 1352 propter
1707 1270 2035 1335 vitandam
2065 1268 2372 1332 sollicitu-

836 1375 1048 1441 dinem
1097 1376 1180 1441 de
1228 1376 1530 1460 placendo
1578 1376 1771 1440 uxori
1811 1398 1826 1440 z
1876 1393 2038 1458 ergo
2082 1373 2373 1438 similiter

836 1480 1079 1546 bonum
1105 1486 1201 1547 est
1228 1500 1489 1547 omnem
1515 1482 1878 1546 societatem
1922 1483 2169 1564 fugere.
2209 1480 2372 1546 Con-

835 1594 937 1654 tra
959 1594 982 1630 ⁸
1013 1612 1028 1653 2
1071 1587 1265 1654 «Non
1310 1593 1407 1653 est
1441 1589 1685 1653 bonum
1719 1589 2049 1654 hominem
2090 1607 2228 1654 esse
2266 1605 2370 1652 so-

809 1696 973 1761 ‘lum
1007 1719 1022 1761 :
1054 1718 1085 1757 n
1138 1715 1300 1778 ergo
1340 1695 1615 1762 solitudo
1659 1700 1756 1761 est
1788 1696 2228 1780 vituperabilis
2249 1744 2268 1776 ,
2311 1699 2375 1761 et

597 2371 704 2415 Tria
729 2371 810 2444 b.⁰‘

599 2442 658 2477 na
677 2446 813 2479 ιοοιο-

836 1823 952 1887 per
994 1806 1358 1889 oppositum
1409 1805 1672 1869 societas
1709 1803 2058 1870 laudabilis.
2107 1803 2265 1868 Item
2300 1804 2324 1839 ⁸
2353 1824 2368 1868 ε

848 1933 879 1971 α
896 1909 1014 1976 Ubi
1033 1915 1188 1976 sunt
1205 1912 1332 1976 duo
1351 1912 1455 1977 vel
1480 1916 1612 1976 tres
1626 1912 2003 1994 congregati
2031 1911 2101 1975 in
2115 1911 2375 1976 nomine

837 2035 1026 2097 me0,
1074 2019 1146 2082 in
1188 2018 1397 2083 medio
1436 2034 1845 2083 eorumsum
1877 2041 1894 2097 ;
1926 2040 1969 2078 n.
2000 2036 2131 2084 non
2171 2018 2369 2082 dicit:

837 2124 951 2191 ubi
977 2141 1147 2191 unus
1166 2174 1188 2204 ,
1217 2125 1329 2191 sed
1357 2147 1372 2190 :
1408 2126 1520 2194 ubi
1546 2126 1674 2192 duo
1691 2175 1708 2206 ,
1734 2126 1985 2193 veltres
2011 2144 2034 2191 .·
2062 2144 2220 2208 ergo
2248 2143 2376 2190 me-

838 2231 960 2297 lior
984 2237 1080 2297 est
1108 2233 1336 2298 vitain
1372 2234 1908 2317 congregatione,
1937 2252 2134 2317 quam
2161 2232 2373 2299 solita-

837 2344 954 2408 ria.
989 2344 1149 2409 Item
1174 2344 1299 2410 hoc
1322 2344 1627 2429 probatur
1664 2364 1779 2428 per
1817 2347 2093 2411 litteram
2132 2346 2320 2409 istam
2354 2368 2369 2411 ε

838 2452 993 2534 quia
1017 2453 1279 2518 societas
1303 2453 1513 2533 fulcit,
1544 2453 1748 2533 fovet,
1787 2456 1852 2517 et
1877 2451 2152 2519 defendit
2177 2473 2194 2515 t
2226 2468 2376 2534 quae

837 2561 991 2623 sunt
1028 2559 1152 2624 tria
1190 2560 1362 2625 bona
1382 2609 1400 2640 ,
1434 2559 1670 2644 quibus
1706 2559 1970 2625 solitarii
2012 2559 2371 2643 privantur.

841 2664 1206 2748 Respondeo
1245 2666 1581 2733 dicendum
1595 2716 1617 2747 ,
1647 2667 1820 2751 quod
1846 2667 2076 2749 triplex
2103 2670 2196 2730 est
2222 2665 2372 2730 soli-

839 2772 1074 2838 tarium
1098 2792 1340 2839 :unum
1364 2793 1480 2859 per
1499 2774 1781 2858 inopiam
1802 2773 2182 2853 dilectionis,
2212 2774 2378 2839 sicut

840 2894 1073 2944 avarus
1093 2896 1224 2947 non
1241 2881 1381 2947 vult
1397 2881 1635 2947 habere
1652 2882 2008 2946 consortem
2026 2882 2096 2944 in
2110 2880 2370 2961 divitiis,

839 3002 957 3049 nec
982 2985 1240 3052 invidus
1266 2987 1336 3051 in
1361 2989 1544 3053 bonis
1559 3036 1579 3068 ,
1622 3006 1740 3053 nec
1776 2990 2086 3072 superbus
2125 2989 2197 3052 in
2237 3006 2377 3053 ma-

843 3091 1022 3176 gnis,
1054 3097 1117 3159 et
1142 3094 1415 3163 solitudo
1448 3097 1587 3164 haec
1613 3096 1783 3162 mala
1807 3097 2068 3163 omnino
2095 3100 2219 3173 est;
2251 3097 2377 3163 alia

840 3203 1114 3269 solitudo
1142 3223 1254 3288 per
1278 3206 1592 3272 defectum
1624 3206 2068 3272 consolationis
2083 3255 2103 3287 ,
2131 3208 2197 3271 et
2234 3206 2378 3270 haec

839 3312 1077 3377 misera
1093 3317 1220 3392 est;
1247 3317 1313 3378 et
1329 3313 1454 3378 alia
1482 3314 1754 3380 solitudo
1783 3332 1896 3397 per
1922 3316 2204 3398 quietem
2232 3332 2378 3379 con-

842 3419 1304 3503 templationis,
1338 3425 1403 3487 et
1432 3422 1573 3488 haec
1615 3423 1946 3489 laudabilis
1978 3426 2041 3487 et
2081 3422 2372 3487 honesta.

843 3525 1146 3592 Similiter
1174 3531 1402 3613 triplici
1428 3531 1618 3596 modo
1637 3536 1732 3596 est
1749 3533 2044 3597 societas:
2080 3532 2379 3615 quaedam

842 3632 1079 3699 scilicet
1102 3638 1366 3701 turbans
1387 3643 1450 3703 et
1490 3638 1845 3721 impediens
1862 3689 1878 3719 ,
1910 3639 2076 3703 sicut
2115 3639 2378 3704 societas

845 3741 1191 3823 malorum;
1224 3745 1523 3828 quaedam
1565 3747 1848 3812 subsidio
1875 3752 1938 3811 et
1962 3747 2185 3812 solatio
2210 3747 2378 3812 indi-

844 3867 1026 3930 gens,
1066 3851 1229 3916 sicut
1250 3853 1512 3918 societas
1539 3871 1819 3919 uxorum
1845 3858 1909 3918 et
1935 3854 2373 3935 infirmorum3

845 3973 908 4021 et
941 3958 1240 4040 quaedam
1282 3960 1596 4044 adjuvans
1635 3965 1700 4026 et
1743 3977 2157 4044 promovens,
2211 3962 2380 4026 sicut

844 4065 1107 4129 societas
1142 4068 1586 4149 perfectorum.
1640 4067 1857 4133 Prima
1894 4073 1989 4132 est
2027 4067 2374 4150 fugienda3

843 4172 1118 4236 secunda
1140 4173 1502 4253 toleranda;
1545 4174 1655 4261 sed
1681 4174 1869 4238 tertia
1893 4153 2248 4256 appetenda
2263 4224 2284 4255 ,
2318 4180 2382 4240 et

844 4279 985 4344 haec
1009 4281 1199 4346 estin
1231 4282 1565 4365 religione.
1615 4281 1880 4359 Quando
1916 4283 2124 4364 igitur
2165 4283 2377 4368 Scrip-

845 4391 993 4453 tura
1017 4389 1416 4454 commendat
1448 4389 1812 4455 societatem
1835 4438 1853 4467 ,
1887 4391 2273 4474 intelligitur
2302 4393 2382 4458 de

845 4494 987 4576 hac,
1018 4499 1082 4562 et
1106 4497 1228 4562 hoc
1253 4515 1384 4562 non
1411 4501 1733 4580 repugnat
1757 4496 2083 4563 solitudini
2109 4504 2384 4565 contem-

845 4599 1176 4687 plationis;
1209 4604 1360 4688 quia
1384 4604 1536 4669 dicit
1562 4602 1919 4668 Bernartius
1940 4604 1962 4640 ⁸
2008 4606 2179 4687 quod
2218 4606 2385 4672 inter

848 4711 1082 4776 multos
1120 4712 1293 4776 solus
1328 4716 1535 4794 potest
1576 4730 1716 4776 esse
1747 4712 1942 4777 bomo
1985 4714 2249 4779 omnino
2271 4765 2288 4796 ,
2329 4716 2384 4780 si

846 4820 1275 4885 curiositatem
1302 4820 1509 4902 fugiat
1537 4842 1552 4885 ε
1583 4825 1648 4884 et
1674 4820 1764 4883 sic
1792 4823 2008 4902 patent
2034 4821 2301 4904 objecta.

928 4928 1027 4991 13.
1056 4928 1284 4995 Melior
1310 4934 1427 5009 est,
1454 4931 1571 4993 etc.
1604 4926 1758 5008 Egit
1783 4945 1979 5010 supra
2002 4927 2080 4993 de
2108 4930 2385 4994 vanitate

846 5034 1293 5118 imprudentiae
1332 5052 1349 5098 ε
1389 5039 1454 5099 et
1487 5035 1641 5118 quia
1666 5034 1915 5098 vanitas
1939 5034 2385 5118 imprudentiae

848 5147 943 5206 est
969 5142 1299 5225 culpabilis
1314 5190 1332 5220 ,
1358 5146 1423 5207 et
1450 5142 1852 5221 detestanda3
1883 5143 2025 5207 ideo
2043 5146 2273 5208 contra
2297 5144 2387 5227 ip-

847 5267 986 5313 sam
998 5249 1325 5315 invehitur
1342 5249 1674 5333 dupliciter
1694 5271 1710 5314 :
1728 5249 1961 5334 primo,
1982 5253 2241 5333 propter
2258 5269 2388 5316 ma-

914 5407 932 5442 ¹
961 5408 1138 5474 Deru„
1165 5411 1218 5460 in
1251 5410 1423 5470 Cant„
1446 5423 1599 5461 serm.
1630 5423 1716 5461 ιι..
1745 5436 1809 5448 -
1829 5412 1853 5446 ¹
1883 5409 1896 5460 Ι
1936 5409 2074 5474 eor„
2102 5419 2201 5475 vn,
2231 5413 2388 5462 32.—

851 5475 875 5513 .
900 5477 1044 5542 Gen„
1072 5492 1131 5547 n,
1160 5483 1236 5538 18.
1258 5507 1319 5525 ¹¹·-
1337 5483 1355 5512 ⁴
1381 5481 1590 5547 mma,
1609 5482 1772 5547 ivm,
1795 5484 1877 5535 2⁰.
1899 5497 1959 5521 a.
1979 5482 2205 5546 ''Ora-t
2228 5491 2384 5540 m·

1833 484 2250 555 EXPOSITIO
2293 485 2376 553 IN
2416 476 3022 554 ECCLESIASTEN.

2470 619 2611 684 lum
2637 628 2951 702 proesens3
2980 624 3280 704 secundo,
3312 626 3568 708 propter
3592 624 3817 689 malum
3841 644 3960 692 suc·

2473 726 2720 807 cedens.
2734 728 2868 793 sive
2882 748 3273 814 consequens
3288 779 3305 808 ,
3320 730 3405 794 ibi
3425 731 3510 814 (v.
3527 731 3620 813 15)
3631 749 3647 793 ε
3659 730 3804 798 Vidi
3814 748 3964 798 cune-

2475 840 2573 901 tos
2599 836 2901 917 viventes,
2926 842 3045 902 etc.
3068 837 3305 903 Malum
3326 856 3609 921 praesens
3623 841 3685 903 et
3702 840 3961 903 comitans

2475 941 2901 1024 imprudentia
2932 948 3065 1024 est,
3098 945 3268 1028 quod
3292 963 3518 1027 regem
3544 944 3793 1010 divitem
3817 950 3871 1011 et
3892 965 3963 1011 se-

2474 1067 2625 1114 nem
2648 1050 2787 1133 subj
2795 1051 2903 1116 icit
2925 1070 3121 1135 puero
3148 1053 3410 1136 pauperi
3437 1052 3694 1117 habenti
3724 1052 3960 1135 pruden-

2476 1156 2634 1220 tiam
2658 1207 2679 1236 ,
2721 1161 2785 1222 et
2840 1159 2963 1223 hoc
3014 1159 3273 1242 quidem
3316 1177 3558 1239 magna
3598 1158 3828 1223 vanitas
3860 1181 3874 1223 τ
3915 1162 3966 1224 et

2479 1269 2815 1347 propterea
2842 1264 2994 1330 dicit
3024 1288 3039 1329 :
3070 1264 3293 1332 Melior
3320 1270 3416 1333 est
3434 1283 3688 1350 pauper
3708 1268 3961 1349 sapim,

2479 1387 2623 1455 reae
2648 1387 2786 1438 sene
2810 1378 2873 1440 et
2899 1372 3123 1451 stult03
3151 1374 3450 1456 quamvis
3477 1374 3593 1438 iste
3620 1374 3857 1439 excedat
3881 1392 3964 1456 po-

2479 1478 2712 1558 tentia,
2753 1481 3016 1544 excedat
3060 1480 3370 1563 pecunia,
3407 1481 3668 1547 excedat
3702 1481 3871 1546 etiam
3891 1497 3962 1544 ω-

2478 1588 2627 1651 tate.
2659 1594 2681 1628 ⁰
2731 1610 2762 1648 α
2787 1587 3130 1654 Pretiosior
3164 1594 3259 1654 aet
3302 1590 3645 1673 sapientia,
3695 1606 3964 1672 parvaque

2479 1694 2688 1777 gloria
2711 1697 2791 1761 ad
2820 1701 3074 1780 tempus
3092 1747 3109 1775 ‚
3140 1697 3429 1762 stultitia.
3467 1720 3498 1760 ι»
3528 1697 3608 1764 Et
3628 1699 3651 1735 '¹
3683 1698 3700 1761 Ξ
3736 1721 3764 1759 α
3786 1696 3965 1762 Melior

2480 1805 2573 1865 est
2600 1821 2843 1887 pauper
2865 1809 2928 1869 et
2946 1805 3264 1870 sufficiens
3291 1806 3444 1886 sibi,
3476 1825 3670 1891 quam
3699 1806 3967 1888 gloriosus

2479 1912 2545 1975 et
2567 1911 2864 1994 indigens
2891 1931 3074 1995 pane.
3102 1936 3133 1973 υ
3172 1913 3247 1978 Et
3272 1914 3574 1997 explanat
3614 1913 3773 1997 quod
3797 1912 3964 1978 dixit:

2483 2012 2684 2081 stulto
2703 2063 2725 2093 ,
2757 2016 2910 2097 quia
2935 2016 3244 2081 defectum
3272 2015 3467 2081 habet
3496 2016 3883 2101 providentiae
3903 2014 3964 2078 de

2480 2121 2734 2202 futuro,
2766 2142 2904 2205 quae
2940 2128 3034 2189 est
3066 2143 3200 2188 una
3225 2143 3371 2207 pars
3411 2124 3787 2207 prudentiam
3832 2120 3967 2186 unde

2479 2229 2629 2295 dicit
2656 2251 2673 2292 ε
2703 2230 2825 2304 Qui
2844 2232 3041 2297 nescit
3059 2228 3397 2313 providere
3426 2234 3505 2297 in
3525 2239 3854 2314 posterum,
3878 2228 3968 2292 sei·

2481 2337 2628 2401 licet
2658 2355 2875 2403 rerum
2914 2344 3238 2404 eventum.
3269 2339 3292 2374 ⁸
3326 2362 3357 2400 «ι
3386 2339 3644 2405 Utinam
3685 2340 3961 2423 saperent,

2482 2449 2546 2509 et
2561 2444 3016 2528 intelligerent,
3042 2465 3116 2511 ac
3150 2448 3510 2512 novissima
3536 2447 3923 2531 providerent.
3937 2464 3961 2501 ι

2562 2555 2662 2616 u.
2698 2552 2876 2626 Quod
2900 2552 2978 2620 de
3005 2569 3251 2621 earcere
3291 2556 3660 2637 catenisque
3692 2550 3967 2620 interdum

2483 2661 2631 2742 quie
2672 2660 3039 2743 eqrediatur
3081 2660 3170 2727 ad
3213 2677 3508 2744 reanum.
3559 2661 3582 2698 ⁸
3634 2684 3665 2721 a
3684 2658 3967 2726 venditum

2484 2767 2730 2848 justum
2774 2767 2846 2830 in
2894 2768 3226 2833 vinculum
3260 2786 3391 2833 non
3436 2768 3803 2851 dereliquit:
3829 2763 3919 2829 sed
3940 2781 3969 2825 a

2484 2874 2920 2956 peccatoribus
2973 2874 3306 2954 liberavit,
3367 2875 3574 2941 donec
3618 2875 3852 2940 afferret
3899 2868 3968 2934 illi

2484 2984 2808 3063 sceptrum
2828 2981 3043 3063 regni.
3058 3005 3089 3042 n
3116 2983 3201 3050 Et
3224 2982 3397 3049 alius
3415 2988 3617 3052 natus
3637 2986 3709 3049 in
3734 2993 3964 3064 requam,

2486 3089 2712 3171 inopia
2736 3094 3166 3156 consumatur.
3191 3088 3270 3155 Et
3288 3089 3409 3155 hoc
3434 3096 3695 3175 propter
3710 3106 3873 3155 suam
3895 3103 3971 3150 su·

2485 3198 2773 3280 perbiam
2798 3198 2843 3235 ¹⁰
2873 3215 2934 3262 :e
2965 3197 3157 3263 Sedes
3183 3197 3421 3263 ducum
3458 3199 3861 3283 superborum
3881 3192 3970 3258 de·

2486 3287 2724 3369 struxit
2766 3303 3099 3369 DominuS.
3124 3326 3156 3365 υ

2567 3418 2667 3478 15.
2680 3410 2842 3479 Vidi
2862 3417 3122 3479 cunctos
3140 3412 3455 3492 viventes,
3470 3416 3592 3477 etc.
3607 3411 3717 3476 Hic
3735 3409 3973 3491 tang-itur

2488 3519 2765 3585 secundo
2835 3518 3081 3583 malum
3155 3518 3275 3582 sibi
3342 3520 3689 3584 succedens
3766 3518 3974 3600 propter

2487 3646 2671 3694 suam
2728 3627 3221 3711 imprudentiam
3239 3674 3261 3706 ,
3326 3627 3482 3708 quia
3540 3628 3676 3711 ipse
3719 3618 3972 3708 deprimi·

2486 3743 2618 3817 tur,
2673 3741 2737 3801 et
2788 3737 2953 3800 alius
2995 3734 3357 3812 extollitur3
3389 3737 3563 3801 unde
3621 3736 3806 3801 dicit:
3852 3727 3978 3796 vidi

2488 3851 2748 3912 cunctos
2796 3845 3076 3911 viventes
3094 3891 3112 3919 ‚
3160 3845 3280 3925 qui
3317 3843 3656 3910 ambulant
3702 3841 3809 3908 sub
3846 3834 3973 3911 sole,

2487 3954 2555 4019 id
2601 3957 2742 4032 est,
2793 3951 3030 4016 multos
3083 3953 3146 4016 et
3191 3950 3693 4015 innumerabiles
3747 3949 3974 4030 (hyper-

2490 4061 2701 4143 bole),
2760 4076 2904 4126 cum
2969 4057 3357 4126 adolescente
3419 4057 3699 4125 secundo
3718 4106 3741 4137 ,
3784 4055 3839 4119 id
3869 4056 3974 4126 est,

2491 4171 2606 4253 qui
2633 4186 2784 4233 eum
2811 4167 3101 4249 sequitur
3125 4166 3192 4228 in
3219 4183 3450 4247 regno,
3482 4165 3655 4229 unde
3683 4163 3853 4228 dicit:
3884 4155 3979 4233 oui

2491 4280 2818 4360 eonsurqet
2851 4290 2967 4357 pro
2993 4289 3085 4340 eo.
3117 4271 3194 4337 Et
3221 4273 3311 4335 ita
3336 4271 3444 4336 alii
3485 4275 3834 4356 sequuntur
3856 4265 3976 4331 ado·

2491 4385 2829 4451 lescentem
2863 4427 2884 4460 ‚
2966 4379 3429 4444 contemnendo
3491 4397 3729 4444 senem.
3790 4375 3976 4442 Exem-

2490 4492 2673 4577 plum
2715 4489 2794 4554 de
2836 4487 3036 4553 David
3055 4534 3076 4565 ,
3108 4486 3221 4569 qui
3264 4488 3600 4567 consurgit
3642 4486 3708 4550 in
3746 4494 3976 4564 regnum

2494 4597 2682 4676 Saul;
2714 4612 2906 4679 quem
2948 4593 3266 4658 consecuti
3293 4595 3444 4658 sunt
3473 4592 3588 4657 filii
3610 4641 3629 4671 ,
3658 4592 3861 4657 relicta
3889 4587 3974 4651 do·

2495 4725 2603 4773 mo
2630 4703 2812 4783 Saul,
2856 4717 3207 4781 omnesque
3234 4706 3550 4764 venerunt
3576 4701 3658 4765 ad
3688 4697 3867 4764 David
3892 4716 3904 4757 :
3929 4695 3977 4755 et

2492 4816 2657 4881 ratio
2678 4860 2695 4891 ,
2739 4812 2996 4892 propter
3037 4817 3236 4888 quam
3271 4810 3630 4889 sequuntur
3667 4803 3980 4870 adolescen-

2495 4928 2627 4988 tem
2645 4968 2664 5000 ,
2694 4917 2912 4983 relicto
2950 4931 3099 4978 sene
3119 4959 3137 4989 ,
3187 4917 3285 4976 est
3326 4913 3483 4995 quia
3525 4911 3687 4976 nulli
3723 4903 3979 4974 benefecit

2495 5046 2691 5095 senex
2714 5024 2944 5089 stultus
2973 5041 2989 5083 ε
3021 5023 3085 5084 et
3108 5020 3233 5083 hoc
3261 5018 3476 5082 innuit
3508 5019 3714 5082 littera
3752 5025 3980 5097 sequens

2499 5138 2585 5220 (v.
2601 5139 2701 5211 16)
2724 5155 2740 5198 ε
2760 5130 3070 5211 infinitus
3090 5142 3395 5193 numerus
3408 5133 3502 5192 est
3513 5125 3731 5209 populi
3742 5118 3981 5190 omnium

2496 5245 2612 5329 qui
2641 5243 2904 5323 ruerunt
2925 5239 3071 5304 ante
3094 5250 3239 5301 eum
3251 5282 3274 5314 ,
3303 5234 3368 5297 id
3395 5236 3657 5298 estante
3682 5230 3981 5296 adventum

2496 5420 2650 5472 supra
2689 5404 2775 5456 cit.
2817 5423 2881 5441 -
2927 5404 2948 5432 ⁸
2992 5400 3145 5464 infra,
3183 5413 3237 5461 x,
3276 5404 3324 5451 1.
3361 5424 3424 5437 —·
3460 5401 3477 5432 ⁷
3516 5400 3689 5461 Pron„
3729 5405 3829 5458 ιιι,
3863 5394 3903 5442 9.
3934 5410 3982 5424 -

2496 5481 2520 5528 β
2547 5480 2716 5543 Denta,
2742 5485 2907 5540 xxxin,
2932 5475 3089 5527 29.-=·
3115 5472 3136 5506 ⁹
3156 5471 3304 5542 Sap..
3326 5471 3493 5542 1323.
3512 5485 3574 5526 ·=·.·
3594 5471 3635 5514 ¹9
3659 5466 3833 5538 Booti..
3852 5458 3981 5534 1,st
