4196 6294
3465 520 3578 589 m

661 715 675 727 ·
718 714 731 731 -
809 693 845 766 ἓ
882 695 976 752 IV.
1006 723 1078 737 —
1114 648 1386 751 linosmo
1420 709 1616 752 aima
1652 707 1828 751 remon
1865 710 1917 750 m
1954 694 2199 752 psum
2236 692 2432 752 CXVIII
2471 692 2806 769 (Prodrom.‚
2848 694 2949 751 col.
2988 696 3159 770 712).

446 818 605 885 Heie
639 818 1120 886 discutiendum
1138 868 1162 895 ‚
1204 838 1290 885 an
1313 819 1477 885 sicut
1521 818 1594 885 D.
1643 818 2094 889 Bonaventura
2134 819 2410 886 creditur
2450 822 2670 886 auctor
2716 822 3014 888 Summae
3059 826 3471 909 expositionis
3509 831 3579 895 in

378 934 773 1001 psalterium
793 982 818 1015 ‚
852 936 1138 1021 adeoque
1162 940 1226 1002 et
1249 935 1564 1003 brevioris
1591 936 2005 1021 expositionis
2033 939 2104 1004 iu
2138 936 2467 1004 Psalmum
2497 957 2722 1020 cxvm,
2767 938 2857 1004 ita
2883 938 3217 1008 habendus
3244 913 3329 1008 sit
3354 948 3580 1013 auctor

386 1054 648 1120 alterius
673 1072 939 1139 quoque
980 1054 1236 1121 fusioris
1276 1053 1704 1138 Expositionis
1730 1054 1800 1119 in
1826 1056 2129 1121 eumdem
2158 1056 2484 1122 Psalmum
2534 1076 2728 1123 exvm
2749 1106 2767 1138 ,
2818 1056 3179 1142 incipientis
3208 1080 3228 1127 ε
3262 1060 3576 1145 Alleluia,

385 1174 528 1242 laus
554 1183 617 1241 et
658 1176 899 1260 qloria.
928 1176 1278 1242 Auctorem
1302 1192 1441 1240 esse
1476 1173 1675 1256 hujus
1703 1174 1898 1239 etiam
1924 1174 2353 1259 Expositionis
2379 1178 2638 1241 censent
2667 1173 2955 1241 Editores
2993 1174 3264 1242 Romani
3277 1225 3299 1258 ‚
3345 1179 3582 1263 quibus

383 1293 839 1377 suffragantur
864 1292 1189 1378 exemplar
1216 1292 1289 1357 in
1315 1291 1604 1358 coenobio
1628 1290 1926 1359 Fratrum
1951 1292 2273 1361 Minorum
2320 1294 2528 1361 Castri
2573 1292 2891 1378 Radulphi
2931 1292 3446 1383 (Chatellerault)
3476 1317 3580 1365 re-

382 1416 644 1496 pertum
663 1461 686 1493 ,
719 1412 915 1478 editio
953 1413 1035 1477 ad
1072 1410 1364 1496 ejusdem
1395 1409 1778 1495 exemplaris
1805 1429 2103 1477 normam
2140 1413 2305 1479 facta
2345 1411 2602 1477 Parisiis
2633 1429 2742 1477 an.
2778 1413 2937 1477 1524
2962 1412 3031 1477 in
3056 1413 3305 1479 aedibus
3342 1415 3585 1481 Claudii

390 1528 741 1599 chevallon
757 1580 775 1612 ,
807 1534 997 1614 atque
1024 1528 1244 1595 Sixtus
1271 1528 1591 1595 Senensis.
1621 1527 1841 1613 Neque
1865 1529 2060 1595 officit
2074 1578 2095 1609 ,
2139 1530 2314 1614 quod
2343 1549 2479 1597 una
2504 1531 2587 1596 sit
2614 1530 2896 1612 brevior,
2926 1531 3127 1597 altera
3150 1532 3394 1615 fusion
3430 1552 3586 1600 nam

382 1645 632 1714 laudati
656 1647 944 1713 Editores
974 1646 1244 1712 Romani
1271 1646 1493 1727 aiunt,
1515 1669 1549 1707 ι
1569 1645 1635 1712 id
1661 1664 1793 1712 non
1814 1646 2102 1713 alienum
2131 1665 2268 1713 esse
2294 1666 2336 1713 a
2364 1666 2694 1715 sacrarum
2723 1649 3086 1716 litterarum
3112 1651 3583 1736 interpretibus,

389 1768 506 1850 qui
533 1786 711 1851 saepe
736 1784 1014 1832 numero
1027 1765 1251 1832 eadem
1273 1766 1467 1831 modo
1491 1765 1715 1845 fusius»,
1733 1765 1927 1831 modo
1950 1765 2214 1835 brevius
2241 1767 2665 1850 explicarunt.
2681 1788 2713 1828 ιι
2739 1765 2952 1833 Nihilo
2977 1770 3195 1833 tamen
3222 1768 3434 1835 secius
3455 1768 3590 1834 ani-

386 1884 803 1950 madvertens
816 1884 889 1949 P.
906 1883 1240 1963 {Sbaraleffi
1270 1882 1442 1965 quod
1469 1881 1796 1966 Expositio
1822 1881 1964 1949 haec
1983 1884 2183 1949 fusior
2208 1884 2451 1968 stylum
2481 1884 3113 1951 Bonaventurianum
3154 1885 3439 1952 redolere
3459 1903 3589 1950 non

386 1999 708 2081 videatur,
743 2000 1044 2084 quodque
1069 2000 1187 2066 uhi
1215 2004 1436 2064 auctor
1461 1998 1787 2083 praedictae
1813 2001 2114 2066 Summae
2142 2002 2587 2086 Empositionis
2615 2002 2684 2066 in
2717 2001 3130 2079 Psalterium,
3161 2022 3217 2068 c.
3249 2021 3394 2084 vm,
3426 2023 3496 2069 v.
3525 2008 3586 2084 7,

380 2115 550 2199 legit
569 2139 585 2180 ε
608 2114 916 2201 Sprevisti
925 2135 1144 2182 omnes
1163 2114 1547 2182 discedentes
1567 2136 1611 2181 a
1626 2115 1896 2199 judiciis
1912 2118 2060 2199 ταῖς,
2081 2121 2304 2184 auctor
2317 2117 2748 2202 Expositionis
2763 2118 2962 2203 hujus
2980 2120 3389 2204 amplior-isin
3404 2138 3588 2187 eum-

382 2214 538 2301 dem
564 2235 890 2302 Psalmum
916 2255 1149 2317 cxvm,
1180 2255 1237 2301 e.
1280 2255 1436 2316 vm,
1464 2254 1529 2301 v.
1563 2240 1603 2300 6
1632 2236 1752 2317 (al.
1784 2236 1962 2319 118),
1997 2235 2191 2301 habet
2221 2254 2264 2299 α
2299 2235 2571 2319 justitiis
2610 2237 2735 2301 tuis
2757 2285 2775 2317 ,
2816 2236 3034 2302 intulit
3069 2242 3263 2322 atque
3301 2254 3588 2321 pronun-

380 2354 572 2419 flavit
592 2353 762 2419 hauc
800 2355 1104 2419 fusiorem
1144 2352 1624 2438 Expositionem
1661 2374 1694 2412 α
1719 2369 1852 2417 non
1877 2369 2017 2417 esse
2050 2353 2253 2416 saneti
2297 2351 2768 2418 Bonaveuturae
2787 2400 2808 2433 ,
2838 2353 2950 2419 sed
2988 2353 3024 2419 J
3027 2354 3250 2419 oannis
3296 2352 3591 2422 Lemovi-

382 2470 597 2535 eensis
624 2471 923 2557 monachi
954 2470 1479 2550 Claraevallensis,
1513 2489 1594 2536 ex
1611 2488 1763 2536 msa.
1798 2471 2013 2537 codice
2039 2470 2342 2535 Biblioth.
2375 2471 2443 2535 S.
2477 2470 2672 2535 Marci
2699 2470 2922 2537 Veneti
2940 2518 2963 2550 ,
2992 2471 3104 2553 qui
3131 2470 3348 2536 forsan
3370 2471 3425 2536 is
3464 2475 3592 2551 est,

379 2587 501 2671 qui
528 2591 817 2672 tempore
847 2588 1197 2654 Innocentii
1225 2586 1454 2666 Quarti
1482 2588 1685 2653 factus
1717 2576 2037 2667 Minorita‚
2072 2605 2181 2652 an.
2216 2589 2374 2653 1245
2390 2635 2412 2667 ,
2445 2589 2583 2652 erat
2609 2588 2753 2669 ejus
2778 2585 3288 2670 poenitentiarius
3313 2603 3397 2651 ex
3422 2587 3596 2651 Actis

381 2705 641 2770 concilii
669 2705 1155 2790 Lugdunensis,
1183 2710 1250 2770 et
1275 2706 1418 2786 ejus
1457 2704 1749 2770 meminit
1783 2682 2181 2786 Waddiugus
2213 2704 2295 2768 ad
2336 2721 2442 2767 an.
2489 2707 2669 2782 1251,
2715 2721 2785 2767 n.
2817 2707 2919 2767 68.
2946 2725 2978 2763 1>
3012 2702 3386 2768 Addiderim
3420 2721 3549 2785 ego
3572 2753 3592 2784 ,

378 2822 562 2905 quod
615 2822 725 2887 ille
780 2827 1024 2905 auctor,
1071 2842 1129 2887 c.
1172 2842 1195 2886 1
1215 2871 1235 2902 ,
1292 2840 1358 2888 v.
1415 2826 1478 2900 9,
1531 2820 1763 2904 psalmi
1824 2840 2062 2902 cxv-111,
2115 2820 2304 2904 aleph
2351 2820 2632 2885 litteram
2682 2820 3134 2903 interpretatur
3169 2819 3596 2889 tentationum

381 2939 624 3021 millia,
655 2940 766 3005 sed
791 2940 1240 3008 Bonaventura
1274 2941 1346 3005 in
1376 2940 1788 3025 Expositione
1814 2941 2037 3025 capitis
2065 2958 2133 3021 11,
2171 2941 2743 3007 Lamentationum
2765 2941 3061 3010 Jeremiae
3090 2940 3419 3027 prophetae
3433 2994 3454 3027 ‚
3490 2942 3592 3009 iu-

382 3057 533 3140 quit
567 3078 587 3123 z
627 3079 662 3121 ι
682 3058 888 3143 Aleplz
913 3060 1373 3143 interpretatur
1396 3058 1685 3125 doctrina
1712 3059 1756 3122 ¹.
1792 3080 1824 3119 n

905 3235 939 3307 g
974 3236 1040 3290 V.
1073 3263 1142 3276 —
1180 3234 1455 3292 Exmsmo
1494 3250 1546 3290 m
1584 3247 1772 3290 ιιιιιιιιιι
1805 3233 2163 3289 nocturnisve
2201 3203 2526 3304 (Prodrom.,
2566 3234 2667 3290 col.
2709 3235 2805 3292 631
2849 3240 2905 3292 et
2940 3234 3100 3309 seq.).

469 3359 799 3446 objiciunt
842 3359 1132 3427 Editores
1173 3360 1512 3429 novissimi
1548 3383 1566 3426 ε
1628 3383 1660 3422 α
1685 3358 2250 3426 Nomenelatorum
2290 3358 2618 3425 silentium
2637 3407 2656 3440 ‚
2712 3378 2939 3426 eorum
2982 3360 3177 3426 etiam
3222 3361 3461 3446 quihus
3503 3362 3597 3427 nil

386 3480 608 3564 potius
621 3477 767 3559 fuit,
791 3495 989 3561 quam
1013 3481 1088 3544 ut
1104 3477 1572 3545 Bona-venturae
1601 3476 1966 3559 catalogum
1991 3479 2309 3559 augerent
2332 3477 2595 3541 omnino
2614 3484 2660 3542 ².
2684 3499 2715 3538 ιι
2734 3475 2855 3542 Sed
2878 3495 3233 3560 perperam,
3264 3477 3418 3562 quia
3446 3480 3599 3544 satis

386 3596 713 3661 indicatur
733 3614 774 3660 a
798 3593 1148 3661 Ptolomaeo
1177 3594 1450 3660 Lucensi
1471 3643 1490 3673 ,
1524 3596 1722 3676 atque
1776 3592 2147 3675 expressius
2195 3596 2590 3658 memoratur
2634 3613 2676 3658 a
2711 3592 2745 3656 J
2747 3612 2954 3659 oanne
2979 3593 3312 3660 Francisco
3351 3595 3430 3661 de
3474 3595 3595 3661 Pa-

386 3711 569 3778 vinis
585 3762 608 3792 ,
641 3715 758 3777 etc.
799 3711 1044 3795 Urgent
1074 3732 1092 3777 ε
1131 3735 1164 3773 c
1191 3712 1357 3778 Satis
1393 3710 1519 3777 fuit
1560 3709 1865 3775 Romanis
1908 3708 2311 3789 EditoribuS,
2344 3713 2418 3774 ut
2443 3708 2914 3777 Bonaventurae
2956 3728 3194 3776 nomen
3233 3711 3305 3775 in
3333 3710 3599 3796 antiquo

385 3829 750 3913 exemplari
774 3829 1066 3895 viderent
1095 3829 1487 3911 inscriptum
1512 3877 1530 3909 ,
1564 3845 1694 3911 quo
1720 3826 2094 3912 hujusmodi
2122 3826 2600 3910 Expositionem
2627 3827 2695 3890 in
2734 3826 3204 3895 Bona‘venturae
3231 3829 3598 3913 catalogum

386 3949 731 4013 referrent.
762 3946 848 4010 At
874 3946 1120 4010 incauti
1145 3945 1443 4010 homines
1486 3942 1760 4009 minime
1803 3943 2252 4025 adverterunt,
2287 3944 2429 4008 fieri
2456 3943 2801 4029 aliquando
2840 3962 3023 4028 posse
3058 3949 3132 4011 ut
3177 3948 3280 4013 vel
3317 3948 3580 4032 antiqua

388 4064 792 4149 exemplaria
813 4066 999 4131 nobis
1026 4064 1284 4131 errandi
1310 4081 1601 4130 caussam
1628 4063 1981 4145 praebeant.
2032 4061 2193 4127 Illud
2235 4079 2387 4127 cum
2416 4062 2640 4145 primis
2683 4060 3215 4128 considerandum
3243 4067 3408 4144 erat,
3439 4082 3602 4128 num

386 4202 547 4268 quae
572 4183 809 4265 scripta
830 4186 979 4248 sunt
1010 4183 1084 4246 in
1120 4182 1385 4265 antiquo
1432 4179 1820 4265 exemplari,
1865 4180 1946 4245 ad
1976 4181 2249 4264 genium
2305 4179 2771 4247 Bonaventurae
2796 4180 3205 4262 accederent,
3254 4200 3457 4248 necne
3484 4187 3529 4247 ³.

387 4300 527 4366 Sed
554 4300 623 4365 id
664 4319 812 4366 cum
845 4301 1083 4385 przmis
1129 4299 1558 4366 considerasse
1593 4298 1925 4365 Romanos
1957 4298 2290 4378 EditoreS,
2340 4317 2550 4383 neque
2596 4299 2885 4364 incautos
2926 4299 3159 4419 fuisse,
3192 4299 3605 4384 perspicuum

387 4422 487 4484 est
539 4435 625 4484 ex
653 4435 877 4483 eorum
903 4422 1367 4500 argumento.
1320 4418 1345 4454 ⁸

468 4533 766 4600 Profecto
835 4533 925 4598 ad
975 4536 1246 4618 qenium
1308 4534 1782 4608 Bonaventurae
1849 4534 2091 4602 accedit
2110 4582 2130 4613 ‚
2206 4530 2379 4616 quod
2447 4533 2742 4615 praeferat
2803 4533 3214 4617 allegationes
3281 4533 3563 4616 Dionysii
3582 4582 3601 4614 ,

392 4651 819 4738 Hieronymi,
847 4652 1200 4736 Augustini
1222 4701 1240 4730 ‚
1274 4652 1597 4736 Gregorii,
1639 4652 1899 4733 Isidori,
1943 4650 2317 4718 Damasceni
2338 4698 2358 4729 ,
2398 4647 2734 4729 Bernardi,
2784 4647 3077 4734 Hugonis
3095 4699 3113 4731 ‚
3151 4648 3607 4731 citationesque

397 4769 779 4851 Aristotelis,
810 4768 1039 4850 Ovidii,
1054 4766 1381 4852 Macrobii,
1400 4767 1627 4851 Boetii,
1655 4773 1776 4835 etc.
1805 4769 2032 4837 Itidem
2057 4769 2247 4853 qenio
2263 4746 2743 4833 'Bonaventuroe
2770 4768 3095 4832 conforme
3119 4766 3303 4847 (utut
3322 4763 3609 4831 Editores

388 4885 734 4953 novissimi
757 4885 1125 4969 reclament)
1135 4885 1460 4969 ‘indagare
1482 4886 2019 4971 philosophorum
2044 4888 2417 4970 systemata,
2443 4888 2633 4968 atque
2658 4884 2728 4948 in
2746 4900 2885 4948 rem
2909 4900 3094 4948 suam
3120 4901 3195 4948 ea
3220 4877 3605 4966 pertrahere,

387 5001 951 5087 quemadmodum
982 5002 1052 5067 in
1073 5004 1357 5069 confesso
1384 5019 1531 5098 esse,
1547 5004 1736 5069 debet
1758 5001 1999 5087 legenti
2032 5008 2333 5088 quartam
2373 5005 2622 5086 partem
2645 5000 2794 5066 libri
2829 4999 3119 5082 ejusdem
3141 4995 3611 5066 Bonavent'urae

388 5120 471 5188 de
506 5120 967 5190 Ecclesiastica
993 5119 1396 5202 Hier-archia,
1435 5119 1935 5188 Commentarios
1974 5121 2047 5186 in
2086 5119 2288 5187 libros
2324 5119 2843 5200 Sententiarum,
2876 5122 2996 5184 etc.
3025 5116 3312 5202 Cumque
3336 5116 3614 5185 Isidorus

450 5349 475 5386 δ
501 5349 677 5401 Leve·
698 5348 930 5415 proiecto
958 5344 1212 5410 tatiana,
1239 5360 1338 5399 nec
1364 5347 1494 5398 tanti
1520 5343 1794 5413 ponderis,
1826 5352 1885 5399 ut
1912 5346 2272 5399 auctoritatem
2301 5344 2433 5398 sixti
2461 5345 2733 5409 Senensis,
2752 5358 2827 5396 ne
2854 5343 2906 5395 di
2889 5347 3021 5395 1cam
3040 5358 3159 5395 cum
3177 5343 3422 5396 Romania
3446 5337 3616 5397 ndito·

388 5423 570 5486 ribus,
594 5422 824 5472 omnium
847 5433 1117 5472 consensus
1089 5419 1498 5472 sanctor-itatem
1524 5419 1747 5471 elevent.
1781 5445 1837 5456 —
1873 5417 2152 5470 ’Diania
2180 5431 2299 5481 pag.
2330 5419 2440 5480 107,
2467 5415 2576 5481 hui.
2605 5419 2795 5469 noslrae
2823 5415 3062 5468 edissonis
3088 5419 3216 5468 tom.
3251 5418 3296 5483 I,
3325 5429 3446 5482 pag.
3475 5428 3614 5469 mv.

387 5494 499 5534 --ι
527 5457 783 5555 bintae„
807 5506 928 5558 pag.
966 5492 1094 5553 1073
1125 5488 1232 5554 huj.
1260 5494 1449 5541 nostre
1477 5489 1603 5541 edit.
1629 5494 1759 5541 tom.
1792 5494 1836 5555 I,
1866 5503 1988 5555 pag.
2020 5499 2162 5540 muv.
2186 5514 2251 5527 -
2275 5486 2442 5552 Huj.
2476 5492 2603 5540 tom.
2638 5500 2715 5552 rx,
2743 5501 2862 5552 pag.
2895 5489 3005 5539 000.
