4196 6294
1615 461 1975 530 PSALMUS
2018 462 2281 531 CXVIII.

346 613 488 658 nam
514 596 853 659 felicitatem
882 597 1046 658 :hoec
1076 602 1164 656 est
1189 597 1476 656 aeternitas
1498 597 1680 669 bona,
1707 616 1889 672 quam

350 693 630 752 omnibus
671 695 835 768 optat
874 693 1182 766 Propheta.
1226 695 1290 748 Et
1335 695 1511 762 nota,
1554 692 1722 766 quod
1762 693 1889 751 haec

119 803 320 845 AEtorna
346 787 638 846 oeoernitas
655 791 742 846 est
766 787 1044 862 optabilis
1064 786 1322 845 maxime
1350 786 1540 844 tribus
1572 786 1645 844 de
1674 787 1888 859 causis,

101 864 305 980 Ῑὲζῗιξ*
347 881 565 940 scilicet
608 886 850 956 propter
893 881 1272 939 aeternitatem
1297 879 1680 952 haereditatiS,
1719 887 1888 939 tran-

83 987 309 1043 optabili·
347 975 685 1048 quillitatiS,
716 980 772 1033 et
790 974 1172 1048 jucunditatis
1200 994 1218 1031 :
1249 973 1536 1048 quoniam
1562 973 1669 1031 illa
1707 973 1887 1032 felici-

344 1072 435 1127 tas
470 1073 556 1126 est
592 1074 809 1127 aeterna
829 1070 1171 1139 haereditaS,
1205 1067 1284 1126 ad
1313 1085 1615 1126 summum
1653 1068 1887 1126 bonum

341 1162 807 1237 possidendum3
837 1169 1055 1222 aeterna
1098 1162 1523 1237 tranquillitas,
1566 1162 1646 1220 ad
1680 1163 1887 1219 viden-

345 1256 491 1315 dum
528 1276 546 1330 3
592 1261 809 1316 aeterna
855 1258 1194 1331 jucunditas
1221 1300 1239 1329 ,
1287 1257 1368 1315 ad
1414 1256 1751 1316 fruendum.
1805 1259 1882 1314 De

341 1349 536 1424 primo
583 1351 796 1410 dicitur
838 1369 946 1426 per
988 1351 1354 1410 psalmistam
1395 1350 1411 1383 ¹
1430 1340 1466 1407 ⁴:
1506 1370 1535 1404 α
1573 1350 1884 1408 Haereditas

344 1460 552 1503 eorum
576 1446 639 1502 in
667 1450 954 1505 aeternum
978 1447 1086 1504 erit
1114 1466 1133 1504 ε
1160 1466 1191 1501 >2
1219 1462 1354 1504 ecce
1381 1444 1670 1503 aeternitas
1696 1444 1883 1501 heere-

344 1537 558 1597 ditatis.
592 1544 669 1598 De
702 1540 965 1599 secundo
993 1556 1102 1614 per
1131 1540 1486 1614 Prophetam
1522 1537 1796 1612 psallitur
1820 1537 1879 1595 ²:

350 1652 378 1687 α
406 1635 535 1691 Non
564 1635 1037 1693 commovebitur
1071 1634 1134 1691 in
1169 1638 1482 1704 aeternum,
1516 1631 1620 1707 qui
1661 1631 1884 1690 habitat

343 1727 405 1784 in
433 1729 785 1801 Jerusalem,
812 1749 843 1784 ι)
877 1734 932 1788 et
970 1729 1235 1803 loquitur
1271 1729 1346 1786 de
1387 1727 1711 1786 Jerusalem
1739 1727 1880 1801 illa,

344 1837 475 1895 quae
520 1839 754 1880 sursum
800 1827 885 1881 est
922 1827 1108 1881 mater
1147 1826 1389 1880 nostra:
1421 1837 1555 1880 ecce
1595 1821 1882 1879 aeternitas

345 1916 802 1990 tranquillitatis
852 1921 928 1974 De
987 1917 1155 1975 tertio
1201 1933 1311 1991 per
1355 1914 1882 1988 psalmographum

341 2010 611 2068 scribitur
638 2009 661 2044 ⁸
691 2028 705 2068 ε
743 2031 770 2065 α
797 2014 861 2068 In
895 2015 1176 2069 aeternum
1225 2010 1600 2072 exultabunt.
1633 2013 1689 2067 et
1714 2007 1882 2066 habi-

340 2103 492 2161 tabis
518 2104 580 2161 in
607 2103 692 2161 eis
725 2123 739 2162 :
772 2125 800 2159 n
833 2120 967 2163 ecce
994 2103 1282 2163 aeternitas
1305 2103 1710 2176 jucunditatis,

984 2265 1245 2332 Epilogus.

411 2389 568 2444 Patet
593 2385 771 2459 igitur
799 2386 986 2444 oratio
1018 2386 1401 2461 prophetica,
1423 2401 1604 2461 quam
1633 2383 1884 2442 effundit

336 2496 447 2553 pro
476 2480 661 2538 salute
690 2480 955 2554 publica,
978 2481 1179 2538 dicens
1201 2499 1216 2537 :
1240 2483 1577 2553 Principium
1601 2481 1882 2537 verborum

339 2580 587 2645 tuorum,
618 2579 905 2648 quantum
934 2575 1013 2632 ad
1039 2574 1299 2649 primum
1324 2575 1570 2646 dictum,
1597 2572 1764 2647 quod
1795 2576 1882 2630 est

338 2667 558 2725 initiale
585 2668 876 2740 verbum3
908 2671 1124 2726 Veritas
1144 2711 1163 2739 ,
1195 2668 1258 2724 id
1295 2671 1411 2739 est,
1454 2683 1633 2725 causa
1671 2666 1882 2724 verita-

340 2762 437 2832 tis,
470 2765 758 2836 quantum
788 2761 867 2819 ad
903 2761 1167 2836 primum
1195 2761 1413 2819 factum
1428 2802 1449 2833 ,
1479 2760 1645 2835 quod
1673 2765 1757 2818 est
1777 2777 1879 2817 ve·

336 2855 519 2912 ritatis
545 2855 643 2912 vel
686 2854 937 2913 entitatis
965 2854 1381 2928 participium3
1427 2855 1623 2911 Omnia
1664 2855 1880 2927 judicia

325 2950 567 3019 justitiae
595 2955 735 3021 tuae,
761 2953 1050 3024 quantum
1080 2949 1158 3008 ad
1185 2950 1575 3008 novissimum
1614 2949 1837 3007 dictum
1855 2992 1876 3021 ,

338 3044 504 3117 quod
531 3047 619 3102 est
640 3043 924 3118 judiciale
955 3045 1207 3102 verbum
1223 3064 1241 3116 ;
1267 3046 1333 3100 In
1356 3048 1642 3116 cetea-num,
1669 3043 1733 3100 id
1761 3046 1878 3113 est,

335 3137 398 3194 in
429 3137 840 3211 aeternitatem,
872 3142 1161 3213 quantum
1206 3138 1285 3196 ad
1329 3137 1718 3196 novissimum
1760 3137 1879 3196 fac-

337 3236 489 3304 tum,
521 3232 686 3307 quod
714 3237 799 3290 est
821 3233 1156 3291 aeternitatis
1183 3232 1579 3307 participium.

467 3474 838 3533 CAPITULUM
874 3472 1264 3530 UNDECIMUM
1302 3473 1386 3529 ET
1423 3473 1737 3529 ULTIMUM.

807 3664 1139 3708 musteums
1173 3664 1393 3707 Patrius.

125 3833 305 3875 Feron-
410 3811 531 3864 161.
564 3811 842 3880 Principes
876 3812 1141 3881 persecuti
1183 3812 1308 3865 sunt
1355 3823 1458 3863 mc.
1490 3804 1875 3863 Undecimum

115 3896 276 3997 133οω
337 3902 504 3961 adest
527 3902 852 3976 capitulum
884 3904 958 3960 de
993 3902 1216 3961 ferculo
1258 3901 1582 3959 novissimo
1628 3893 1876 3958 servitu-

249 3984 260 3997 '
335 4012 489 4053 rum.
520 3997 678 4055 ordo
717 4012 977 4071 namque
1007 3995 1399 4069 capitulorum
1426 3995 1690 4068 sequitur
1716 3993 1873 4051 ordi-

335 4107 473 4148 nem
498 4090 877 4149 ferculorum.
915 4090 1248 4165 Capitulum
1289 4105 1430 4147 sane
1471 4088 1873 4162 penultimum

332 4185 563 4259 pietatis
600 4184 1023 4268 admissionem
1060 4184 1336 4257 apposuit
1368 4204 1386 4257 ;
1434 4183 1550 4243 hoc
1597 4182 1874 4240 ultimum

331 4277 646 4352 impietatis
685 4280 1064 4341 amissionem
1110 4279 1374 4353 apponit.
1407 4279 1692 4335 Caeterum
1718 4292 1872 4349 prae-

331 4387 465 4429 sens
508 4371 802 4431 ferculum
838 4376 924 4430 est
965 4372 1187 4429 caeteris
1223 4370 1540 4445 praelibatis
1576 4368 1873 4444 postposi-

242 4537 251 4549 ·
331 4470 493 4537 tum,
540 4466 683 4540 quia
734 4466 1023 4541 posterius
1075 4464 1257 4522 afficit
1308 4465 1652 4539 appetitum.
1715 4462 1873 4521 Sicut

333 4560 488 4618 enim
517 4560 665 4618 inter
692 4559 1066 4635 appetibilia,
1095 4559 1293 4633 priora
1320 4561 1454 4615 sunt
1481 4557 1740 4630 gratiora
1748 4575 1766 4627 ;
1789 4555 1870 4613 ita

329 4654 659 4728 posteriora
685 4657 820 4712 sunt
846 4653 1141 4728 graviora.
1168 4655 1287 4710 lloc
1315 4668 1458 4724 ergo
1488 4656 1710 4725 quanto
1740 4666 1872 4722 gra·

330 4748 461 4805 vius
473 4791 492 4821 ,
514 4752 675 4806 tanto
705 4747 1018 4823 posterius,
1039 4746 1165 4804 Alia
1194 4746 1397 4820 priora
1419 4744 1701 4819 gratiora,
1725 4742 1869 4816 quia

333 4842 632 4900 continent
672 4842 809 4915 plus
853 4840 1105 4912 amoris;
1133 4839 1291 4897 istud
1333 4837 1625 4915 posterius
1652 4842 1709 4895 et
1736 4852 1870 4909 gra‘

330 4937 490 5008 vius,
531 4935 675 5011 quia
712 4934 971 4992 continet
1005 4935 1143 5009 plus
1169 4933 1414 4992 timoris.
1457 4932 1618 4991 Unde
1665 4946 1872 5005 quem-

329 5029 664 5088 admodum
708 5029 875 5087 cibus
929 5028 1200 5101 gravior,
1231 5043 1336 5085 seu
1388 5026 1611 5084 fructus
1666 5023 1871 5082 durior

330 5125 649 5199 apponitur
674 5123 1032 5183 novissimus
1061 5122 1124 5179 in
1151 5120 1406 5195 prandio
1446 5118 1777 5194 corporali3
1808 5118 1869 5174 in

330 5223 610 5281 eumdem
643 5221 897 5282 modum
932 5217 1262 5279 emissionis
1295 5216 1473 5274 timor
1507 5213 1871 5272 administra-

402 5426 412 5453 ¹
440 5424 571 5474 Ρεαε.
602 5434 789 5475 xxxvi.
824 5424 900 5473 18.
922 5446 985 5459 -
1021 5420 1039 5450 ²
1067 5418 1198 5468 psal.
1237 5426 1416 5480 cxxiv,
1449 5419 1495 5463 1.
1521 5437 1583 5450 -
1615 5413 1637 5447 ⁸
1662 5411 1795 5463 Psal.
1819 5423 1871 5476 v,

3427 473 3544 535 525

2004 603 2097 657 tur
2127 599 2367 658 ultimus
2392 601 2452 657 in
2481 602 2713 659 morali.
2745 602 3015 674 Impietas
3041 601 3180 675 ista,
3204 617 3389 677 quam
3415 619 3541 660 me—

1999 697 2196 751 morat
2246 694 2311 751 in
2363 695 2475 753 hac
2524 700 2687 770 parte
2742 696 3075 767 Psalmista,
3109 711 3217 771 per
3272 696 3544 754 divinum

1940 797 1955 808 “
1994 787 2287 859 J'udicium
2330 787 2394 845 in
2445 792 2730 848 aeternum
2776 789 3100 848 emittenda
3134 790 3494 864 supplicium
3519 833 3541 863 ,

1998 881 2254 956 pertinet
2271 882 2350 940 ad
2370 883 2910 956 membradiaboli,
2931 885 3346 960 persequentia
3362 901 3543 942 mem-

1998 974 2110 1032 bra
2131 976 2357 1033 Christi.
2384 976 2546 1034 Unde
2569 978 2854 1035 nimirum
2880 995 2989 1053 per
3018 978 3282 1052 primum
3309 983 3545 1037 octona-

1995 1067 2155 1125 rium
2203 1069 2556 1144 proponitur
2613 1072 3040 1146 persecutionis
3098 1071 3384 1145 gladius3
3433 1087 3542 1146 per

1997 1162 2328 1221 secundum
2355 1165 2676 1238 opponitur
2689 1165 2989 1224 -orationis
3018 1166 3281 1241 clypenS.
3308 1169 3374 1223 Et
3397 1182 3542 1241 quo-

1995 1256 2161 1313 niam
2197 1256 2302 1314 illa
2330 1258 2646 1330 rgeneratio
2690 1277 2721 1313 α
2748 1258 2983 1333 gladios
3025 1260 3207 1318 habet
3241 1276 3353 1333 pro
3393 1259 3540 1317 den-

1994 1348 2174 1421 tibus,
2202 1371 2231 1406 n
2261 1351 2409 1408 sicut
2443 1350 2697 1424 legimus
2728 1352 3102 1428 ⁴,propterea
3124 1353 3350 1427 primus
3377 1356 3541 1412 octo·

1993 1443 2197 1500 narius
2224 1459 2262 1501 a
2288 1444 2385 1502 Sin
2425 1444 2618 1503 littera
2643 1444 2973 1518 inchoatur,
2998 1463 3131 1521 quae
3156 1448 3335 1505 dentes
3365 1446 3540 1505 inter·
3567 1462 3662 1504 sm.

1992 1539 2288 1610 pretatur;
2334 1539 2475 1612 quia
2521 1555 2663 1597 vero
2712 1539 2775 1597 in
2817 1540 3245 1614 persecutionis
3289 1539 3537 1599 articulo

1994 1646 2298 1688 summum
2325 1632 2659 1690 remedium
2689 1637 2773 1690 est
2817 1633 3006 1692 oratio
3021 1676 3042 1705 ,
3070 1633 3292 1692 idcirco
3332 1650 3536 1692 secun-

1996 1723 2108 1780 dus
2136 1726 2472 1782 octonarius
2512 1725 2772 1784 initiatur
2799 1743 2837 1785 a
2866 1729 2986 1785 Tau
3033 1727 3257 1801 littera,
3288 1744 3422 1803 quae
3448 1729 3536 1786 in·
3565 1739 3678 1781 'rau-

1993 1819 2343 1891 terpretatur
2386 1823 2786 1877 consummatio.
2831 1821 3091 1879 Primum
3131 1825 3330 1879 autem
3373 1826 3537 1881 octo-

1992 1910 2231 1968 narium
2258 1912 2731 1984 subdistinguere
2760 1931 3078 1987 possumus
3119 1915 3182 1973 in
3218 1916 3379 1974 hunc
3406 1933 3537 1973 mo-

1996 2004 2162 2063 dum.
2230 2007 2337 2062 Per
2401 2006 2663 2079 primum
2731 2009 3176 2082 quaternarium
3246 2010 3540 2068 indicatur

1992 2098 2344 2174 improbitas
2367 2102 2880 2176 persequentium3
2901 2120 3008 2178 per
3035 2103 3384 2175 secundum,
3404 2121 3538 2179 pro-

1992 2194 2144 2253 bitas
2171 2195 2618 2270 perferentium.
2650 2197 3001 2271 improbitas
3038 2198 3142 2256 illa
3176 2202 3371 2272 potest
3406 2215 3538 2272 per·

1989 2287 2215 2362 pendi,
2265 2288 2552 2363 quoniam
2602 2290 2918 2364 impietatis
2966 2290 3074 2348 filii
3121 2307 3246 2350 non
3289 2296 3539 2366 parcunt

1990 2380 2341 2440 innocentiae
2378 2383 2711 2457 personali,
2753 2401 2863 2442 nec
2909 2384 3208 2460 sapientiae
3252 2384 3536 2453 salutari,

1990 2491 2100 2533 nec
2131 2476 2364 2548 Justitiae
2405 2477 2614 2550 legali,
2643 2494 2755 2536 nec
2798 2479 3199 2546 observationi
3243 2475 3532 2553 regulari,

1991 2570 2142 2627 sicut
2161 2570 2396 2628 videtur
2415 2575 2670 2646 quatuor
2691 2572 2899 2645 primis
2923 2572 3194 2630 versibus
3210 2573 3530 2648 propalari.

1990 2664 2218 2722 Primus
2243 2681 2444 2724 versus
2473 2667 2728 2732 ostendit
2750 2659 2885 2725 luce
2916 2667 3153 2739 clarius,
3185 2668 3351 2742 quod
3378 2668 3535 2742 prin-

1991 2758 2151 2832 cipes
2178 2760 2352 2832 mali‚
2393 2765 2679 2834 tanquam
2728 2760 3042 2835 impietatis
3077 2760 3217 2831 filii,
3248 2776 3370 2818 non
3399 2777 3535 2836 par-

1991 2858 2131 2912 cunt
2156 2853 2509 2911 innocentiae
2551 2854 2893 2928 personali,
2919 2854 3147 2912 dicente
3195 2854 3529 2929 Propheta:

1995 2950 2305 3020 Principes,
2333 2952 2466 3018 etc.,
2497 2948 2667 3021 quasi
2697 2947 2858 3005 dicat
2888 2967 2903 3005 ε
2938 2948 3261 3005 Potentiam
3287 2947 3531 3005 saevien-

1988 3044 2109 3098 tem
2152 3040 2494 3099 innocenter
2540 3041 2831 3111 sustinui,
2870 3045 2926 3099 et
2976 3041 3367 3100 reverentiam
3411 3058 3531 3100 ser-

1987 3134 2247 3194 vientem
2302 3134 2501 3194 verbis
2554 3135 2668 3193 tuis
2710 3151 2944 3210 semper
2989 3135 3257 3195 adhibui.
3306 3139 3370 3195 ln
3413 3137 3529 3195 hoc

1987 3230 2324 3304 spectaculo
2353 3217 2618 3304 quatuor'
2648 3233 2897 3303 possunt
2939 3229 3188 3303 spectari
3213 3272 3233 3301 ,
3252 3230 3529 3289 videlicet

1987 3322 2222 3395 gladius
2267 3324 2329 3381 in
2370 3323 2647 3381 manibus
2684 3322 2934 3395 insanie,
2966 3326 3024 3380 et
3048 3323 3231 3381 virtus
3263 3325 3325 3380 in
3353 3324 3526 3381 affec-

1985 3417 2143 3475 tibus
2189 3416 2380 3489 sanis;
2412 3418 2698 3492 quoniam
2743 3417 2806 3475 in
2844 3418 3107 3491 potentia
3154 3417 3425 3491 gladius,
3460 3420 3524 3476 in

1984 3511 2393 3584 persecutione
2437 3527 2679 3583 manus,
2722 3510 2786 3568 in
2828 3510 3167 3570 innocentia
3210 3511 3429 3583 virtuS,
3460 3512 3522 3568 in

1983 3604 2300 3663 formidine
2327 3606 2524 3665 cordis
2553 3605 2814 3664 affectus

2490 3764 2764 3819 Articulus
2794 3765 3026 3835 primus.

2053 3888 2143 3947 Ad
2164 3888 2424 3962 primum
2451 3888 2719 3962 pertinet,
2741 3889 2911 3962 quod
2941 3888 3135 3963 prima
3164 3888 3355 3948 fronte
3381 3907 3524 3971 praef

1983 3983 2175 4041 lucet:
2203 3985 2478 4055 Principes
2496 3999 2517 4039 .·
2543 3998 2683 4040 nam
2712 3983 2774 4039 in
2801 3982 3174 4057 principibus
3199 3985 3523 4058 potentiam

1982 4076 2381 4150 intelligimus,
2413 4076 2566 4145 Quid
2611 4077 2768 4133 enim
2812 4076 3140 4151 principes,
3170 4077 3281 4135 nisi
3308 4085 3522 4153 poten-

1979 4173 2108 4229 tes?
2135 4170 2285 4240 Quid
2324 4169 2713 4245 principium,
2740 4170 2852 4227 nisi
2894 4175 3263 4245 potentatus?
3291 4178 3355 4232 Et
3380 4169 3535 4233 nota'

1982 4264 2056 4322 de
2082 4264 2255 4322 malis
2280 4263 2681 4339 principibus,
2720 4264 2888 4338 quod
2923 4265 3071 4324 sicut
3108 4266 3171 4324 in
3214 4268 3521 4342 Scripturis

1979 4357 2233 4430 legimus
2257 4399 2276 4429 ,
2332 4357 2443 4432 ipsi
2497 4362 2633 4415 sunt
2680 4359 3015 4417 conturbati
3053 4402 3073 4431 ‚
3127 4362 3468 4435 congregati
3496 4402 3517 4434 ,

1979 4450 2345 4525 praevaricati
2379 4469 2399 4522 3
2452 4452 2595 4525 quia
2658 4452 2981 4510 mundanis
3037 4455 3518 4530 concupiscentiis

1980 4544 2442 4616 conturbantur,
2482 4544 2547 4601 in
2600 4561 2816 4619 corpus
2871 4546 3099 4605 diaboli
3149 4565 3517 4623 congregan-

1978 4642 2073 4697 tur
2123 4680 2143 4710 ,
2208 4640 2266 4696 et
2318 4637 2544 4696 actibus
2612 4638 2926 4697 diabolicis
2992 4642 3382 4716 applicantur.
3440 4648 3517 4703 De

1976 4732 2174 4807 primo
2216 4731 2239 4766 ⁸
2287 4750 2300 4789 :
2356 4751 2384 4786 α
2438 4735 2596 4791 Tunc
2653 4733 2988 4792 conturbati
3036 4738 3174 4793 sunt
3220 4736 3517 4812 principes

1979 4827 2168 4886 Edom
2200 4845 2265 4883 z»
2301 4826 2719 4901 interpretatur
2745 4832 2943 4885 autem
2981 4828 3169 4887 Edom
3194 4829 3358 4888 rufus
3378 4872 3397 4903 ,
3423 4831 3518 4889 vel
3544 4847 3701 4893 mom.

1977 4921 2373 4995 sanguinem,
2413 4921 2510 4978 vel
2557 4924 2817 4978 terrenus
2836 4940 2856 4994 3
2907 4924 3125 4997 quibus
3165 4925 3514 5000 vanitatem,

1980 5019 2380 5093 voluptatem,
2414 5018 2470 5072 et
2498 5014 2880 5090 cupiditatem
2923 5008 3305 5091 intelligimus
3336 5039 3350 5077 :
3382 5037 3514 5078 ecce

1980 5112 2277 5187 principes
2314 5109 2632 5168 mundanis
2673 5111 3160 5185 concupiscentiis
3204 5114 3517 5172 conturba-

1976 5212 2085 5265 toS.
2119 5209 2196 5263 De
2222 5204 2484 5262 secundo
2511 5202 2533 5237 ⁶
2558 5223 2573 5262 ι
2599 5223 2630 5260 α
2646 5208 2805 5264 Tunc
2833 5205 3177 5280 congregati
3199 5210 3335 5265 sunt
3354 5207 3515 5284 prin-

1980 5338 2059 5386 1‘2.
2079 5333 2182 5457 -Ξ
2199 5333 2366 5393 Ρνου..
2388 5334 2689 5395 xxx,14.-
2720 5334 2739 5364 ⁸
2762 5332 2943 5397 Emd„
2968 5344 3054 5396 xv,
3087 5335 3162 5384 15.
3184 5360 3244 5372 -
3272 5336 3291 5366 ⁸
3312 5335 3516 5400 Mami„

1978 5417 2123 5468 xxvi,
2185 5443 2197 5456 .
