4196 6294
1624 455 1989 524 PSALMUS
2031 456 2294 526 cxvln.

3435 465 3553 527 429

361 608 679 669 possumus
720 592 985 667 accipere
1034 596 1158 652 tam
1200 592 1276 651 de
1325 591 1514 668 capite
1534 634 1555 665 ‚
1602 608 1784 666 quam
1826 591 1903 651 de
2016 598 2226 668 praeter
2251 593 2565 654 mortalem
2593 593 2913 653 interitum.
2949 596 3100 654 Nam
3124 608 3561 670 nonnunquam

364 685 544 746 corde
574 686 648 761 (a)
681 705 695 745 ε
729 702 865 746 ecce
894 686 1221 762 persecutio
1250 686 1474 745 illativa
1499 702 1710 762 poenae.

849 847 1133 904 Articulus
1169 851 1417 918 quartae.

440 971 843 1033 professorum
862 970 1163 1030 sinceritas
1180 969 1529 1041 elucidatur,
1551 985 1692 1027 cum
1709 984 1911 1043 super·

372 1066 610 1124 additur
639 1083 654 1122 :
685 1065 907 1138 Adjttva
932 1081 1015 1121 me
1044 1083 1061 1122 ι
1093 1065 1261 1139 quod
1286 1063 1521 1122 videtur
1557 1079 1679 1120 vox
1706 1078 1911 1136 perso-

371 1175 463 1218 nae
487 1175 621 1233 quae
649 1158 949 1217 contendit
975 1158 1039 1215 in
1066 1174 1289 1232 agone,
1318 1157 1417 1215 vel
1443 1157 1714 1230 agonizat
1737 1156 1801 1213 in
1829 1154 1915 1212 al-

373 1252 691 1311 tercatione
741 1267 853 1326 pro
902 1251 1045 1309 fidei
1094 1251 1395 1309 catholicae
1442 1249 1802 1332 defensione.
1850 1251 1917 1307 Et

372 1348 548 1419 nota,
577 1345 742 1419 quod
772 1344 872 1403 tali
898 1360 1166 1418 personae
1195 1343 1326 1402 talis
1351 1360 1474 1402 vox
1499 1344 1772 1416 congruit
1810 1341 1914 1402 tri-

372 1437 513 1513 plici
551 1439 808 1510 ratione,
853 1437 1140 1513 quoniam
1177 1437 1464 1511 aspiciens
1504 1438 1567 1495 in
1615 1441 1917 1495 auctorem

377 1532 553 1604 fidei,
583 1538 640 1592 et
665 1535 1203 1591 consummatorem
1229 1537 1462 1600 lesum,
1490 1534 1686 1605 potest
1717 1547 1918 1590 secure

380 1624 572 1687 dicere
602 1645 617 1684 :
648 1626 877 1699 Adjuva
907 1642 1004 1683 me
1045 1624 1455 1697 dimicantem,
1484 1624 1873 1683 lubricantem
1899 1667 1919 1695 ‚

378 1722 810 1781 mendicantem
833 1738 847 1777 :
871 1719 1152 1777 dimicare
1173 1720 1453 1777 convenit
1468 1718 1751 1777 affectivae
1763 1760 1785 1790 ‚
1802 1717 1923 1776 for-

380 1819 510 1875 titer
534 1816 833 1902 {epulanti
859 1831 970 1889 pro
1009 1812 1170 1885 fide3
1207 1814 1504 1872 lubricare
1534 1814 1808 1886 congruit
1832 1812 1924 1869 in-

381 1910 684 1969 telleotivae
699 1951 720 1980 ,
749 1908 1024 1967 debiliter
1049 1908 1374 1982 speculanti
1398 1924 1470 1965 ex
1504 1906 1661 1980 fide3
1690 1906 1925 1964 mendi-

383 2020 517 2062 care
543 2002 819 2076 competit
846 2001 1158 2073 effectivae,
1201 2000 1629 2058 miraculorum
1675 2000 1926 2073 gratiam

383 2096 753 2155 fiducialiter.
779 2095 1098 2169 postulanti
1144 2094 1208 2151 in
1257 2094 1401 2153 fide.
1452 2097 1532 2153 De
1578 2094 1774 2169 primo
1819 2108 1928 2167 per

385 2189 747 2249 psalmistam
787 2188 998 2249 dicitur
1027 2190 1043 2224 ¹
1075 2208 1088 2246 ;
1140 2208 1167 2242 «
1198 2188 1482 2259 Videant,
1530 2187 1633 2262 qui
1674 2186 1929 2245 oderunt

384 2302 508 2355 me,
551 2287 608 2342 et
643 2282 1098 2352 confundantur,
1153 2282 1439 2356 quoniam
1491 2285 1556 2339 tu
1576 2324 1594 2352 ,
1645 2281 1925 2353 Domine,

386 2377 660 2451 adjuvisti
715 2394 840 2449 me,
889 2381 946 2434 et
986 2376 1322 2435 consolatus
1365 2391 1428 2434 es
1464 2390 1598 2433 me:
1628 2395 1656 2429 n
1691 2376 1820 2432 Vox
1847 2379 1933 2431 est

387 2474 667 2531 affectivae
711 2473 938 2529 virtutis
979 2488 1090 2545 pro
1135 2470 1254 2527 fide
1306 2468 1531 2527 sortiter
1574 2467 1924 2525 aemulantiS.

389 2571 465 2625 De
495 2566 755 2625 secundo
782 2582 889 2640 per
919 2565 1269 2638 prophetam
1295 2552 1563 2636 psallitur
1587 2563 1610 2595 ¹
1639 2581 1655 2619 ε
1695 2580 1724 2613 α
1752 2561 1807 2618 Si
1838 2560 1927 2618 di-

391 2662 599 2720 cebam
629 2679 644 2718 :
675 2663 860 2718 Motus
888 2662 973 2717 est
1015 2675 1120 2732 pes
1149 2674 1345 2727 meus,
1374 2654 1780 2714 misericordia
1808 2659 1926 2726 tua,

392 2755 634 2814 Domine
654 2797 673 2826 ,
706 2753 1029 2826 adjuvabat
1053 2768 1150 2809 me
1179 2771 1192 2807 ε
1219 2773 1245 2803 n
1277 2768 1395 2807 vox
1422 2754 1507 2806 est
1531 2748 1897 2806 intellectivae
1912 2788 1933 2819 ,

393 2864 466 2905 cx
490 2848 609 2905 fide
630 2847 901 2905 debiliter
918 2846 1289 2920 speculantis
1320 2847 1395 2900 De
1420 2842 1588 2900 tertio
1606 2858 1714 2916 per
1738 2842 1934 2916 ipsum

394 2942 664 3001 scribitur
684 2944 706 2977 ³
740 2960 754 2997 ι
787 2961 816 2993 «
837 2946 958 3013 Ego
987 2956 1132 2997 vcro
1163 2953 1383 3010 egenus
1423 2939 1481 2993 et
1504 2951 1732 3009 pauper
1761 2950 1892 2991 sum
1919 2952 1933 2990 ε

394 3038 580 3104 Deus,
609 3034 829 3108 adjuva
856 3050 951 3091 me
983 3052 996 3090 :
1033 3054 1059 3086 »
1090 3047 1213 3090 vox
1238 3035 1323 3088 est
1349 3029 1628 3088 effectivae
1646 3070 1666 3100 ,
1696 3027 1934 3100 signum

394 3129 515 3189 fide
543 3128 792 3203 dignum
815 3128 878 3186 in
904 3126 1024 3186 fide
1050 3124 1402 3185 fiducialiter
1429 3121 1796 3198 postulantis,

1038 3287 1298 3352 Epilogus.

468 3410 613 3470 Dicit
639 3426 780 3482 ergo
825 3407 1115 3483 Propheta
1141 3406 1252 3463 sub
1280 3404 1473 3478 figura
1505 3401 1763 3476 cujusvis
1799 3417 1935 3476 per-

399 3522 558 3564 sonoe
596 3504 790 3562 fidelis
811 3545 831 3574 ,
871 3502 1174 3561 veritatem
1220 3498 1360 3556 fidei
1410 3497 1710 3556 catholicae
1752 3497 1938 3570 profl-

400 3600 568 3659 tentis
586 3642 606 3671 ,
655 3603 712 3656 et
747 3597 1056 3656 falsitatem
1098 3592 1402 3670 pravitatis
1430 3590 1724 3660 ,haereticae
1769 3590 1940 3648 refel-

397 3697 552 3765 lere,
578 3710 702 3753 non
726 3691 972 3767 propria
990 3732 1009 3761 ,
1039 3688 1147 3747 sed
1174 3687 1379 3746 divina
1404 3685 1614 3744 virtute
1634 3727 1654 3757 ,
1697 3684 1940 3742 sinceri-

284 3861 287 3868 >
401 3794 485 3847 ter
513 3788 779 3847 enitentis
810 3803 826 3842 ε
862 3786 1056 3843 Omnia
1081 3783 1340 3841 mandata
1373 3787 1468 3838 tua
1486 3823 1505 3851 ,
1549 3783 1837 3854 quantum
1860 3777 1942 3836 ad

401 3883 819 3942 mandatorum
840 3877 1280 3936 universitatem
1300 3873 1638 3933 difformem
1659 3893 1678 3946 3
1707 3875 1938 3944 Veritas,

405 3980 688 4052 quantum
736 3973 813 4031 ad
862 3971 1129 4049 ipsorum
1178 3968 1482 4026 veritatem
1537 3965 1938 4038 conformem3

402 4073 591 4142 Iniqui
614 4073 877 4142 persecuti
902 4071 1028 4125 sunt
1050 4081 1131 4123 me
1146 4106 1165 4135 ,
1189 4064 1480 4137 quantum
1504 4060 1584 4119 ad
1610 4058 1943 4118 infidelium

404 4163 785 4221 temeritatem
813 4159 1178 4230 deformem3
1231 4157 1445 4228 Adjuva
1487 4170 1569 4211 me
1590 4197 1605 4218 ,
1655 4155 1944 4227 quantum

392 4257 485 4328 ,ad
512 4256 901 4315 sinceritatem
928 4252 1198 4311 fidelium
1219 4249 1597 4308 deiformem.

946 4473 1274 4519 vmlcums
1306 4471 1404 4514 vn.

482 4640 570 4695 87.
593 4629 1435 4693 Paulominusconsummaverunt
1450 4641 1552 4698 me,
1570 4622 1948 4683 etc.Vidimus

411 4730 804 4791 fabulationes
829 4723 1109 4799 ’judaicas
1128 4764 1147 4793 ,
1191 4725 1247 4779 et
1288 4718 1684 4777 cavillationes
1724 4715 1950 4774 haereti-

415 4842 546 4898 ca5‚
594 4823 833 4881 duobus
875 4816 1148 4876 versibus
1194 4811 1511 4887 praemissis
1555 4813 1945 4885 praenotatas;

412 4919 723 4977 videamus
750 4908 1174 4970 stimulationes
1194 4907 1580 4976 extrinsecas,
1609 4903 1673 4961 in
1698 4917 1951 4979 praesen-

415 5012 485 5070 tis
502 5026 713 5069 *versus
748 5007 841 5066 bis
869 5003 1024 5063 binis
1068 5000 1439 5076 portionibus
1468 4997 1846 5068 subnotatas,
1888 4995 1952 5053 in

417 5104 635 5181 quibus
667 5099 927 5160 seriatim
961 5100 1166 5155 notare
1198 5109 1513 5170 possumus
1546 5091 1804 5149 hostium
1830 5089 1952 5147 ‘im-

416 5203 652 5276 petum,
679 5195 981 5254 incautum
1001 5188 1303 5266 spiritum,
1333 5190 1389 5245 et
1414 5201 1618 5244 casum
1654 5184 1949 5256 subitum,

486 5329 503 5364 ¹
530 5323 668 5376 Psal.
697 5330 889 5385 Lxxxv,
924 5320 1001 5369 ¹7.
1037 5343 1091 5353 —
1134 5315 1152 5347 ²
1177 5314 1315 5366 Psal.
1352 5324 1512 5375 xcm,
1551 5314 1628 5362 18.
1666 5337 1722 5349 -
1764 5311 1782 5341 ³
1821 5309 1951 5360 Psat.

423 5415 574 5465 mx,
611 5400 749 5447 6.-
781 5393 804 5428 ⁴
839 5395 855 5443 1
892 5390 1081 5451 Maeli„
1122 5399 1192 5452 lv,
1231 5389 1307 5438 51.
1337 5409 1400 5423 -
1439 5389 1457 5414 ·
1486 5384 1639 5445 Dan„
1672 5396 1759 5448 11,
1786 5383 1866 5434 24,
1895 5406 1955 5419 ..

2019 691 2303 746 tentantes
2321 690 2606 745 tentatum
2624 687 2986 762 praecipitant
2998 687 3059 746 in
3075 692 3405 781 peccamm‚
3416 704 3564 764 prae-

2020 784 2111 838 ter
2137 781 2345 853 mortis
2371 784 2620 839 reatum.

2534 941 2812 997 Articulus
2837 942 3069 1012 primus.

2094 1063 2330 1122 Hostilis
2355 1064 2609 1139 impetus
2636 1065 3020 1138 praesignatur
3046 1064 3301 1127 dicendo
3329 1085 3346 1125 t
3377 1070 3570 1127 Paulo·

2024 1162 2203 1215 minus
2228 1164 2743 1217 consummaverunt.
2788 1158 3169 1219 Paulominus
3195 1176 3571 1219 consumma·

2026 1268 2091 1310 re
2107 1294 2125 1324 ‚
2153 1255 2239 1309 est
2265 1251 2346 1310 ad
2367 1251 2828 1311 indeliberatum
2851 1252 3075 1326 peccati
3105 1269 3456 1312 consensum
3484 1254 3573 1312 in-

2030 1345 2284 1416 clinare3
2316 1360 2458 1403 nam
2484 1361 2592 1419 per
2615 1361 2973 1403 consensum
3003 1346 3396 1406 deliberatum
3424 1363 3571 1406 con·
3643 1353 3816 1403 ruo-u

2029 1441 2360 1501 summatur
2397 1442 2727 1512 peccatum.
2779 1438 2940 1496 Unde
2980 1439 3310 1497 notandum
3339 1482 3358 1513 ,
3405 1441 3571 1514 quod
3600 1428 3817 1529 ffb}

2031 1532 2258 1606 peceati
2288 1533 2719 1590 consummatio
2750 1532 3011 1590 consistit
3037 1532 3100 1591 in
3145 1533 3440 1605 ternario,
3490 1534 3572 1591 vi·
3611 1544 3806 1590 ummo

2034 1625 2251 1683 delicet
2276 1624 2338 1682 in
2363 1625 2608 1683 rationis
2635 1625 3014 1700 operatione,
3041 1625 3189 1698 juris
3220 1626 3569 1701 praejudica·
3601 1605 3816 1651 “mm“

2032 1718 2216 1790 tione,
2246 1723 2303 1776 et
2323 1717 2544 1790 judicis
2563 1717 3008 1790 indignatione:
3033 1734 3290 1793 quorum
3318 1720 3576 1793 primum

2034 1815 2259 1886 spectat
2310 1811 2391 1869 ad
2436 1815 2671 1880 actum,·
2713 1811 3043 1870 secundum
3060 1855 3080 1882 ,
3122 1812 3204 1870 ad
3246 1813 3573 1886 maculam3

2034 1905 2273 1964 tertium
2290 1945 2313 1976 ,
2343 1904 2424 1963 ad
2450 1910 2699 1964 reatum.
2738 1907 2815 1962 De
2842 1904 3072 1979 primo*
3098 1924 3115 1963 z
3143 1926 3171 1959 α
3189 1908 3577 1966 Consumma-

2036 2002 2251 2056 verunt
2277 1998 2480 2057 omnia
2507 2014 2718 2073 opera,
2752 2015 2885 2072 qum
2909 1998 3177 2058 fecerunt
3196 2019 3212 2058 :
3228 2021 3257 2057 ιο
3282 2016 3417 2060 ecce
3445 2017 3582 2059 con-

2037 2092 2496 2150 summationem
2533 2094 2826 2166 quantum
2851 2092 2932 2150 ad
2960 2094 3368 2167 operationem
3393 2136 3411 2166 ,
3441 2097 3581 2169 quia

2038 2185 2304 2260 profecto
2345 2190 2468 2244 tam
2512 2186 2849 2259 bonorum,
2882 2204 3066 2262 quam
3113 2191 3410 2250 malorum
3437 2207 3581 2250 con·

2039 2280 2356 2337 summatio
2387 2283 2473 2337 est
2495 2280 2763 2354 ipsorum
2792 2281 3080 2355 operatio.
3115 2286 3191 2341 De
3220 2284 3483 2343 secundo
3511 2285 3533 2319 ⁸
3565 2304 3580 2342 ε

2046 2394 2075 2427 «
2097 2374 2479 2449 Septuaginta
2503 2374 2918 2434 hebdomades
2944 2376 3305 2436 abbreviatae
3333 2381 3470 2436 sunt
3492 2395 3585 2436 su·

2038 2483 2149 2543 per
2189 2468 2486 2543 populum
2515 2471 2713 2535 tuum,
2765 2473 2822 2527 et
2855 2485 3034 2543 super
3075 2469 3282 2529 urbem
3322 2475 3586 2530 sanctam

2041 2568 2243 2634 tuam,
2276 2565 2338 2620 ut
2365 2568 2808 2622 consummetur
2847 2566 3250 2639 praevaricatio
3278 2609 3296 2636 ,
3326 2572 3384 2625 et
3401 2565 3587 2626 finem

2044 2656 2294 2731 accipiat
2318 2661 2649 2731 peccatum,
2672 2661 2730 2715 et
2756 2658 3020 2718 deleatur
3048 2660 3327 2735 iniquitas
3349 2680 3364 2719 :
3389 2681 3418 2716 n
3453 2678 3587 2720 eece

2043 2751 2268 2826 peccati
2293 2752 2868 2811 consummationem
2895 2770 3018 2828 per
3053 2755 3203 2828 juris
3240 2756 3586 2829 praevarica-

2044 2844 2297 2915 tionem,
2337 2845 2477 2916 justi
2503 2846 3091 2919 praejudicationem,
3136 2853 3194 2906 et
3236 2849 3590 2921 injustorum

2042 2937 2539 3010 justificationem.
2572 2942 2650 2997 De
2680 2940 2887 2998 tertio⁸
2918 2960 2932 2999 ε
2971 2962 3000 2995 «
3028 2942 3234 3001 Adhuc
3251 2943 3589 3018 paululum,

2044 3031 2470 3108 modicumque
2503 3045 2524 3104 ,·
2588 3037 2645 3091 et
2698 3036 3209 3094 consummabitur
3260 3037 3591 3110 indignatio

2047 3142 2217 3199 mea,
2258 3125 2425 3185 furor
2460 3142 2631 3186 meus
2657 3144 2837 3202 super
2878 3129 3070 3190 scelus
3106 3146 3313 3191 eorum
3348 3151 3364 3190 ε
3395 3153 3425 3189 ιο
3458 3147 3592 3191 ecce

2045 3220 2270 3295 peccati
2311 3222 2699 3280 consummati
2707 3238 2883 3281 onem
2921 3240 3028 3298 per
3059 3224 3280 3297 jndicis
3315 3224 3593 3300 indigna·-

2052 3314 2296 3374 tionem.

2521 3389 2806 3446 Articulus
2842 3390 3119 3448 secundus.

2125 3508 2395 3563 incautus
2419 3505 2658 3581 spiritus
2692 3507 3042 3582 assignatur,
3071 3509 3441 3583 adjiciendo:
3471 3514 3591 3584 He,
3633 3567 3636 3568 γ

2050 3598 2116 3656 id
2143 3602 2260 3671 est,
2292 3598 2561 3671 spiritum
2587 3616 2790 3659 meum
2819 3602 2971 3662 intra
3001 3619 3118 3662 me.
3150 3607 3216 3661 Et
3242 3605 3593 3676 notandum,

2053 3691 2222 3766 quod
2259 3691 2644 3766 paulominus
2671 3696 3070 3755 consummari
3111 3696 3394 3770 contingit
3425 3698 3597 3772 spiri-

2050 3789 2178 3842 tum
2203 3801 2313 3860 per
2343 3785 2697 3845 incautelam
2725 3789 3176 3860 conturbatum,
3211 3789 3597 3864 flagellatum,

2051 3883 2415 3952 protractum
2443 3899 2457 3937 ε
2489 3880 2592 3954 qui
2620 3882 3003 3942 conturbatur
3029 3885 3375 3958 nescienter,
3398 3886 3600 3959 flagel-

2052 3970 2209 4030 latur
2245 3972 2605 4045 ignoranter,
2641 3976 3002 4048 protrahitur
3031 3977 3464 4050 insensibiliter,
3491 3995 3599 4036 seu

2053 4066 2615 4140 imperceptibiliter.
2647 4071 2724 4125 De
2751 4068 2947 4142 primo
2972 4072 3032 4126 ⁷:
3069 4089 3098 4125 α
3124 4071 3371 4143 Nescivi,
3398 4073 3598 4132 anima

2054 4174 2191 4216 mea
2237 4159 2610 4218 conturbavit
2647 4177 2743 4218 me
2788 4165 3034 4237 propter
3072 4163 3397 4239 quadrigas
3437 4167 3598 4225 Ami-

2053 4251 2256 4310 nadab
2286 4270 2300 4310 :
2347 4272 2376 4307 »
2410 4269 2544 4311 ecce
2578 4255 2948 4314 conturbatio
2987 4257 3322 4330 nescientis,
3358 4265 3601 4335 propter

2055 4346 2347 4420 impetum
2393 4347 2880 4422 concupiscentia
2917 4349 3268 4424 popularis:
3312 4368 3420 4426 per
3455 4370 3602 4429 qua-

2058 4437 2257 4511 drigas
2300 4439 2460 4498 enim
2499 4444 2738 4499 notatur
2788 4441 3191 4516 impetuositas
3203 4463 3225 4518 3
3269 4444 3600 4505 Aminadab
3653 4453 3829 4499 Amin·-

2058 4534 2257 4590 autem
2285 4532 2700 4606 interpretatur
2733 4555 2761 4590 α
2793 4535 3002 4609 populi
3036 4537 3157 4595 mei
3184 4540 3599 4613 concupiscen—
3627 4515 3734 4560 ω’·

2058 4624 2160 4698 tia,
2180 4626 2279 4683 vel
2299 4626 2592 4685 voluntas.
2625 4648 2654 4683 »
2681 4631 2758 4686 De
2783 4629 3046 4688 secundo
3072 4630 3414 4692 scribitur⁸z
3439 4653 3469 4687 α
3491 4633 3604 4693 Ad·
3688 4682 3694 4689 .

2058 4734 2298 4776 versum
2325 4735 2420 4778 me
2448 4719 2623 4780 laetati
2650 4725 2807 4793 sunt,
2829 4725 2886 4780 et
2914 4729 3335 4798 convenerunt,
3361 4742 3606 4800 congre-

2060 4814 2200 4883 gata
2227 4816 2362 4870 sunt
2388 4829 2567 4887 super
2595 4830 2691 4871 me
2718 4814 2976 4887 flagella,
2995 4822 3053 4874 et
3077 4817 3385 4891 ignoravi:
3413 4842 3443 4873 n
3470 4836 3606 4880 ecce

2061 4904 2382 4977 flagellatio
2423 4905 2767 4979 ignorantis.
2809 4911 2884 4967 De
2929 4910 3097 4969 tertio
3126 4914 3182 4969 ⁹:
3227 4929 3258 4967 α
3290 4915 3610 4972 Traxerunt

2062 5015 2192 5070 me,
2232 5004 2290 5057 et
2329 5015 2441 5074 ego
2488 5015 2612 5058 non
2652 5001 2845 5060 sensi:
2887 5022 2916 5058 ιο
2949 5019 3083 5062 ecce
3123 5008 3441 5079 protractio
3485 5022 3611 5065 non

2063 5093 2395 5166 sentientis,
2440 5093 2590 5154 sicut
2622 5096 2838 5155 accidit
2869 5114 2977 5173 per
3010 5097 3400 5173 improvisam
3425 5103 3610 5161 tenta·

2065 5186 2290 5245 tionem
2318 5189 2659 5248 conturbari
2686 5189 3192 5266 imaginationem,
3211 5191 3498 5267 flagellari
3526 5193 3614 5254 af-

2064 5312 2086 5346 0
2113 5313 2230 5373 Im„
2259 5324 2313 5378 x,
2343 5317 2420 5364 25.
2446 5341 2499 5350 -
2533 5316 2549 5345 ²
2586 5315 2753 5379 Cant„
2785 5328 2876 5381 vn,
2909 5322 2984 5372 11.
3011 5344 3075 5356 -
3105 5321 3124 5351 ⁸
3153 5320 3291 5372 Psal.
3321 5333 3503 5387 xxxiv,
3532 5326 3611 5374 ¹5.

2068 5411 2129 5423 —
2159 5386 2178 5415 ⁹
2207 5385 2375 5451 Pron„
2405 5398 2561 5449 xxm,
2590 5390 2666 5441 35.
2703 5414 2764 5428 -
2792 5389 2859 5455 (a)
2887 5389 3006 5455 [κς.
3037 5405 3271 5457 corpore.
