4196 6294
753 433 871 496 344
1789 459 2205 532 EXPOSITIO
2247 471 2329 538 IN
2370 474 2897 560 PSALTERIUM.

719 1326 913 1387 studia
930 1333 1160 1393 terrena
1183 1339 1450 1411 agitant?
1470 1346 1549 1403 De
1568 1351 1832 1409 secundo
1853 1356 1914 1413 ¹:
1942 1376 1970 1410 α
1991 1359 2265 1420 Commo·
2368 1369 2591 1445 rend03
2619 1382 2669 1433 et
2696 1396 2804 1438 non
2830 1388 3124 1453 abscondas
3156 1401 3313 1459 illam
3338 1409 3436 1464 sub
3464 1412 3652 1485 lapide
3713 1419 3780 1478 id
3806 1431 3890 1483 est

3667 1458 3687 1487 9

2237 1489 2262 1499 -
2366 1457 2607 1535 lapideo
2645 1476 2855 1550 corde,
2884 1497 2988 1543 eor
3022 1492 3190 1549 tuum
3230 1500 3401 1570 quasi
3439 1502 3706 1578 lapidem
3731 1513 3908 1576 indu-

2363 1557 2585 1633 rand03
2624 1567 2684 1623 in
2721 1575 3116 1656 perditionem,
3157 1586 3223 1644 id
3270 1595 3395 1665 est,
3439 1597 3624 1660 vitam
3669 1605 3904 1671 beatam

2201 2431 2226 2445 -
2333 2411 2467 2464 sunt
2492 2410 2744 2476 nimium
2768 2421 3069 2491 fructuosa
3098 2452 3113 2491 ε
3158 2440 3320 2499 unde
3355 2462 3468 2519 pro
3495 2468 3605 2511 sua
3628 2462 3874 2531 praecel·
3902 2466 4064 2515 divim

2329 2496 2510 2560 lentia
2537 2505 2813 2574 dicuntur
2851 2521 2981 2594 via,
3009 2529 3259 2605 veritas,
3296 2539 3418 2598 vita
3446 2561 3463 2599 ε
3494 2546 3626 2620 via,
3658 2554 3876 2617 scilicet

2326 2590 2387 2649 in
2414 2600 2668 2668 patriam
2717 2623 2828 2667 nos
2875 2617 3205 2698 reducens;
3241 2632 3486 2709 veritas,
3513 2641 3577 2701 in
3619 2649 3870 2718 patriam

2195 2726 2216 2754 ,
2324 2698 2434 2745 nos
2462 2695 2801 2760 conducens
2817 2724 2837 2778 3
2867 2708 3020 2782 vita,
3051 2714 3114 2775 in
3140 2724 3394 2794 patriam
3419 2747 3531 2791 nos
3557 2736 3864 2806 inducens

2322 2781 2402 2838 De
2454 2801 2650 2859 primo
2700 2795 2722 2829 ⁸
2778 2817 2793 2854 ε
2848 2821 2876 2855 α
2929 2804 3096 2868 Viam
3149 2819 3573 2886 mandatorum
3627 2838 3860 2899 tuorum

2320 2880 2549 2938 cucurri
2579 2900 2595 2939 :
2639 2906 2666 2939 »ι
2712 2903 2847 2951 ecce
2879 2898 3021 2969 quia
3052 2908 3337 2972 mandata
3372 2925 3508 2979 sunt
3544 2924 3663 2985 via.
3705 2931 3859 2992 Hanc

2304 3350 2447 3421 quia
2463 3352 2717 3421 lucentia
2739 3366 2886 3428 sicut
2905 3375 3140 3452 veritaS,
3161 3385 3304 3457 quia
3318 3389 3592 3457 ducentia
3608 3417 3716 3476 per
3726 3357 3846 3480 jus:

2047 3439 2057 3450 ‘
2102 3440 2113 3453 ·
2172 3461 2187 3499 :
2299 3443 2437 3503 titioe
2462 3453 2718 3515 semitas.
2741 3460 2819 3519 De
2842 3466 3012 3527 tertio
3034 3469 3112 3531 ¹⁰:
3138 3478 3310 3538 «Scio
3333 3486 3478 3558 quia
3497 3496 3842 3562 mandatum

641 3493 765 3550 Non
793 3497 1085 3559 abscondas
1120 3521 1156 3560 a
1180 3522 1262 3565 me
1294 3527 1309 3566 :
1342 3526 1411 3568 ae
1449 3514 1498 3571 si
1527 3515 1746 3578 diceret
1772 3532 1972 3600 aperte
2013 3550 2028 3588 ε
2058 3537 2189 3594 Non

639 3585 972 3650 abscondas
1001 3599 1101 3654 tua
1137 3615 1174 3657 a
1199 3617 1324 3675 me,
1362 3607 1464 3680 qui
1492 3624 1617 3667 non
1645 3614 1952 3682 abscondo
1985 3642 2120 3687 mea
2149 3646 2186 3688 a

395 3680 499 3723 Tri·
518 3695 608 3728 non
637 3684 711 3739 te.
758 3685 825 3740 Et
866 3693 1027 3762 nota,
1071 3696 1237 3767 quod
1284 3699 1396 3757 tria
1440 3706 1679 3777 praecise
1723 3711 2011 3776 debemus
2057 3738 2182 3783 non

391 3746 605 3853 ζζξζᾶζξζ
633 3775 1030 3856 abscondere,
1073 3803 1210 3847 cum
1238 3800 1645 3867 opportunitas
1685 3803 1749 3863 id
1784 3809 2018 3872 videtur
2056 3818 2179 3875 exi-

392 3874 465 3918 αι.
630 3884 766 3941 gere
799 3890 814 3929 ε
847 3878 912 3932 ut
944 3882 1087 3952 puta
1114 3883 1397 3955 justinam
1426 3890 1750 3958 immissam
1770 3945 1790 3973 ,
1830 3904 2176 3980 injustitiam

606 4724 904 4783 conterere
930 4729 1194 4790 radicem
1224 4735 1517 4809 injustitiae
1544 4746 1607 4803 in
1634 4756 1980 4818 mortariolo
2009 4780 2150 4822 oon-

602 4812 874 4887 scientioe,
896 4823 1007 4881 nisi
1034 4830 1146 4884 tuae
1166 4830 1386 4904 pistillo
1405 4838 1679 4909 justitiae?
1701 4849 1779 4905 De
1799 4857 2061 4917 seeundo
2081 4863 2104 4897 ⁶
2127 4883 2141 4916 :

607 4924 636 4956 «
678 4909 963 4974 Delictum
996 4936 1200 4980 meum
1241 4931 1545 5001 cognitum
1582 4937 1689 4996 tibi
1728 4941 1879 5019 feci,
1928 4969 1958 5003 ιο
1998 4956 2142 5026 etc.,

599 5003 769 5071 quasi
798 5005 1054 5070 diceret:
1094 5018 1307 5078 Notum
1332 5022 1443 5081 feci
1474 5027 1753 5093 delictum
1781 5042 2140 5119 omissionis,

593 5106 704 5150 nec
749 5096 1038 5163 abscondi
1082 5107 1425 5182 injustitiam
1463 5127 1915 5207 commissioniS,
1958 5156 2031 5199 ne
2072 5146 2137 5203 tu

592 5185 925 5252 abscondas
980 5201 1230 5272 gratiam
1281 5212 1642 5277 remissionis
1700 5241 1715 5280 ε
1776 5242 1902 5288 non
1956 5233 2135 5298 debet

656 5312 669 5344 ¹
700 5314 817 5380 lsa„
846 5331 991 5388 unt,
1020 5328 1099 5379 20.
1128 5356 1191 5368 —
1222 5332 1241 5363 ²
1265 5335 1411 5403 ibid„
1448 5344 1523 5393 19.
1556 5370 1619 5385 --
1649 5348 1672 5384 ⁸
1700 5350 1828 5404 ibid.
1856 5379 1920 5396 --
1945 5359 1969 5395 ⁸
1998 5361 2131 5413 ibid.

584 5407 648 5422 -·-
682 5383 706 5419 ⁸
736 5385 872 5442 psal.
902 5405 1085 5464 xxxtx,
1121 5408 1196 5456 u.
1236 5431 1290 5444 -·
1323 5410 1343 5441 ‘
1371 5412 1504 5467 Psal.
1545 5429 1688 5487 ΠΗ,
1731 5427 1777 5476 5.
1807 5451 1871 5467 —-
1895 5430 1919 5465 ⁷
1947 5432 2127 5498 [ἰὴ-[ιζ.

2298 3539 2425 3611 ejus
2450 3544 2571 3605 vita
2610 3555 2827 3615 aeterna
2856 3566 2970 3634 est,
3003 3586 3032 3620 n
3064 3570 3287 3632 scilicet
3313 3586 3623 3647 causaliter
3654 3611 3670 3649 :
3699 3611 3839 3657 nam

2295 3637 2643 3701 mandatum
2683 3654 2767 3706 est
2804 3668 2981 3715 causa
3018 3661 3148 3721 vitae
3187 3674 3449 3746 aeternae,
3491 3696 3600 3740 nec
3638 3689 3836 3752 solum

2290 3730 2610 3809 meritoria,
2642 3742 2749 3799 sed
2767 3749 2823 3802 et
2850 3747 3295 3834 introductoria,
3324 3767 3555 3833 dicente
3581 3780 3832 3846 Domino

2288 3818 2352 3877 in
2398 3827 2613 3888 eodem
2650 3838 2839 3911 capite
2869 3843 2907 3879 ¹¹
2944 3862 2960 3902 ε
3003 3866 3030 3902 α
3055 3851 3111 3908 Si
3141 3856 3232 3913 vis
3263 3860 3342 3918 ad
3370 3864 3548 3927 vitam
3575 3871 3830 3950 ingredi,

2287 3932 2457 3979 serva
2483 3931 2786 3994 mandata.
2827 3957 2857 3992 ι)

2248 5151 2651 5218 delectationis
2659 5204 2680 5235 ‚
2711 5177 2980 5243 respectu
3018 5177 3262 5243 internae
3308 5188 3791 5276 illuminationis,

2243 5252 2510 5320 respectu
2536 5257 2851 5322 meritorias
2871 5268 3138 5348 actionis,
3160 5278 3310 5339 sicut
3333 5290 3494 5358 patet
3509 5288 3573 5349 in
3598 5293 3791 5357 tribus

2239 5382 2388 5438 xnx,
2421 5380 2496 5432 ¹3.
2518 5407 2581 5420 —
2606 5384 2629 5420 ⁸
2654 5386 2793 5440 Psal.
2812 5391 2934 5456 hoc,
2957 5400 3036 5449 32.
3057 5426 3121 5439 -—
3148 5406 3168 5435 ⁹
3198 5406 3344 5475 thid„
3363 5415 3440 5464 86.
3464 5442 3524 5457 —
3559 5421 3599 5457 ¹⁰
3615 5422 3784 5491 loun„

2238 5455 2334 5508 ιιι,
2369 5449 2447 5501 5⁰.
2481 5475 2533 5490 -—
2570 5455 2606 5488 ¹¹
2637 5457 2746 5510 imo
2776 5462 2979 5531 Manli„
3010 5483 3123 5536 xix,
3152 5477 3228 5528 Π.
