4196 6294
1602 470 1968 538 PSALMUS
2013 471 2273 538 CXVIII.

338 617 620 672 oeternam
654 609 1127 688 permanentiam
1140 654 1161 677 ,
1203 612 1492 684 quantum
1531 609 1611 667 ad
1655 612 1897 666 natura-

339 706 460 766 lem
489 706 877 765 existentiam.
922 708 1000 764 De
1050 704 1312 763 secunda
1352 703 1495 761 dicit
1538 702 1806 761 Psalmus
1832 701 1897 759 in

338 808 503 875 parte
532 802 644 860 ista
680 820 694 859 ε
725 805 792 859 In
819 805 1098 873 aeternum,
1139 803 1245 856 etc.
1280 801 1423 855 Ecce
1452 801 1731 869 aeternam
1756 812 1894 870 per-

341 896 735 969 manentiam,
778 898 1066 970 quantum
1114 894 1193 951 ad
1231 892 1605 966 corporalem
1643 891 1892 948 influen-

342 990 506 1048 tiam.
537 994 615 1049 De
634 989 806 1049 tertia
825 987 1116 1059 scribitur,
1140 987 1478 1045 ubidicitur
1496 1000 1533 1043 a
1558 984 1810 1042 Domino
1841 984 1890 1040 ¹:

350 1103 379 1138 α
416 1087 545 1142 Non
569 1083 942 1159 permanebit
979 1081 1215 1157 spiritus
1255 1097 1424 1139 meus
1453 1080 1514 1137 in
1542 1078 1784 1137 homine
1831 1077 1896 1136 in

343 1184 650 1250 aeternum,
685 1179 826 1253 quia
861 1193 998 1235 caro
1026 1179 1145 1250 est3
1185 1198 1213 1228 »
1248 1191 1317 1233 ac
1346 1175 1396 1231 si
1425 1174 1685 1233 diceret:
1720 1172 1898 1247 Spiri-

345 1274 518 1331 tualis
564 1272 753 1345 gratia
807 1287 930 1329 non
975 1269 1349 1347 permanebit
1394 1269 1455 1326 in
1497 1272 1780 1327 oeternum
1833 1266 1929 1345 in>

345 1367 589 1425 homine
624 1365 966 1424 ambulante
996 1364 1324 1423 secundum
1359 1379 1633 1436 carnem,
1675 1360 1782 1420 sed
1833 1360 1897 1419 in

347 1462 687 1520 ambulante
735 1459 1064 1519 secundum
1110 1458 1379 1534 spiritum
1410 1479 1423 1516 :
1456 1461 1896 1516 ecce‘aeternam

346 1555 850 1630 permanentiam,
888 1558 1177 1629 quantum
1221 1552 1301 1610 ad
1353 1552 1721 1626 spiritualem
1767 1566 1899 1624 gra-

349 1650 514 1709 tiam.

999 1721 1253 1787 Epilogus

420 1841 741 1899 Ostendens
769 1854 912 1911 ergo
936 1837 1226 1912 Propheta
1252 1852 1375 1894 non
1399 1852 1524 1893 esse
1549 1835 1899 1893 defectivam

349 1935 695 2007 bonitatem,
759 1950 892 2008 quae
958 1936 1151 2007 potest
1205 1931 1527 2005 inquietare
1582 1931 1901 1988 maximam

350 2028 711 2094 firmitatem,
758 2027 883 2084 ait:
916 2030 1160 2099 Domine,
1202 2030 1492 2100 quantum
1530 2025 1607 2082 ad
1666 2026 1900 2084 bonita-

350 2129 470 2182 tem
534 2120 898 2180 dominicam
966 2120 1354 2194 imperantem
1367 2139 1385 2192 3
1449 2121 1676 2177 Verbum
1728 2125 1902 2191 tuum,

352 2220 641 2292 quantum
671 2216 751 2273 ad
796 2218 1028 2273 motum
1082 2213 1357 2272 divinitus
1413 2213 1806 2287 imperatum3
1836 2216 1903 2270 In

352 2314 496 2384 coelo,
528 2313 820 2386 quantum
875 2308 954 2366 ad
991 2308 1330 2365 firmitatem
1386 2307 1655 2365 coelicam
1697 2296 1903 2366 obser-

353 2410 587 2465 vantem
597 2426 616 2479 3
649 2406 1009 2462 Permanetin
1029 2408 1301 2475 oeternum,
1333 2406 1622 2476 quantum
1662 2401 1744 2460 ad
1768 2417 1901 2459 mo-

355 2504 479 2559 tum
509 2500 741 2559 coelitus
770 2500 1175 2558 observatum.
1478 2515 1486 2525 ·

915 2722 1246 2767 vlmslcutus
1287 2724 1344 2765 X.

436 2882 523 2938 90.
538 2883 570 2938 1
572 2896 606 2935 n
620 2881 1011 2952 uenerationem
1024 2880 1096 2954 (a)
1109 2883 1158 2936 et
1167 2879 1768 2951 qenerationemveritas
1789 2882 1903 2948 tua,

366 2977 474 3031 etc.
501 2975 739 3046 Magnus
760 2972 1038 3031 bonitatis
1060 2972 1296 3031 effectus
1323 2970 1651 3046 claruitper
1667 2986 1907 3028 versum

367 3068 674 3141 praevium,
691 3068 910 3127 scilicet
922 3068 1265 3143 inquietatio
1288 3067 1562 3125 maximoe
1585 3066 1903 3139 firmitatis;

369 3179 477 3221 nec
503 3164 699 3240 minor
731 3164 995 3222 clarescit
1015 3180 1122 3238 per
1148 3164 1346 3237 istum,
1376 3163 1653 3221 videlicet
1679 3164 1908 3238 quieta·

367 3258 448 3317 tio
471 3258 744 3316 maximoe
771 3257 1145 3316 infirmitatis,
1177 3258 1330 3327 Quid
1359 3258 1519 3316 enim
1564 3262 1716 3316 statu
1744 3258 1910 3332 quie-

367 3352 521 3411 tius?
548 3353 701 3423 Quid
723 3353 931 3410 infimo
959 3353 1252 3411 elemento
1283 3346 1768 3410 infirmius‘INam
1790 3352 1909 3411 ele-

366 3452 563 3506 menta
635 3453 857 3522 quanto
930 3446 1230 3518 ulteriora,
1294 3450 1456 3504 tanto
1538 3445 1864 3504 infirmiora
1887 3466 1906 3519 3

369 3540 590 3616 quippe
610 3541 757 3598 sicut
789 3540 1111 3599 humiliora
1137 3544 1270 3598 sunt
1298 3539 1530 3612 ordine,
1554 3540 1638 3598 sic
1665 3539 1911 3598 exiliora

367 3642 502 3695 sunt
521 3637 714 3712 specie
771 3641 828 3695 et
866 3637 1095 3694 virtute.
1154 3635 1332 3708 Hujus
1376 3639 1574 3692 autem
1626 3634 1908 3710 quietatio

368 3730 641 3789 elementi
670 3729 1003 3788 declaratur
1046 3729 1108 3786 in
1136 3746 1309 3786 versu
1335 3728 1625 3804 praesenti,
1656 3729 1800 3804 quia
1817 3746 1909 3789 re-

366 3840 511 3883 vera
526 3824 762 3883 bonitas
784 3839 1020 3881 summa
1045 3824 1195 3881 sicut
1221 3827 1346 3881 erat
1385 3823 1713 3897 praestitura
1758 3823 1911 3881 fina—

368 3917 519 3991 liter,
545 3934 653 3993 per
680 3918 848 3976 verbi
875 3917 1172 3989 virtutem,
1214 3916 1517 3990 terrigenae
1557 3917 1910 3977 humanitati

368 4012 637 4084 salutem,
661 4012 744 4069 sic
768 4012 1030 4086 praestitit
1048 4011 1530 4086 primordialiter,
1563 4027 1670 4087 per
1695 4011 1909 4070 verita-

370 4107 441 4162 tis
485 4105 881 4179 stabilitatem,
936 4109 1179 4164 terrenae
1240 4104 1563 4164 infirmitati
1625 4105 1907 4180 quietem,

370 4205 659 4274 quatenus
683 4217 719 4259 a
738 4199 950 4258 mundi
976 4199 1305 4274 primordio
1329 4199 1708 4258 subrutilaret
1724 4199 1909 4275 ipsius

370 4293 821 4352 consummatio.
850 4293 1134 4364 Quocirca
1161 4293 1222 4351 iu
1248 4297 1414 4368 parte
1449 4293 1559 4352 ista
1606 4292 1909 4351 denotavit

367 4387 672 4446 Psalmista
698 4387 952 4446 veritatis
994 4387 1389 4458 stabilitatem,
1442 4390 1501 4445 et
1552 4386 1908 4446 infirmitatis

368 4482 647 4556 quietem.
676 4483 771 4540 Est
796 4485 993 4540 autem
1010 4482 1269 4540 veritatis
1287 4480 1457 4541 verbi
1475 4481 1655 4553 testis,
1683 4481 1905 4540 stabili·

367 4579 455 4634 tas
467 4575 719 4650 virtutis,
745 4575 1057 4634 infirmitas
1075 4575 1476 4648 humanitatiS,
1495 4575 1663 4650 quies
1680 4576 1902 4636 salutis.

864 4734 1149 4791 Articulus
1177 4737 1407 4808 primus.

437 4861 659 4920 Veritas
685 4859 863 4934 igitur
887 4860 1119 4936 liquido
1155 4861 1433 4938 aperitur,
1477 4879 1613 4920 cum
1644 4862 1857 4922 dicitur
1886 4880 1903 4921 ε

368 4959 435 5013 In
461 4958 853 5029 uenerationem
895 4953 964 5030 (b)
999 4960 1046 5013 et
1075 4960 1472 5028 generationem
1522 4961 1723 5015 veritas
1770 4964 1867 5015 tua
1884 4976 1903 5031 3

369 5053 538 5126 quasi
566 5052 724 5111 dicat
751 5069 766 5109 :
794 5050 1014 5110 Veritas
1051 5067 1088 5109 a
1119 5055 1173 5108 te
1203 5051 1400 5125 genita
1441 5058 1556 5125 est,
1594 5051 1907 5111 stabilitate

365 5149 650 5221 perpetua
671 5146 946 5205 stabilita.
977 5150 1043 5204 Et
1070 5149 1211 5205 nota
1235 5147 1408 5223 quod
1428 5146 1556 5206 hoec
1584 5151 1671 5205 est
1697 5147 1906 5207 veritas

434 5298 452 5332 ¹
484 5296 625 5362 Gen„
656 5309 728 5362 vx,
763 5301 812 5349 3.
845 5325 898 5336 -
924 5299 944 5329 ²
967 5299 1131 5354 Joan..
1168 5308 1308 5361 xvu,
1340 5299 1416 5349 ιἹ.
1449 5325 1503 5336 -
1542 5298 1562 5329 ⁸
1591 5298 1721 5352 Psal.
1752 5310 1906 5363 cxrv,

368 5366 416 5416 Ἰ.
456 5395 511 5404 -
551 5371 569 5400 ⁴
610 5371 675 5420 ιιι
717 5369 893 5435 Eadm,
931 5382 1024 5435 ιιι,
1066 5372 1154 5431 12,
1191 5370 1283 5421 sed
1318 5369 1453 5421 inter
1492 5371 1813 5436 apocrypha,
1849 5375 1908 5423 ut

367 5451 604 5504 sequena.
632 5467 693 5479 —
728 5441 750 5475 ⁸
780 5443 848 5492 ιιι
883 5442 1055 5506 Eadm,
1096 5453 1167 5507 iv,
1196 5443 1274 5494 36.
1302 5468 1365 5479 -
1396 5442 1417 5477 ⁸
1444 5443 1565 5506 lsa„
1596 5453 1789 5503 xnvm,
1825 5446 1901 5494 13.

679 5549 832 5599 ToU.
873 5551 965 5600 11.

3431 478 3549 541 433

2008 624 2043 666 a
2066 612 2231 667 Patre
2261 609 2419 668 dicta
2436 629 2454 683 3
2483 610 2591 667 sed
2618 624 2742 667 non
2785 608 3008 681 relicta,
3056 611 3271 670 veritas
3309 611 3549 674 invicta,

2007 705 2221 761 veritas
2244 703 2576 763 benedicta.
2601 703 2815 762 Dicitur
2841 704 3023 776 enim,
3039 705 3182 778 quia
3200 709 3514 780 generatur
3527 724 3547 779 3

2006 812 2128 853 non
2156 797 2524 873 relinquitur,
2556 798 2697 873 quia
2723 814 2847 855 non
2890 802 3193 872 separatur
3208 818 3227 872 3
3267 815 3390 858 non
3416 801 3550 858 vin-

2008 892 2174 963 citur,
2207 892 2349 964 quia
2374 907 2499 951 non
2526 895 2953 965 commutatur3
2984 891 3373 967 benedicitur,
3408 895 3551 969 quia

2008 984 2497 1044 communicatur.
2531 989 2607 1043 De
2635 986 2830 1061 primo
2858 988 2880 1020 ²
2912 1005 2925 1043 ε
2955 1005 2982 1039 α
3010 988 3213 1045 Sermo
3241 992 3374 1045 tuus
3399 989 3551 1046 veri-

2007 1081 2094 1135 tas
2125 1082 2212 1135 est
2242 1097 2256 1135 :
2287 1100 2316 1135 ι)
2353 1096 2488 1138 ecce
2516 1080 2730 1137 verItas
2759 1079 2936 1138 dicta.
2985 1083 3059 1138 De
3103 1081 3366 1142 secundo
3415 1082 3555 1140 dici·

2008 1174 2103 1230 tur
2127 1188 2236 1246 per
2260 1174 2794 1248 psalmographum
2822 1177 2844 1210 ⁸
2879 1194 2892 1232 :
2925 1194 2954 1228 α
2985 1175 3094 1244 Qui
3123 1176 3380 1235 custodit
3403 1177 3555 1235 veri-

2006 1270 2185 1325 tatem
2214 1268 2278 1326 in
2300 1270 2581 1327 saeculum
2610 1287 2624 1325 ε
2656 1289 2686 1324 n
2721 1285 2854 1327 ecce
2900 1269 3109 1329 veritas
3151 1287 3277 1329 non
3328 1271 3552 1330 relicta.

2007 1364 2086 1421 De
2106 1362 2273 1421 tertio
2297 1360 2320 1397 ⁴
2349 1383 2363 1421 ε
2400 1383 2429 1417 «
2456 1365 2641 1437 Super
2660 1362 2862 1421 omnia
2882 1362 3064 1422 vincit
3086 1364 3304 1424 veritas
3321 1387 3339 1423 .·
3368 1386 3397 1422 »
3419 1383 3554 1426 ecce

2008 1456 2223 1515 veritas
2249 1457 2486 1516 invicta.
2518 1461 2595 1516 De
2631 1461 2843 1532 quarto
2866 1458 2926 1515 ⁵:
2963 1478 2993 1513 α
3020 1458 3220 1518 Omnis
3263 1465 3417 1520 terra
3463 1462 3556 1519 in·

2009 1555 2185 1610 vocat
2218 1551 2525 1610 veritatem
2534 1572 2553 1625 3
2606 1552 2821 1610 coelum
2858 1552 3036 1611 etiam
3078 1554 3269 1628 ipsam
3308 1554 3554 1614 benedi-

2010 1645 2121 1705 cit:
2143 1667 2171 1700 »
2207 1661 2341 1704 ecce
2369 1646 2580 1705 veritas
2605 1646 2937 1706 benedicta.

2490 1804 2774 1861 Articulus
2801 1805 3083 1863 secundus.

2082 1929 2378 1987 Stabilitas
2396 1930 2772 2003 subauditur,
2800 1948 2938 1990 cum
2969 1932 3181 1990 dicitur
3212 1950 3226 1990 ε
3258 1933 3525 1992 Fundani
3538 1953 3557 2008 3

2013 2023 2184 2097 quasi
2213 2023 2371 2082 dicat
2397 2042 2412 2081 :
2452 2023 2609 2083 Sicut
2663 2026 2898 2101 sapiens
2953 2026 3299 2086 architectus
3351 2026 3561 2085 funda-

2012 2123 2277 2177 mentum
2306 2120 2555 2194 posuisti
2587 2121 2892 2180 veritatem
2940 2126 3126 2196 mam,
3170 2127 3236 2182 ut
3280 2124 3562 2182 fundares

2012 2216 2229 2272 terram
2276 2230 2455 2289 super
2509 2214 2885 2274 stabilitatem
2934 2233 3127 2275 suam.
3177 2220 3351 2275 Terra
3396 2234 3562 2276 nam-

2015 2324 2133 2382 que
2157 2325 2309 2383 pura
2336 2325 2460 2367 non
2484 2312 2572 2368 est
2596 2310 2842 2382 stabiliS,
2873 2327 3010 2368 cum
3029 2310 3103 2368 sit
3127 2310 3323 2385 pulvis
3354 2330 3368 2368 :
3399 2315 3561 2371 unde

2015 2406 2168 2461 terra
2189 2420 2342 2477 pura
2363 2403 2516 2478 lapis
2542 2420 2665 2462 non
2678 2404 2765 2477 fit,
2785 2404 2935 2462 sicut
2952 2404 3016 2462 in
3035 2404 3191 2462 libro
3209 2406 3563 2464 Meteororum

2014 2496 2406 2571 Philosophus
2432 2498 2642 2573 inquit.
2693 2502 2759 2558 Et
2783 2502 2944 2572 nota,
2981 2498 3151 2573 quod
3191 2502 3408 2558 terram
3431 2499 3563 2558 fun-

2016 2590 2180 2649 davit
2227 2591 2508 2650 Dominus
2560 2592 2881 2667 tripliciter,
2936 2592 3213 2651 videlicet
3268 2597 3562 2669 potenter,

2016 2686 2330 2760 sapienter,
2383 2686 2630 2745 latenter
2660 2686 2874 2762 :plane
2927 2691 3217 2762 potenter,
3275 2689 3563 2763 quoniam

2016 2779 2277 2838 stabilire
2304 2780 2724 2853 infirmitatem,
2779 2786 2864 2839 est
2921 2783 3231 2857 potentiae3
3276 2783 3566 2857 sapienter

2018 2889 2283 2948 quoque,
2323 2874 2611 2949 quoniam
2662 2891 2771 2949 per
2817 2875 3128 2934 veritatem
3178 2876 3438 2936 stabilire
3480 2880 3567 2935 est

2017 2967 2319 3042 sapientioe
2333 2987 2352 3041 3
2408 2969 2656 3028 latenter
2705 2971 2922 3041 autem,
2965 2970 3119 3044 -quia
3160 2971 3564 3030 causalitatem

2017 3063 2315 3136 invenire,
2375 3079 2500 3121 non
2578 3067 2665 3122 est
2716 3064 2991 3122 humanoe
3045 3065 3438 3140 perspicaciae.
3488 3069 3566 3125 De

2018 3159 2213 3233 primo
2242 3161 2265 3195 ⁶
2297 3179 2311 3217 :
2340 3180 2369 3213 α
2394 3163 2597 3220 Manus
2622 3175 2759 3218 mea
2784 3159 3056 3217 fundavit
3081 3162 3335 3219 terram:
3367 3182 3394 3217 π
3429 3177 3565 3220 ecce

2016 3252 2312 3311 fundandi
2360 3253 2643 3328 potentia.
2702 3257 2779 3312 De
2828 3254 3092 3313 secundo
3121 3256 3144 3290 '¹
3176 3274 3190 3312 ε
3229 3275 3257 3308 α
3283 3255 3566 3314 Dominus

2019 3347 2306 3422 sapientia
2326 3347 2601 3406 fundavit
2626 3354 2841 3406 terram
2876 3366 2940 3406 ε»
2975 3365 3108 3407 ecce
3146 3347 3439 3408 fundandi
3471 3365 3564 3408 sa-

2016 3440 2257 3516 pientia.
2288 3443 2366 3500 De
2387 3442 2556 3500 tertio
2600 3442 2880 3516 quaeritur
2901 3444 2923 3478 ⁸
2956 3460 2970 3500 ε
3006 3464 3035 3498 α
3065 3443 3313 3513 Quando
3354 3441 3566 3502 funda-

2017 3535 2193 3594 batur
2213 3536 2276 3610 (c)
2294 3536 2484 3611 pulvis
2500 3537 2564 3595 in
2582 3540 2734 3596 terra
2747 3541 2777 3594 ?
2792 3558 2820 3592 n
2846 3553 2980 3597 ecce
2997 3537 3290 3597 fundandi
3300 3538 3561 3600 latentia.

2525 3697 2812 3754 Articulus
2841 3701 3050 3756 tertius.

2088 3819 2400 3879 Infirmitas
2463 3819 2826 3895 intelligitur,
2909 3838 3047 3880 cum
3124 3821 3557 3885 introducitur:

2022 3919 2188 3974 Terra
2202 3935 2221 3989 3
2259 3915 2399 3990 quia
2452 3917 2608 3973 terra
2660 3920 2745 3973 est
2792 3915 3148 3975 elementum
3201 3918 3476 3978 infimum
3504 3926 3561 3980 et

2017 4010 2354 4083 infirmum3
2385 4012 2443 4066 et
2468 4012 2692 4083 quanto
2721 4008 2984 4084 inferius,
3030 4015 3191 4070 tanto
3244 4012 3552 4072 infirmius.

2016 4109 2082 4163 Et
2101 4108 2264 4176 nota,
2280 4103 2449 4180 quod
2478 4107 2632 4162 terra
2659 4103 2873 4163 dicitur
2916 4105 3046 4163 aliis
3073 4106 3374 4166 elementis
3399 4109 3560 4167 infir·
3624 4138 3762 4181 'rem

2015 4200 2171 4258 mior
2192 4201 2434 4274 propter
2448 4197 2560 4257 tria
2592 4217 2607 4256 ε
2637 4199 2778 4274 quia
2800 4200 3104 4259 actualiter
3125 4201 3387 4277 inanior3
3416 4203 3559 4279 quia
3585 4205 3797 4273 ΨΜ·-

2014 4293 2403 4369 possibilitate
2447 4293 2719 4369 plenior3
2768 4294 2908 4370 quia
2959 4295 3231 4355 nihilitati
3282 4298 3553 4358 vicinior.
3602 4264 3774 4370 22:¹3

2018 4391 2258 4463 Propter
2283 4387 2545 4462 primum
2591 4392 2679 4446 est
2714 4387 2911 4446 minus
2947 4389 3136 4448 activa
3145 4408 3165 4462 3
3202 4396 3445 4467 propter
3473 4408 3557 4451 se·
3617 4388 3750 4495 ἐξεζ-

2014 4483 2300 4555 cundum,
2327 4481 2517 4555 magis
2551 4482 2823 4556 passiva3
2881 4487 3122 4558 propter
3164 4485 3418 4559 tertium,
3469 4486 3553 4543 ci-

2015 4577 2129 4636 tius
2159 4576 2463 4649 defectiva,
2495 4593 2679 4651 quam
2704 4577 2822 4635 alia
2862 4576 3171 4638 elementa.
3202 4582 3330 4639 Haec
3352 4583 3553 4639 autem

2014 4672 2298 4745 intellige,
2319 4676 2592 4730 manente
2607 4670 2782 4746 parili
2802 4672 3142 4746 quantitate.
3172 4676 3251 4731 De
3277 4674 3550 4749 primm:

2022 4789 2049 4822 α
2074 4771 2247 4826 Terra
2273 4771 2396 4825 erat
2420 4765 2613 4825 inanis
2632 4768 2690 4824 et
2715 4782 2924 4840 vacua,
2954 4787 2983 4822 π
3026 4767 3259 4842 supple,
3302 4784 3410 4842 per
3435 4784 3554 4828 res-

2014 4865 2250 4937 pectum
2279 4875 2280 4878 ’
2304 4860 2382 4919 ad
2427 4859 2547 4919 alia
2591 4859 2881 4919 elementa
2895 4879 2915 4934 3
2972 4860 3259 4935 quoniam
3312 4861 3554 4921 illorum

2013 4959 2279 5030 respectu
2305 4957 2460 5012 terra
2488 4957 2576 5012 est
2607 4953 2840 5013 inanior
2886 4954 3104 5029 specie,
3144 4954 3267 5013 sive
3292 4960 3444 5015 actu.
3476 4960 3555 5016 De

2014 5049 2280 5108 secundo
2311 5051 2356 5086 ¹⁰
2387 5068 2402 5106 :
2431 5067 2458 5102 α
2484 5048 2696 5123 Aspexi
2722 5051 2959 5120 terram,
2980 5051 3037 5108 et
3062 5065 3197 5108 ecce
3216 5066 3407 5110 vacua
3433 5055 3558 5113 erat

2013 5232 2073 5245 —
2095 5205 2118 5241 “¹
2146 5207 2310 5268 Prov„
2340 5216 2424 5266 111,
2455 5205 2530 5255 19.
2556 5229 2618 5242 —
2644 5204 2667 5239 ⁸
2691 5201 2800 5266 Iob,
2829 5215 3066 5269 xxxvnl,
3094 5205 3173 5256 38.
3195 5229 3258 5243 ·-
3286 5206 3308 5238 ⁶
3337 5204 3479 5270 Gen„
3514 5220 3554 5271 ι,

2014 5282 2063 5330 2.
2086 5306 2151 5317 —
2180 5281 2216 5310 ¹·
2240 5280 2540 5343 Jerem.,1v,
2568 5281 2650 5330 2³.

2078 5369 2144 5434 (a)
2172 5370 2297 5420 caet.
2325 5369 2445 5419 edit.
2475 5370 2809 5432 ymen-atione.
2839 5394 2892 5405 —-
2926 5368 2991 5435 (ὁ)
3029 5370 3180 5432 Item,
3210 5372 3265 5420 ut
3296 5371 3472 5424 mod0.
3492 5399 3552 5411 —

2015 5442 2079 5507 (c)
2109 5441 2259 5505 vulg.
2287 5439 2608 5505 fundebatur.

3156 5536 3236 5598 28
