4196 6294
699 465 819 526 ns

1742 455 2151 525 EXPOSITIO
2194 456 2274 523 IN
2316 456 2839 524 PSALTERIUM.

697 596 989 657 inu-unito
1014 611 1091 655 ne
1117 595 1319 656 tradas
1341 609 1459 654 me.
1486 613 1517 651 n
1541 584 1722 668 nujus
1739 607 1919 654 causa
1939 591 2240 667 petitionis
2336 594 2646 667 justiam,
2695 596 2984 668 quantum
3036 592 3114 652 ad
3167 577 3498 666 profectum
3552 585 3886 667 operandi3

698 694 784 749 est
839 689 1101 749 formido
1152 687 1458 748 rationalis
1523 685 1869 746 aversionis.
1928 689 2009 746 De
2072 687 2238 746 tertio

696 783 971 845 scribitur
1013 799 1052 842 a
1090 778 1553 857 psalmographo
1574 783 1592 818 ¹
1641 798 1657 838 ι
1719 800 1751 836 ι
1792 784 1873 840 Ne
1913 779 2092 841 simul
2121 784 2237 841 tra·

697 879 803 938 das
827 878 904 953 (a)
932 893 1032 936 me
1060 893 1196 936 cum
1223 874 1634 952 peccatoribus
1651 916 1671 947 ‚
1710 879 1767 933 et
1809 890 1947 933 cum
1975 890 2235 950 opereu-

694 973 854 1032 tibus
884 971 1252 1048 iniquitatem
1278 984 1353 1028 ne
1388 969 1603 1044 perdas
1637 984 1754 1027 me.
1784 989 1814 1025 ιο
1842 969 2024 1042 Hujus
2057 984 2241 1027 causa

694 1065 992 1142 petitionis
1009 1108 1030 1139 ,
1058 1068 1145 1124 est
1185 1062 1446 1123 formido
1472 1062 1818 1136 gehennalis
1860 1061 2239 1123 animadver-

697 1176 882 1221 mom
1190 1230 1474 1288 Articulus
1503 1233 1750 1304 quartus.

769 1346 1031 1408 Defectus
1053 1346 1376 1423 superandi
1398 1344 1787 1405 subscribitur
1806 1360 1914 1421 per
1929 1344 2046 1404 hoc
2062 1345 2241 1421 scrip·

696 1446 825 1502 tum
853 1459 869 1499 z
902 1442 1368 1500 Galunmimztibus
1391 1456 1504 1513 me,
1532 1439 1704 1515 quasi
1730 1454 2007 1514 superare
2034 1439 2237 1499 valen·

696 1536 853 1595 tibus
901 1550 1026 1594 non
1079 1534 1377 1593 valentem
1430 1550 1729 1608 superare.
1784 1532 1948 1593 Tales
2006 1533 2236 1592 calum·

696 1631 954 1690 uiatores
991 1634 1129 1689 suut
1173 1629 1585 1704 poenitentium
1629 1629 2014 1690 subversores
2029 1668 2051 1700 ,
2091 1628 2242 1688 sicut

697 1726 952 1802 AEgyptii
998 1726 1378 1784 Hebraeorum
1429 1722 1743 1781 infantium
1791 1724 2235 1797 submersores3

694 1824 793 1883 vel
831 1821 1239 1897 incipientium
1281 1834 1682 1894 perversores,
1720 1818 1884 1877 velut
1922 1819 2238 1879 Herodiani

696 1917 1086 1993 parvulorum
1114 1912 1512 1973 innocentium
1547 1916 1970 1987 peremptores.
2004 1915 2070 1971 Et
2095 1917 2241 1973 nota

695 2011 809 2070 tria
844 2010 1000 2069 circa
1038 2008 1463 2067 calumniantes
1494 2005 1824 2077 maleficia:
1860 2005 2078 2065 scilicet
2113 2008 2239 2065 cul-

693 2120 837 2181 pam
862 2102 1257 2174 inferentium,
1278 2115 1519 2175 poenam
1546 2098 1972 2170 sufferentium,
1998 2099 2238 2159 ruinam

694 2196 1062 2258 audientium
1100 2214 1116 2254 ;
1152 2211 1286 2269 quae
1309 2196 1586 2252 curantur
1622 2209 1731 2268 per
1770 2193 1883 2251 tria
1909 2193 2237 2267 beneficia,

691 2292 968 2351 videlicet
993 2306 1102 2365 per
1126 2288 1613 2348 interventionem
1627 2328 1648 2360 ,
1676 2286 2153 2359 subventionem,
2179 2292 2241 2348 et

695 2384 924 2445 consilii
960 2382 1360 2442 convenientis
1374 2380 1893 2439 adinventionem.
1924 2381 1981 2439 Si
2009 2380 2098 2438 vis
2125 2382 2237 2440 ita·

695 2496 814 2555 que
840 2478 1218 2538 inferentium
1240 2476 1567 2535 calumnias
1591 2475 1833 2550 culpam
1865 2490 2101 2547 curare,
2130 2474 2237 2533 de-

694 2575 803 2642 bes,
853 2571 1204 2631 intervenire
1214 2589 1235 2644 3
1283 2571 1334 2627 si
1388 2570 1478 2627 vis
1534 2569 1938 2629 sufferentium
1989 2584 2236 2643 poenam

695 2683 902 2728 curare
921 2708 943 2740 ,
988 2666 1173 2725 debes
1219 2665 1574 2736 subvenire3
1626 2665 1677 2721 si
1728 2664 1819 2722 vis
1866 2663 2237 2723 audientium

694 2762 931 2821 minam
975 2776 1183 2819 curare
1204 2802 1225 2833 ,
1282 2760 1467 2819 debes
1520 2757 1834 2818 consilium
1878 2757 2239 2818 conveniens

694 2853 1059 2915 adinvenire.
1103 2858 1182 2913 De
1224 2853 1421 2927 primo
1447 2855 1470 2889 ²
1515 2871 1530 2908 ε
1585 2872 1616 2907 α
1654 2853 1822 2910 Orate
1848 2867 1960 2926 pro
2005 2851 2236 2910 calum·

691 2949 993 3008 niantibus
1029 2963 1181 3006 vos:
1209 2966 1243 3003 s
1273 2962 1409 3005 ecce
1445 2945 1804 3006 beneficium
1840 2945 2238 3005 intervenien-

689 3043 843 3101 tium
866 3043 1073 3101 contra
1100 3040 1340 3116 culpam
1364 3039 1754 3100 inferentium.
1777 3041 1857 3098 De
1882 3038 2146 3098 secundo
2169 3042 2231 3097 ⁸2

696 3156 725 3191 α
752 3134 946 3197 Eruite
963 3136 1024 3194 vi
1044 3151 1396 3211 oppressum
1421 3135 1498 3194 de
1523 3151 1709 3193 manu
1730 3133 2144 3193 calumniantis
2164 3152 2180 3192 ε
2198 3153 2231 3190 ι

692 3248 829 3291 ecce
855 3231 1214 3291 beneficium
1250 3230 1725 3290 subvenientium
1753 3232 1959 3287 contra
1994 3244 2235 3303 poenam

691 3325 1118 3385 sufferentium.
1146 3328 1223 3383 De
1251 3324 1423 3384 tertio
1447 3326 1469 3361 ⁸
1500 3343 1516 3381 ε
1560 3343 1590 3378 ι
1628 3323 1726 3380 Vir
1760 3337 1992 3396 pauper
2017 3322 2236 3380 calum-

690 3423 862 3481 nians
885 3436 1209 3496 pauperes,
1237 3420 1444 3478 similis
1474 3424 1560 3479 est
1584 3419 1763 3478 imbri
1789 3419 2145 3491 vehementi,
2172 3420 2235 3477 in

694 3534 817 3593 quo
871 3521 1116 3589 paratur
1168 3515 1375 3574 fames.
1446 3534 1476 3572 w
1532 3513 1673 3586 Quis
1724 3517 1810 3573 est
1861 3513 1953 3571 vir
2005 3529 2236 3589 pauper

692 3610 1060 3671 calumnians
1104 3624 1430 3683 pauperes,
1473 3607 1585 3665 nisi
1629 3607 1721 3666 vir
1762 3610 2029 3682 apostata
2072 3607 2234 3667 viros

692 3703 1061 3763 calumnians
1108 3702 1454 3775 regulares?
1503 3701 1604 3759 llic
1657 3700 1865 3758 similis
1915 3707 2002 3760 est
2054 3700 2234 3759 imbri

692 3796 1027 3858 vehementi
1073 3794 1506 3856 calumniarum
1557 3795 1824 3869 pluviam
1868 3795 2233 3857 effundendo

692 3893 758 3951 iu
802 3889 1102 3950 audientia
1135 3888 1400 3948 saeculari
1422 3908 1440 3945 ε
1491 3888 1555 3947 in
1581 3905 1703 3963 quo
1732 3888 1918 3948 fames
1960 3893 2231 3965 paratur,

694 3984 839 4061 quia
864 3984 1013 4043 dum
1045 3983 1232 4058 pietas
1267 3982 1634 4043 saecularium
1675 3983 2021 4056 obturatur,
2047 3984 2233 4043 fames

693 4078 1059 4152 regularium
1099 4079 1486 4152 procuratur;
1538 4076 1646 4134 sed
1687 4076 2043 4136 conveniens
2090 4093 2233 4136 con·

694 4172 894 4231 silium
961 4172 1258 4230 invenitur
1281 4212 1298 4242 ,
1355 4171 1406 4228 si
1457 4170 1634 4229 stulto
1687 4171 2009 4229 secundum
2062 4187 2235 4230 suam

694 4265 998 4326 stultitiam
1047 4266 1437 4340 respondetur
1456 4304 1480 4335 ,
1525 4264 1781 4325 dicendo
1800 4307 1820 4336 ,
1872 4265 2160 4339 quoniam
2212 4270 2234 4305 ⁸

702 4379 731 4416 α
750 4358 937 4422 homo
969 4362 1257 4435 apostata,
1282 4359 1376 4417 vir
1396 4358 1636 4430 inutilis,
1657 4377 1686 4413 ι)
1727 4360 1815 4416 est
1843 4357 2232 4419 incredibilis.

696 4456 811 4512 Nec
837 4452 1114 4523 dubium,
1141 4452 1309 4528 quod
1334 4451 1432 4511 ille
1454 4468 1561 4527 per
1586 4451 1951 4511 calumniam
1977 4453 2172 4512 audiri
2197 4469 2236 4513 a

694 4548 973 4624 proximo
1031 4561 1155 4606 non
1207 4548 1464 4605 meretur
1481 4589 1501 4620 ,
1559 4546 1663 4621 qui
1714 4561 1823 4619 per
1877 4549 2233 4622 apostasiam

696 4642 930 4701 mentiri
957 4640 1209 4701 Domino
1236 4656 1362 4699 non
1387 4642 1623 4721 veretur
1665 4657 1681 4697 ε
1711 4654 1847 4698 ecce
1872 4641 2234 4701 beneficium

695 4735 1200 4796 adinvenientium
1225 4738 1431 4794 contra
1450 4732 1688 4793 ruinam
1712 4734 2098 4794 audientium.

1334 4896 1597 4963 Epilogus.

766 5021 856 5080 Ait
877 5030 1024 5093 ergo
1043 5017 1355 5094 Propheta,
1381 5019 1663 5094 tanquam
1680 5035 1936 5095 persona
1960 5021 2234 5080 nondum

697 5113 780 5173 ad
811 5113 1099 5189 aequitatis
1121 5111 1545 5187 perfectionem
1585 5116 1901 5187 provecta:
1930 5117 2054 5173 Feci
2074 5116 2234 5187 judi-

699 5209 873 5277 cium,
921 5211 1212 5282 quantum
1242 5205 1326 5266 ad
1359 5205 1689 5282 profectum
1724 5208 2133 5284 deliberandi3
2159 5211 2233 5268 Et

760 5335 781 5371 ¹
804 5333 935 5387 Psal.
964 5346 1132 5400 nvn,
1166 5338 1214 5387 3.
1246 5362 1304 5377 --
1328 5333 1349 5367 ²
1369 5336 1507 5400 Luc„
1535 5347 1610 5397 vr,
1644 5337 1724 5387 28.
1751 5362 1813 5375 -
1839 5335 1863 5372 ⁸
1883 5338 2091 5401 Jerem„
2122 5347 2232 5402 ιιι,

701 5408 778 5458 12.
799 5431 862 5445 —
888 5407 911 5443 δ
934 5407 1102 5473 Ρνου.,
1128 5417 1317 5473 xxvm,
1346 5408 1396 5459 3.
1422 5433 1485 5447 -
1510 5408 1533 5445 ⁸
1558 5407 1731 5472 Prov„
1758 5417 1829 5473 vx,
1858 5409 1936 5459 ¹2.
1964 5433 2021 5448 -
2053 5409 2073 5441 ⁸
2095 5406 2231 5460 trel.

2345 703 2451 745 non
2478 687 2662 745 tradas
2682 703 2785 759 me,
2815 690 3104 761 quantum
3128 686 3210 745 ad
3234 684 3530 745 defectum
3552 684 3885 759 tolerandi3

2349 781 2818 841 Calumniontibus
2843 796 2944 847 me,
2974 783 3266 855 quantum
3285 780 3365 839 ad
3392 779 3688 839 defectum
3713 795 3887 854 supe-

2344 874 2538 934 randi.

2903 1020 3235 1064 vtufflcums
3270 1022 3328 1063 Χ.

2424 1165 2546 1221 122.
2568 1162 2792 1234 Suscipe
2817 1176 3026 1219 servum
3054 1164 3228 1232 tuum,
3248 1163 3355 1218 etc.
3376 1159 3533 1217 Sicut
3550 1159 3884 1218 audivimus

2345 1270 2454 1331 per
2479 1270 2718 1314 versum
2735 1254 3167 1330 praecedentem
3185 1252 3689 1312 adolescentulam
3708 1254 3883 1327 oequi·

2346 1352 2526 1409 tatem
2553 1349 2879 1408 calumnias
2926 1351 3314 1422 expaventem
3332 1390 3352 1419 ,
3381 1348 3465 1405 sic
3504 1346 3708 1405 audire
3745 1363 3881 1420 pos-

2345 1459 2550 1502 sumus
2616 1458 2727 1517 per
2790 1446 3133 1520 praesentem
3199 1442 3391 1515 ipsam
3461 1440 3882 1499 calumniantes

2345 1537 2596 1613 provide
2643 1539 3102 1610 praecaventem3
3148 1535 3292 1610 quia
3334 1535 3625 1609 Propheta
3669 1534 3773 1592 tali
3818 1550 3879 1593 se

2347 1646 2828 1690 commensurans
2854 1630 3005 1688 aetati
3024 1672 3044 1701 ,
3075 1628 3179 1688 tali
3219 1644 3281 1686 se
3319 1628 3674 1687 collimitans
3699 1628 3881 1703 tequi-

2344 1726 2467 1799 tati,
2510 1724 2657 1800 petit
2694 1723 2984 1800 acceptari
3037 1739 3213 1781 suum
3266 1722 3568 1780 servitium
3619 1725 3883 1796 respectu

2345 1820 2647 1878 bonorum
2687 1817 3105 1893 operabilium,
3152 1831 3277 1875 non
3329 1816 3629 1876 malorum
3672 1815 3882 1874 tolera-

2344 1913 2598 1972 bilium:
2644 1911 2930 1986 quoniam
2978 1911 3094 1969 hoc
3131 1909 3433 1969 servitium
3483 1910 3686 1984 facile,
3734 1909 3883 1968 illud

2346 2006 2586 2065 difficile
2600 2026 2620 2075 3
2652 2006 2769 2064 hoc
2795 2005 2948 2064 aetati
2980 2022 3099 2064 suae
3134 2003 3479 2078 comparile,
3507 2004 3662 2063 illud
3688 2003 3881 2080 dispa-

2342 2103 2452 2161 rile
2483 2121 2498 2160 2
2542 2101 2807 2160 scribens
2842 2101 2922 2160 ita
2953 2119 2968 2158 ε
3011 2103 3267 2172 suscipe,
3309 2104 3458 2171 etc.3
3490 2099 3662 2174 quasi
3689 2099 3879 2157 dicat:

2344 2199 2424 2257 Sit
2449 2197 2557 2256 tibi
2584 2197 2829 2257 servitus
2857 2195 3258 2271 acceptabiIiS,
3289 2194 3550 2267 humilis,
3577 2194 3798 2265 hilariS,
3825 2198 3884 2252 et

2345 2293 2646 2353 rationalis
2678 2311 2693 2349 t
2722 2309 2857 2351 ecce
2894 2296 3151 2368 quatuor
3196 2291 3563 2349 conditiones
3606 2291 3880 2363 moraleS,

2346 2388 2677 2446 secundum
2728 2386 2975 2446 totidem
3030 2385 3531 2445 considerationes
3581 2385 3839 2443 causales
3858 2404 3877 2456 3

2344 2481 2618 2541 videlicet
2643 2480 2866 2539 servitii
2892 2479 3353 2556 acceptabilitaS,
3379 2479 3700 2552 humilitaS,
3734 2479 3879 2537 bila-

2344 2576 2484 2635 ritas
2498 2617 2519 2648 ‚
2567 2574 3043 2633 rationabilitas:
3099 2590 3356 2649 quarum
3406 2574 3604 2648 prima
3653 2572 3883 2646 respicit

2346 2686 2587 2729 causam
2623 2668 2902 2740 finalem3
2933 2668 3196 2726 secunda
3222 2683 3463 2726 causam
3491 2668 3875 2740 efficientem3

2344 2763 2512 2823 tertia
2537 2779 2779 2822 causam
2804 2762 3117 2821 formalem
3139 2781 3157 2835 3
3190 2763 3403 2836 quarta
3426 2776 3672 2821 causam
3694 2765 3875 2820 mate-

2342 2857 2572 2917 rialem.
2797 2853 2802 2858 ’

2839 2927 3127 2985 Anicetus
3156 2930 3388 3000 primus.

2416 3043 2859 3120 Acceptabilitas
2913 3045 3302 3118 praenotatur,
3365 3058 3504 3101 cum
3562 3043 3829 3102 scribitur
3858 3062 3874 3102 :

2342 3140 2561 3215 Suscips
2584 3157 2606 3198 .·
2646 3138 2796 3198 illud
2840 3154 3101 3213 namque
3147 3138 3363 3213 suscipi
3413 3137 3630 3197 dicitur
3649 3182 3667 3211 ,
3715 3138 3875 3213 quod

2343 3240 2576 3310 gratum
2622 3238 2679 3294 et
2724 3237 3031 3308 acceptum
3073 3232 3345 3291 habetur.
3389 3232 3555 3290 Unde
3601 3232 3875 3291 Dominus

2341 3329 2480 3387 illos
2513 3327 2780 3402 suscipit,
2812 3341 2964 3400 quos
2990 3325 3104 3383 sibi
3148 3327 3347 3398 gratos
3378 3328 3437 3383 et
3461 3329 3732 3400 acceptos
3753 3325 3876 3384 effi-

2344 3423 2440 3482 cit.
2498 3422 2597 3480 llic
2649 3420 2983 3481 notandum
3006 3461 3025 3492 ,
3085 3419 3255 3494 quod
3308 3418 3591 3478 Dominus
3642 3420 3877 3494 suscipit

2342 3514 2761 3574 multifariam:
2784 3513 3074 3588 quosdam
3098 3528 3203 3588 per
3221 3512 3470 3585 gratiam
3495 3512 3871 3583 initiativam3

2344 3609 2641 3684 quosdam
2671 3623 2778 3682 per
2825 3607 3075 3681 gratiam
3116 3605 3555 3680 provectivam3
3586 3606 3878 3681 quosdam

2341 3718 2451 3779 per
2479 3702 2730 3776 gratiam
2755 3700 3156 3775 perfectivam.
3191 3700 3385 3758 Primo
3410 3699 3616 3770 1modo
3643 3701 3878 3775 suscipit

2343 3796 2574 3857 bonum
2600 3794 3029 3866 desiderantes;
3055 3792 3318 3851 secundo
3330 3834 3350 3865 ,
3375 3793 3609 3852 bonum
3630 3809 3876 3868 operan-

2343 3898 2430 3952 tes
2446 3910 2465 3964 3
2495 3894 2700 3962 tertio,
2728 3890 2956 3949 malum
2994 3891 3056 3948 in
3093 3891 3257 3949 bono
3288 3894 3651 3964 superantes.
3689 3890 3877 3949 Prima

2345 3985 2639 4060 susceptio
2661 3984 3022 4058 significatur
3036 3983 3100 4042 in
3128 3984 3235 4043 illo
3255 3984 3441 4042 verbo
3459 3984 3803 4059 prophetico
3819 3985 3869 4041 ⁶:

2352 4100 2382 4135 α
2406 4079 2668 4154 Suscepit
2709 4095 2811 4137 eos
2856 4078 2932 4137 de
2972 4077 3073 4136 via
3115 4077 3435 4152 iniquitatis
3479 4093 3709 4136 eorum.
3738 4098 3766 4133 n
3797 4079 3877 4136 lta

2343 4174 2738 4249 suscipiuntur
2764 4174 3113 4248 poenitentes
3146 4172 3377 4230 malum
3413 4171 3760 4231 detestantes
3774 4213 3794 4243 ‚
3820 4175 3875 4229 et

2342 4269 2574 4327 bonum
2631 4267 3048 4327 desiderantes
3086 4266 3355 4326 Secunda
3390 4266 3681 4341 susceptio
3727 4265 3873 4324 desi·

2343 4365 2556 4435 gnatur
2580 4405 2602 4435 ,
2638 4361 2746 4421 ubi
2784 4361 2996 4420 dicitur
3047 4360 3122 4418 de
3174 4359 3546 4433 adjutoribus
3598 4358 3781 4419 David
3809 4362 3870 4415 ¹¹:

2351 4474 2381 4509 α
2417 4455 2679 4532 Suscepit
2725 4471 2827 4514 eos
2875 4453 3061 4513 David
3077 4496 3096 4526 ,
3148 4456 3206 4512 et
3249 4453 3541 4513 constituit
3586 4453 3875 4529 principes

2343 4554 2597 4609 turmae:
2642 4569 2671 4605 s
2719 4549 2781 4608 hi
2834 4550 2970 4606 sunt
3022 4548 3254 4607 bonum
3307 4552 3640 4622 operantes.
3693 4546 3876 4606 Tertia

2344 4643 2637 4720 susceptio
2692 4644 3069 4716 consignatur
3095 4643 3117 4678 ⁸
3161 4660 3176 4699 ε
3222 4658 3251 4695 α
3295 4641 3554 4716 Suscepit
3601 4641 3873 4699 Dominus

2343 4738 2555 4797 faciem
2592 4737 2702 4795 Job
2733 4754 2749 4794 ε
2779 4758 2808 4790 »ι
2842 4752 2948 4811 per
2993 4750 3177 4811 quam
3226 4736 3505 4793 notantur
3546 4735 3773 4794 malum
3813 4735 3875 4791 in

2343 4833 2506 4892 bono
2535 4832 2897 4905 superantes.

2813 4990 3096 5047 Articulus
3131 4987 3409 5047 secundus.

2415 5114 2717 5177 numilitas
2743 5115 3121 5185 subnotatur,
3151 5130 3287 5173 cum
3314 5112 3587 5172 subditur
3620 5114 3877 5173 :sewun

2343 5218 2493 5271 tim
2512 5252 2535 5284 ,
2575 5214 2861 5285 quantum
2903 5210 2985 5269 ad
3027 5209 3252 5269 humile
3298 5208 3620 5267 servitium.
3667 5210 3879 5267 Servus

2344 5332 2459 5385 cvr,
2504 5322 2578 5371 Π.
2616 5344 2680 5357 -
2716 5320 2734 5351 ⁷
2775 5322 2794 5370 Ι
2839 5318 3085 5386 paralip„
3122 5330 3229 5382 ιιι,
3264 5320 3339 5370 ¹8.
3373 5344 3428 5354 —
3453 5318 3477 5353 ⁸
3521 5317 3633 5381 lob,
3673 5328 3789 5382 xm,
3826 5320 3877 5368 9.

2411 5403 2478 5467 (α)
2513 5400 2657 5466 Vutq.
2682 5400 2872 5455 stabas.
