4196 6294
730 586 909 645 terius
936 588 1022 644 est
1045 584 1352 644 rationalis
1379 582 1687 659 appetitus.
1719 575 2061 640 sicutenim
2086 578 2272 639 homo

733 679 987 739 exterior
1016 695 1084 737 os
1112 679 1365 739 exterius
1392 678 1580 753 aperit
1606 676 1685 735 ad
1712 675 1797 749 id,
1829 675 1998 750 quod
2027 674 2274 750 appetit,

731 774 814 833 sic
840 775 1025 832 homo
1052 774 1297 832 interior
1322 790 1389 832 os
1415 771 1654 830 interius
1678 769 1866 845 aperit
1890 768 1969 828 ad
1992 769 2077 843 id,
2106 767 2276 844 quod

732 868 971 943 appetit.
1000 871 1068 928 Et
1093 872 1255 941 nota,
1281 867 1447 943 quod
1477 883 1544 926 os
1569 865 1811 923 interius
1838 863 2066 939 aperire
2097 863 2276 921 debe-

731 979 865 1019 mus
900 980 914 1020 :
963 962 1044 1020 ad
1080 962 1430 1036 sapientiam
1473 958 1874 1031 inferendam3
1916 958 1995 1017 ad
2039 958 2275 1032 sapien-

730 1056 875 1114 tiam
909 1055 1313 1129 referendam3
1342 1071 1466 1114 non
1503 1055 1585 1113 ad
1630 1053 2029 1129 insipientiam
2070 1051 2273 1126 prote-

714 1149 980 1225 rendam
1013 1168 1028 1206 ι
1059 1154 1262 1209 contra
1288 1149 1748 1221 murmuriosoS,
1778 1151 1984 1206 contra
2020 1145 2274 1205 incurio-

729 1259 857 1316 sos,
897 1247 1100 1302 contra
1144 1243 1482 1317 injuriosos
1528 1246 1605 1301 De
1650 1241 1847 1318 primo
1887 1244 1907 1278 ¹
1947 1258 1962 1298 ε
2003 1259 2031 1295 «
2057 1240 2275 1314 Aperui

730 1353 798 1395 os
826 1352 1060 1408 meum,
1101 1340 1160 1395 et
1188 1336 1407 1396 cibavit
1439 1353 1536 1395 me
1577 1335 1886 1395 volumine
1918 1354 1987 1393 ε»
2016 1334 2100 1392 sic
2129 1350 2274 1409 ape-

728 1429 876 1489 ritur
929 1446 998 1489 os
1051 1434 1256 1489 contra
1310 1428 1739 1489 murmuriosos
1785 1428 2084 1504 sapientiai
2126 1428 2274 1487 infe-

727 1523 949 1583 rendoe.
987 1527 1065 1582 De
1100 1525 1364 1583 secundo
1406 1524 1713 1599 psallimus
1743 1524 1766 1559 ²
1795 1541 1812 1580 ε
1848 1542 1876 1576 α
1902 1522 2177 1598 Aper-iam
2211 1522 2275 1580 in

725 1618 1031 1693 parabolis
1079 1635 1146 1677 os
1194 1635 1426 1692 meum;
1470 1639 1500 1674 u
1540 1617 1624 1675 sic
1665 1618 1925 1692 aperitur
1963 1633 2032 1675 os
2069 1619 2275 1676 contra

728 1714 1058 1773 incuriosos
1085 1713 1384 1789 sapientioe
1417 1711 1764 1771 referendae.
1796 1716 1874 1771 De
1913 1714 2079 1771 tertio
2122 1713 2275 1787 psal-

727 1808 914 1866 lentes
947 1806 1200 1865 dicimus
1229 1808 1253 1843 ⁸
1281 1825 1296 1865 ε
1332 1824 1362 1861 α
1388 1806 1700 1880 obmutui,
1731 1811 1788 1865 et
1819 1821 1943 1866 non
1972 1806 2178 1880 aperui
2207 1822 2274 1865 os

728 1917 960 1974 meum3
995 1923 1023 1953 ιι
1054 1901 1139 1959 sic
1166 1915 1291 1960 non
1318 1901 1580 1975 aperitur
1608 1917 1677 1960 os
1715 1904 1921 1960 contra
1956 1899 2274 1973 injuriosos

729 1994 1075 2071 insipienti&
1102 1993 1491 2071 proferendas.

1206 2155 1482 2211 Aniculae
1517 2153 1796 2211 secundus.

800 2280 1239 2337 Demonstratur
1265 2278 1470 2353 utique
1497 2276 1903 2351 magisterium
1940 2276 2266 2352 spirituale,

730 2388 868 2429 cum
910 2370 1149 2431 additur
1187 2388 1204 2429 t
1252 2376 1324 2430 Et
1364 2375 1582 2430 attraxi
1624 2373 1903 2445 spiritum.
1952 2372 2019 2428 Ut
2070 2373 2269 2428 autem

728 2465 935 2524 videas
972 2465 1188 2525 clarius
1222 2469 1531 2526 attractum
1567 2465 1743 2540 hujus
1779 2464 2048 2540 spirituS,
2087 2464 2272 2522 debes

731 2559 1229 2633 animadvertere,
1260 2560 1428 2636 quod
1467 2562 1553 2619 est
1592 2559 1828 2635 spiritus
1872 2558 2273 2633 intelligentiae

731 2656 1142 2729 incorporatus
1175 2654 1451 2714 hnmanae
1480 2657 1788 2727 creaturae,
1819 2657 1875 2713 et
1910 2659 1996 2713 est
2033 2654 2274 2728 spiritus

730 2750 1129 2824 intelligentiae
1189 2750 1601 2826 incorporatus
1665 2750 1881 2808 divinae
1945 2749 2268 2825 scripturae.

731 2845 847 2904 Sed
872 2844 980 2903 iste
1007 2844 1247 2920 spiritus
1282 2846 1367 2904 est
1401 2848 1534 2904 ante
1568 2844 1991 2904 revelationem
2026 2842 2277 2919 implici-

732 2943 855 3010 tus,
887 2942 1024 3013 post
1060 2938 1484 2998 revelationem
1522 2938 1845 3014 explicitus,
1891 2940 2058 2997 Hunc
2097 2937 2275 3011 igitur

734 3032 1005 3107 spiritum
1052 3032 1286 3092 attrahit
1327 3032 1625 3091 humanus
1673 3033 1936 3107 spiritus,
1987 3035 2275 3106 tanquam

735 3125 814 3186 ab
859 3124 1124 3186 interiori
1174 3126 1427 3186 exterius
1437 3169 1457 3200 ,
1505 3126 1935 3203 supplicando,
1984 3125 2155 3201 quod
2201 3140 2276 3184 ex

736 3220 1021 3296 implicito
1045 3220 1152 3279 fiat
1179 3221 1503 3296 explicitus.
1529 3220 1866 3280 Notandum
1893 3220 2090 3295 itaque
2120 3220 2276 3278 circa

735 3314 1007 3389 spiritum
1030 3314 1459 3388 intelligentioe,
1491 3314 1661 3389 qnod
1686 3318 1772 3373 est
1796 3313 2032 3389 spiritus
2060 3317 2273 3373 attrac-

735 3409 910 3482 tivus,
933 3407 1171 3484 spiritus
1198 3408 1601 3479 attrahenduS,
1628 3413 1684 3466 et
1712 3408 1947 3482 spiritus
1976 3411 2272 3466 attractus

734 3504 825 3563 Ad
860 3503 1229 3563 attractivum
1266 3503 1518 3579 pertinet
1555 3501 1947 3577 supplicati03
1989 3503 2069 3561 ad
2110 3504 2277 3561 attra-

734 3595 1036 3668 bendum,
1063 3595 1388 3672 implicatio
1408 3638 1429 3668 ,
1455 3597 1536 3654 ad
1572 3599 1906 3669 attractum,
1938 3596 2275 3672 explicatio.

738 3694 816 3749 De
841 3690 1037 3766 primo
1064 3690 1088 3725 ⁸
1119 3708 1135 3747 z
1170 3708 1200 3745 ox
1226 3688 1590 3763 Docti-inam,
1618 3706 1738 3766 qua
1765 3706 1862 3749 me
1901 3690 2130 3763 arguiS,
2170 3705 2279 3748 au-

738 3784 923 3857 diam,
952 3786 1011 3843 et
1034 3784 1272 3859 spiritus
1297 3783 1693 3857 intelligentiae
1719 3800 1866 3843 meae
1890 3783 2279 3860 respondebit

735 3877 883 3936 mihi
922 3895 937 3934 x
969 3898 998 3933 n
1037 3892 1172 3935 ecce
1207 3876 1444 3952 spiritus
1483 3877 1879 3950 intelligentiae
1918 3876 2274 3935 attractivns.

742 3975 817 4029 De
837 3971 1101 4030 secundo
1126 3971 1148 4006 ⁸
1179 3989 1195 4029 x
1233 3990 1261 4025 α
1289 3971 1564 4029 Omnium
1593 3971 1800 4029 artifex
1828 3971 2031 4030 docuit
2056 3989 2153 4029 me
2190 3988 2280 4030 sa-

738 4064 996 4139 pientia3
1042 4067 1129 4123 est
1170 4065 1330 4122 enim
1366 4065 1430 4123 in
1466 4065 1571 4124 illa
1610 4064 1844 4140 spiritus
1880 4065 2280 4138 intelligentiae

740 4161 1008 4232 sanctuS,
1033 4158 1276 4232 unicus,
1305 4158 1615 4233 multiplex
1657 4176 1670 4216 :
1702 4179 1733 4215 n
1766 4176 1900 4218 eece
1930 4159 2166 4234 spiritus
2197 4160 2279 4217 in-

740 4252 1075 4325 telligentioe
1102 4252 1178 4310 de
1205 4252 1506 4327 profundo
1544 4251 1842 4329 sapientiae
1875 4254 2277 4312 attrabendus

742 4348 819 4403 De
846 4345 1018 4405 tertio
1052 4347 1075 4381 ⁶
1105 4364 1120 4403 z
1159 4363 1188 4400 α
1213 4346 1448 4421 Aperiet
1482 4362 1550 4404 os
1587 4363 1761 4405 suum
1797 4348 1861 4405 in
1898 4347 2193 4418 oratione,
2226 4352 2282 4407 et

741 4455 852 4514 pro
884 4439 1112 4498 delictis
1145 4440 1267 4497 suis
1302 4440 1735 4515 deprecabitur.
1780 4442 1835 4499 Si
1882 4442 2041 4499 enim
2082 4443 2278 4500 Domi-

739 4551 850 4592 nus
894 4551 1149 4609 mag-nus
1184 4535 1467 4607 voluerit,
1508 4537 1714 4611 spiritu
1756 4535 2150 4610 intelligentiae
2188 4555 2279 4597 re-

736 4627 926 4702 plebit
968 4627 1178 4700 illum,
1223 4630 1280 4686 et
1325 4628 1451 4702 ipse
1495 4632 1780 4704 tanquam
1823 4630 2044 4689 imbres
2090 4631 2281 4690 mittet

739 4722 979 4797 eloquia
1013 4721 1313 4797 sapientiae
1351 4739 1474 4781 suae
1507 4741 1523 4780 :
1556 4744 1586 4779 u
1624 4739 1757 4783 ecce
1794 4724 2030 4799 spiritus
2069 4724 2280 4785 intelli-

738 4816 946 4890 gentiae
973 4818 1265 4877 attractus.

1234 4979 1517 5036 Articulus
1570 4981 1782 5035 tertius.

812 5106 1249 5162 Demonstratur
1293 5119 1535 5179 quoque
1574 5102 1963 5163 ministerium
2004 5120 2282 5165 caeremo-

740 5196 933 5270 niale,
974 5214 1109 5256 cum
1149 5196 1465 5257 subditur:
1501 5199 1644 5267 Quia
1677 5198 1943 5256 mandata
1982 5201 2097 5256 tua.
2141 5200 2280 5268 Quae

806 5324 825 5357 ¹
863 5322 1064 5385 Ezech„
1108 5335 1206 5388 111,
1242 5326 1291 5374 2.
1328 5349 1390 5364 ·-
1429 5324 1447 5353 ²
1483 5322 1621 5373 Psal.
1666 5335 1871 5387 uxvn,
1906 5326 1954 5377 2.
1991 5351 2054 5363 -
2092 5326 2113 5356 ³
2139 5327 2277 5378 Psal.

745 5405 971 5455 xxxvm,
1013 5397 1089 5445 to.
1124 5420 1187 5433 --
1222 5396 1240 5425 ⁴
1276 5394 1383 5456 lob,
1423 5406 1521 5458 xx,
1558 5398 1609 5444 3.
1635 5419 1695 5432 -
1740 5397 1758 5428 ⁸
1799 5396 1941 5461 Sap„
1978 5408 2079 5458 vu,
2108 5402 2186 5449 22.
2220 5426 2274 5435 —

1771 442 2186 511 EXPOSITIO
2233 442 2312 509 [N
2357 443 2885 514 PSALTERIUM.

2382 581 2665 641 mandata
2682 625 2701 656 ,
2759 582 2872 641 nisi
2929 583 3359 643 caeremonialia
3377 628 3399 657 ,
3452 604 3556 648 seu
3611 591 3924 664 figuralia?

2384 691 2640 751 quorum
2693 681 2965 753 apertum
3018 678 3442 753 ministerium,
3494 683 3604 741 sed
3654 691 3923 760 opertum

2383 770 2730 844 mysterium
2756 772 3004 847 requirit
3031 772 3317 831 disertum
3346 774 3788 836 dilucidationis
3809 797 3923 840 ma-

2383 864 2689 936 gisterium
2730 884 2744 923 :
2775 866 2901 924 hoec
2938 867 3220 926 mandata
3250 866 3529 941 leguntur
3564 876 3922 933 caeremoniis

2382 962 2732 1032 aggregata,
2769 963 2835 1018 ut
2868 960 3275 1036 intelligantur
3311 962 3390 1021 ab
3428 963 3560 1022 aliis
3597 975 3918 1042 segregata.

2383 1054 2603 1111 Horum
2633 1053 2812 1113 etiam
2851 1054 3176 1113 ministeria
3211 1063 3606 1131 recesserunt,
3632 1062 3738 1119 sed
3767 1080 3921 1137 mys·

2381 1146 2528 1204 teria
2562 1153 2989 1207 remanserunt.
3019 1149 3182 1208 Unde
3209 1152 3543 1210 notandum
3569 1154 3646 1212 de
3676 1158 3922 1216 manda·

2380 1238 2454 1296 tis
2480 1240 2727 1312 talibus,
2757 1243 2928 1318 quod
2965 1259 3038 1301 ea
3072 1243 3382 1303 mandavit
3417 1247 3702 1307 Dominus
3731 1254 3920 1309 custo-

2383 1332 2495 1391 diae
2550 1333 2795 1409 triplici,
2850 1336 3131 1396 videlicet
3180 1339 3498 1414 populari,
3554 1343 3917 1418 prophetali,

2379 1426 2566 1500 regali
2601 1446 2616 1486 z
2648 1433 2714 1487 ut
2747 1430 2985 1489 doceret
3022 1432 3432 1506 agendorum,
3462 1436 3918 1513 credendorum,

2381 1522 2814 1595 sperandorum
2841 1525 3121 1599 mysteria
3142 1526 3433 1585 meditari.
3467 1530 3545 1585 De
3572 1530 3793 1604 primo,
3816 1535 3918 1592 ubi

2382 1613 2523 1672 dicit
2563 1618 2789 1691 Moyses
2832 1618 3059 1693 populo
3099 1621 3122 1656 ⁷
3163 1639 3178 1677 ε
3226 1643 3254 1673 «
3295 1623 3602 1681 custodias
3641 1627 3918 1686 mandata

2379 1708 2644 1782 Domini,
2676 1714 2733 1768 et
2760 1713 3137 1771 caeremonias
3171 1714 3298 1787 ejus
3329 1734 3343 1772 ε
3376 1734 3404 1770 »
3439 1732 3576 1775 ecce
3612 1720 3918 1779 mandato-

2378 1818 2513 1860 rum
2541 1804 2804 1863 custodia
2827 1805 3158 1880 popularis,
3186 1806 3516 1866 admonens
3544 1811 3620 1868 de
3651 1814 3913 1886 agendis.

2380 1898 2458 1954 De
2486 1897 2750 1956 secundo
2779 1899 2838 1955 ⁸:
2870 1918 2900 1952 α
2926 1901 3186 1960 vanitate
3213 1902 3435 1961 seducti
3464 1921 3692 1977 sumuS,
3715 1911 3774 1965 et
3799 1924 3917 1965 non

2379 1991 2804 2050 custodivimus
2853 1994 3202 2052 mandatum
3218 2036 3238 2067 ,
3288 2001 3344 2056 et
3398 2000 3781 2059 caeremonias
3826 2020 3841 2058 ε
3886 2021 3913 2055 ι

2380 2098 2513 2143 ecce
2558 2085 2977 2145 mandatorum
3020 2087 3289 2148 custodia
3333 2093 3733 2166 prophetaliS‚
3774 2112 3915 2169 prae·

2378 2193 2628 2236 monens
2655 2179 2731 2237 de
2760 2180 3088 2239 credendis
3115 2185 3193 2240 De
3217 2185 3407 2257 tertio,
3426 2186 3532 2244 ubi
3563 2187 3707 2245 dicit
3738 2189 3916 2246 David

2377 2271 2504 2331 filio
2539 2290 2682 2346 suo,
2721 2274 2815 2332 cui
2857 2273 3012 2333 facta
3050 2276 3159 2335 fuit
3202 2279 3372 2352 regni
3416 2281 3803 2356 repromissio
3838 2283 3861 2316 ⁹
3899 2301 3912 2338 :
3955 2309 3961 2320 ·

2385 2385 2414 2419 α
2439 2368 2745 2427 custodias
2771 2369 3054 2429 mandata
3081 2372 3313 2430 Domini
3344 2374 3446 2432 Dei
3476 2374 3585 2447 tui,
3618 2379 3682 2432 ut
3708 2377 3916 2434 ambu-

2378 2458 2463 2518 les
2492 2461 2554 2519 in
2581 2461 2690 2519 viis
2717 2463 2864 2536 eJuS,
2893 2468 2951 2522 et
2976 2465 3273 2524 custodias
3300 2469 3682 2527 caeremonias
3706 2472 3861 2543 ejus:
3883 2493 3907 2522 ι

2379 2570 2513 2612 ecce
2535 2556 2952 2616 mandatorum
2979 2561 3248 2620 custodia
3274 2562 3511 2637 regalis,
3533 2579 3917 2623 commonens

2380 2646 2456 2706 de
2481 2650 2811 2723 sperandis

2864 2801 3150 2860 Articulus
3185 2808 3433 2874 quartus.

2453 2936 2888 2994 Demonstratur
2942 2937 3202 3011 denique
3257 2940 3602 3014 mysterium
3659 2942 3919 3001 intellec-

2381 3027 2571 3100 tuale,
2611 3045 2749 3088 cum
2788 3030 3204 3105 superadditur
3244 3050 3259 3089 ε
3310 3035 3722 3109 Desiderabam3
3773 3054 3920 3112 quo-

2381 3120 2544 3180 niam
2570 3121 2635 3180 in
2661 3123 2956 3184 mandatis
2980 3124 3096 3184 illis
3125 3126 3464 3188 carnalibus
3492 3132 3549 3188 et
3583 3131 3923 3206 temporali-

2380 3216 2496 3274 bus
2510 3258 2530 3288 ,
2559 3223 2850 3292 quantum
2876 3220 2957 3278 ad
2982 3219 3376 3281 ministerium
3390 3241 3409 3296 3
3436 3223 3543 3282 sed
3576 3223 3638 3282 in
3668 3225 3926 3284 intellec·

2384 3311 2644 3370 tualibus
2694 3316 2751 3371 et
2799 3314 3209 3388 aeternalibus,
3249 3320 3539 3391 quantum
3585 3318 3666 3377 ad
3709 3326 3923 3395 myste-

2382 3405 2561 3477 rium,
2582 3406 2736 3463 illud
2757 3412 2879 3465 erat
2906 3408 3321 3482 desiderabile,
3342 3412 3511 3486 quod
3533 3411 3920 3473 intellectuale

2386 3502 2444 3555 et
2469 3501 2763 3574 aeternale,
2785 3502 2983 3576 potius
3009 3519 3189 3577 quam
3215 3503 3394 3577 illud,
3422 3507 3590 3580 quod
3613 3508 3849 3566 carnale
3870 3511 3924 3565 et

2385 3595 2734 3668 temporale.
2781 3599 2848 3653 Et
2888 3599 3032 3654 nota
3078 3597 3155 3655 de
3210 3599 3630 3674 mysteriorum
3682 3603 3918 3674 notitia,

2386 3687 2554 3761 quod
2581 3688 2948 3747 desideratur
2976 3691 3054 3748 ab
3084 3691 3305 3763 anima,
3335 3693 3483 3751 sicut
3509 3695 3748 3763 umbra,
3781 3696 3922 3753 sicut

2386 3781 2603 3855 gratia,
2646 3781 2794 3840 sicut
2833 3800 3021 3858 aqua;
3067 3785 3210 3860 quia
3252 3791 3478 3846 recreat
3518 3789 3646 3861 ejus
3688 3794 3919 3862 astum,

2387 3875 2637 3934 delectat
2665 3876 2969 3949 intuitum,
2997 3878 3167 3937 satiat
3193 3881 3538 3954 appetitum.
3572 3882 3748 3941 Primi
3777 3884 3920 3942 desi-

2388 3968 2535 4027 derii
2575 3971 2922 4044 praenotatio
2967 3974 3160 4046 patet,
3189 3974 3294 4031 ubi
3344 3974 3557 4033 dicitur
3594 3977 3678 4033 ¹⁰:
3718 3998 3747 4031 αι
3777 3979 3924 4037 Sicut

2388 4079 2596 4121 cervus
2624 4063 2919 4123 desiderat
2945 4066 3243 4139 umbram,
3271 4070 3327 4126 et
3354 4067 3504 4127 sicut
3528 4072 3923 4130 mercenarius

2386 4158 2755 4232 proestolatur
2787 4158 2968 4218 finem
2999 4160 3091 4218 sui
3129 4162 3358 4235 operis,
3392 4163 3476 4242 sic
3512 4167 3569 4223 et
3604 4181 3714 4237 ego
3743 4166 3920 4224 habui

2387 4268 2620 4310 menses
2643 4269 2888 4326 vacu08,
2918 4255 2977 4312 et
3001 4258 3205 4313 noctes
3227 4254 3557 4316 laboriosas
3585 4260 3920 4318 enumeravi

2388 4348 2566 4406 mihi:
2592 4369 2621 4405 »
2646 4348 2743 4406 hic
2771 4354 3146 4424 comparatur
3172 4351 3408 4410 animus
3429 4353 3726 4414 studiosus
3751 4373 3919 4415 cervo

2390 4441 2733 4515 celerrimo,
2763 4447 2820 4501 et
2856 4444 3220 4503 mercenario
3265 4447 3681 4521 pauperrimo,
3712 4466 3817 4523 per
3847 4450 3922 4507 la-

2388 4535 2606 4595 borum
2652 4538 3181 4611 supervacuitatem
3236 4544 3292 4597 et
3346 4543 3682 4615 temporum
3725 4561 3922 4618 super-

2388 4632 2673 4691 fluitatem
2720 4633 3089 4691 currentibus
3130 4633 3208 4691 ad
3250 4634 3479 4693 ardoris
3521 4637 3919 4711 refrigerium,

2390 4732 2448 4786 et
2499 4728 2694 4802 operis
2755 4728 3278 4803 complementum.
3335 4731 3586 4789 Secundi
3652 4733 3920 4791 desiderii

2389 4824 2725 4883 subnotatio
2759 4823 2946 4897 liquet
2972 4825 3014 4859 ¹²
3048 4843 3063 4882 ε
3103 4844 3130 4879 α
3159 4825 3434 4896 Gratiam,
3466 4826 3683 4900 inquit,
3716 4832 3770 4884 et
3796 4842 3922 4900 spe-

2389 4918 2540 4976 ciem
2581 4916 2942 4976 desiderabit
2986 4918 3212 4976 oculus.
3255 4939 3284 4974 »
3320 4917 3497 4978 Plane
3533 4919 3681 4978 sicut
3722 4920 3923 4978 oculus

2391 5011 2643 5070 exterior
2673 5011 2970 5070 desiderat
2994 5012 3316 5086 gratiosam
3344 5014 3794 5085 speciositatem,
3822 5030 3921 5072 seu

2388 5105 2718 5181 speciosam
2746 5106 3163 5179 gratiositatem
3203 5108 3538 5166 substantiae
3571 5108 3891 5183 corporalis
3900 5127 3917 5179 3

2388 5256 2411 5290 ⁶
2437 5252 2618 5318 Eccli„
2645 5266 2831 5319 xxxix,
2865 5259 2912 5321 7,
2944 5259 2990 5308 8.
3010 5282 3073 5294 —-
3103 5260 3118 5289 ⁷
3148 5259 3316 5321 Dent„
3349 5270 3403 5323 x,
3439 5263 3514 5309 13.
3541 5286 3604 5297 —
3636 5262 3652 5288 ⁶
3683 5261 3721 5309 ΙΙ
3752 5258 3919 5321 Esdr„

2389 5330 2601 5452 ¹¹27.)AE-
2622 5328 2641 5357 ⁰
2673 5329 2735 5379 ΙΙΙ
2766 5329 2900 5395 Req„
2933 5340 2993 5392 η,
3022 5332 3068 5381 3.
3105 5357 3158 5366 -
3191 5331 3232 5365 ¹⁰
3252 5330 3363 5394 lob,
3396 5342 3490 5394 vu,
3522 5334 3567 5383 2.
3595 5358 3654 5369 -
3686 5334 3717 5360 ¹·
3749 5329 3918 5391 Eccli„

2460 5433 2476 5462 2
2503 5432 2532 5451 d-
2568 5435 2580 5449 ο
