4196 6294
86 3916 272 3960 Animo

79 3976 236 4050 beat?

33 4052 257 4097 promia.

1569 479 1928 548 PSALMUS
1968 479 2226 546 cxvln.

305 619 520 694 sionis3
550 620 657 679 sed
693 636 730 679 a
752 623 920 695 parte
964 621 1254 697 superiori
1314 622 1520 679 contra
1568 618 1842 677 timorem

304 714 709 789 separationis,
749 714 922 785 Quod
968 714 1247 789 praeclare
1289 713 1582 788 Propheta
1634 711 1845 770 cecinit

302 808 367 866 in
391 808 483 866 his
509 809 705 867 verbis
745 827 760 866 ε
797 811 982 879 Vivet,
1027 814 1172 881 etc.;
1223 825 1293 867 ac
1339 808 1389 865 si
1432 809 1669 866 caneret
1708 820 1844 864 can·

301 902 460 961 tione
491 901 830 960 dulcissima
862 921 875 960 :
908 902 1155 961 Confido
1184 902 1258 959 de
1285 901 1534 975 praemio
1559 897 1841 969 aeternali,

301 999 424 1053 tam
445 995 764 1069 spirituali,
814 1011 997 1069 quam
1024 995 1366 1070 (corporali,
1404 994 1466 1051 in
1489 992 1714 1066 jndicio
1743 1007 1844 1065 ge-

302 1088 511 1147 nerali.
542 1088 706 1146 Unde
736 1089 1121 1162 convincitur,
1146 1088 1313 1163 quod
1340 1091 1594 1162 quatuor
1611 1085 1708 1144 hic
1734 1100 1842 1143 no-

302 1186 497 1240 tantur
526 1199 541 1238 :
571 1181 848 1240 videlicet
873 1182 1095 1240 fiducia
1131 1183 1544 1257 praemiorum,
1592 1183 1715 1238 tam
1752 1179 1842 1236 in-

304 1275 608 1347 teriorum,
633 1291 817 1351 quam
862 1277 1241 1347 exteriorum,
1269 1276 1595 1334 secundum
1617 1272 1843 1347 jndicia

303 1369 648 1427 meritorum
679 1388 694 1425 x
727 1385 984 1443 quorum
1004 1370 1266 1445 primum
1292 1369 1546 1445 pertinet
1571 1368 1651 1427 ad
1695 1384 1843 1443 prae·

303 1463 491 1521 mium
516 1464 818 1537 aeternale;
857 1463 1216 1535 secundum,
1254 1465 1334 1523 ad
1379 1464 1689 1539 praemium
1729 1463 1844 1537 spi-

302 1557 541 1629 rituale3
570 1558 826 1630 tertium,
848 1559 929 1617 ad
953 1559 1270 1635 praemium
1298 1557 1605 1633 corporale
1619 1576 1638 1631 3
1665 1573 1843 1632 quar-

303 1653 452 1724 tum,
480 1650 560 1709 ad
582 1651 873 1726 judicium
901 1654 1195 1726 generale.

801 1811 1088 1868 Articulus
1120 1813 1351 1882 primus.

373 1937 634 1997 Primum
679 1937 1059 2013 praenotavit,
1117 1953 1256 1995 cum
1307 1933 1571 2011 praecinit
1613 1952 1627 1991 :
1663 1934 1840 1993 Vivet.

304 2032 472 2103 Quali
499 2032 653 2103 vita,
679 2033 793 2090 nisi
835 2032 1047 2091 beata?
1091 2034 1219 2090 Ilaec
1276 2034 1361 2090 est
1402 2030 1523 2087 vita
1576 2026 1844 2086 virtuosis

303 2130 550 2198 servata,
581 2125 892 2184 virtutibus
919 2128 1280 2200 comparata.
1315 2123 1555 2195 Quaeris,
1586 2121 1843 2197 quibus?

302 2220 478 2278 Plane
499 2219 641 2292 fide,
670 2235 797 2295 spe,
824 2219 1103 2278 charitate
1132 2237 1147 2277 ε
1176 2217 1440 2276 videndo
1483 2232 1591 2291 per
1634 2214 1840 2287 fidem,

300 2312 543 2373 fidendo
572 2329 680 2388 per
706 2329 872 2388 spem
889 2355 909 2386 ,
937 2311 1409 2386 obtemperando
1455 2325 1561 2385 per
1590 2309 1839 2367 charita-

299 2410 440 2466 tem.
471 2410 550 2465 De
578 2407 774 2482 primo
789 2412 841 2464 ²:
866 2407 964 2467 «Si
983 2406 1200 2466 mortui
1224 2421 1429 2464 sumus
1444 2420 1582 2462 cum
1595 2402 1841 2474 Christo,

302 2501 630 2573 credimuS,
687 2500 830 2575 quia
874 2500 1052 2558 simul
1116 2500 1292 2559 etiam
1365 2498 1635 2557 vivemus
1703 2513 1842 2555 cum

301 2595 563 2654 Christo:
612 2614 642 2649 ιι
706 2609 840 2652 ecce
888 2594 1010 2652 vita
1065 2594 1304 2652 credita.
1352 2596 1431 2651 De
1483 2591 1744 2650 secundo
1774 2589 1797 2622 ¹
1823 2608 1838 2647 ε

306 2708 335 2744 α
361 2689 639 2747 vivemus
665 2688 730 2745 in
757 2690 1073 2761 conspectu
1115 2688 1241 2759 ejus
1256 2730 1274 2760 ,
1305 2685 1586 2757 sciemus,
1632 2700 1842 2759 seque-

299 2800 573 2859 murque,
603 2788 668 2842 ut
691 2799 1121 2857 cognoscamus
1144 2783 1479 2841 Dominum.
1507 2801 1536 2837 ιι
1571 2779 1727 2850 Quid
1755 2782 1843 2836 est

299 2877 560 2936 vivendo
578 2878 748 2947 scire,
777 2877 1018 2935 sciendo
1047 2876 1235 2950 sequi,
1257 2873 1562 2951 sequendo
1592 2889 1843 2947 cognos-

302 2987 452 3044 cere,
483 2972 596 3030 nisi
621 2972 755 3029 vitae
794 2972 1019 3029 fontem
1048 2971 1226 3038 scire,
1270 2969 1512 3027 sciendo
1555 2967 1743 3038 sitire,
1770 2967 1843 3024 si-

301 3066 502 3124 tiendo
527 3065 809 3124 haurire?
838 3081 972 3124 ecce
1008 3065 1131 3123 vita
1173 3068 1426 3139 sperata.
1458 3065 1537 3120 De
1563 3061 1734 3120 tertio
1765 3065 1788 3099 ³
1822 3081 1838 3119 ε

306 3178 337 3214 α
362 3161 911 3235 obtemperabimus
963 3159 1113 3217 Patri
1174 3158 1523 3232 spirituum,
1584 3162 1640 3216 et
1681 3157 1842 3215 vive-

300 3271 434 3314 mus
465 3275 479 3313 :
511 3277 540 3311 ιι
572 3271 704 3314 ecce
731 3256 832 3314 via
859 3253 1331 3328 obtemperando
1363 3252 1597 3310 dilecta.

777 3413 1050 3470 Animatus
1086 3410 1368 3469 secundus.

371 3536 706 3596 Secundum
731 3535 1097 3607 subnotavit,
1147 3550 1286 3593 cum
1324 3532 1571 3591 succinit
1599 3549 1613 3590 z
1646 3533 1844 3589 Anima

300 3643 432 3685 mea.
460 3626 672 3686 Anima
690 3642 952 3700 namque
987 3625 1166 3696 vivet,
1211 3639 1352 3682 cum
1398 3622 1475 3681 ad
1503 3622 1686 3681 vitam
1712 3621 1840 3679 dei-

298 3719 549 3779 formem
576 3720 885 3792 ascendet,
915 3723 972 3778 et
995 3718 1320 3791 imaginem
1360 3719 1735 3776 concreatam
1763 3715 1843 3774 ad

298 3814 619 3888 imaginem
646 3814 987 3874 creatricem
1030 3813 1320 3872 extendet.
1365 3815 1431 3871 Et
1467 3815 1629 3885 nota,
1677 3809 1843 3886 quod

300 3909 500 3967 anima
523 3910 698 3968 beata
713 3950 733 3979 ,
772 3908 920 3966 sicut
942 3907 1237 3966 invenitur
1282 3908 1348 3965 in
1375 3907 1689 3982 Scriptura,
1735 3907 1844 3965 erit

300 4000 676 4074 magnificata
692 4042 712 4073 ,
759 4000 868 4058 erit
918 3999 1230 4069 inebriata,
1282 3999 1390 4058 erit
1427 3999 1839 4074 impinguata:

301 4093 588 4169 quoniam
615 4094 826 4152 animae
863 4095 1190 4168 potentiam
1226 4094 1570 4152 retentivam
1606 4094 1840 4169 magni-

301 4187 503 4246 ficabit
529 4187 743 4246 divinae
766 4186 1069 4261 potestatis
1094 4186 1488 4259 immensitas3
1517 4188 1842 4261 potentiam

301 4281 514 4341 animoe
541 4282 1032 4357 apprehensivam
1073 4280 1393 4340 inebriabit
1430 4280 1643 4339 divinae
1691 4282 1843 4341 veri-

301 4375 435 4434 tatis
487 4374 1196 4450 incomprehensibilitas3
1258 4374 1582 4448 potentiam
1633 4375 1844 4434 animae

303 4468 682 4543 appetitivam
707 4468 1104 4542 impinguabit
1150 4467 1369 4525 divinae
1395 4465 1672 4525 bonitatis
1695 4466 1843 4526 inet-

301 4561 578 4621 fabilitas.
598 4565 677 4620 De
691 4562 887 4637 primo
915 4561 935 4595 ⁸
964 4581 980 4620 ε
1014 4584 1042 4616 «
1068 4561 1464 4635 magnificetur
1489 4558 1690 4617 anima
1709 4575 1844 4619 mea

303 4656 368 4714 in
395 4656 583 4716 oculis
611 4656 864 4728 Domini,
893 4662 949 4715 et
972 4655 1183 4715 liberet
1209 4671 1305 4713 me
1336 4655 1412 4713 de
1441 4654 1606 4713 omni
1631 4669 1847 4728 angus-

305 4748 406 4809 tia.
434 4771 464 4807 ιι
497 4750 600 4808 llic
627 4750 956 4809 secundum
980 4748 1359 4823 {anagogiam
1397 4747 1738 4822 magnificat
1757 4764 1848 4807 re-

307 4845 591 4903 tentivam
648 4844 860 4904 animae
902 4845 1227 4920 potentiam
1283 4844 1498 4903 divinae
1548 4845 1849 4919 potestatis

307 4937 689 4998 immensitas.
713 4941 793 4997 De
819 4938 1080 4997 secundo
1109 4939 1133 4978 ⁵
1164 4956 1180 4998 ε
1214 4958 1246 4994 α
1271 4938 1563 4998 Inebriavi
1587 4938 1850 4999 animam

308 5030 545 5092 lassam.
576 5053 604 5089 ιο
665 5033 767 5091 Hic
816 5033 1144 5092 secundum
1198 5032 1472 5091 eamdem
1523 5032 1853 5107 intelligen-

308 5123 453 5183 tiam
501 5125 756 5186 inebriat
805 5125 1224 5185 intellectivam
1280 5126 1492 5184 animm
1528 5126 1853 5201 potentiam

314 5216 530 5277 divinae
567 5218 824 5281 veritatis
867 5218 1558 5295 incomprehensibilitas.
1613 5224 1692 5279 De
1741 5225 1855 5282 ter-

378 5415 573 5483 ¹Rom.,
598 5430 681 5483 v1,
708 5422 756 5471 8.
785 5444 848 5457 —
870 5419 892 5454 ²
918 5420 1048 5479 ose„
1077 5429 1158 5480 v1,
1186 5420 1237 5469 3.
1261 5444 1324 5457 -
1345 5417 1368 5454 ⁸
1388 5415 1558 5480 Helm,
1585 5431 1682 5483 ιιι,
1710 5425 1758 5473 9.
1788 5446 1861 5483 -,

3372 483 3489 546 543

1946 616 2030 674 tio
2066 618 2090 652 ⁸
2128 636 2147 672 ε
2200 634 2231 670 α
2260 616 2467 674 Anima
2519 617 2892 690 operantium
2935 613 3424 691 impinguabitur.
3452 633 3483 669 ιο

1947 711 2047 769 Hic
2093 710 2305 783 etiam,
2361 710 2690 769 secundum
2743 712 3135 786 anagofflcam
3176 711 3488 782 theoriam,

1946 805 2281 879 impinguat
2306 804 2637 863 affectivam
2664 804 2874 864 animae
2906 805 3233 880 potentiam
3276 803 3490 863 divinas

1947 897 2228 957 bonitatis
2272 897 2666 957 ineffabilitas.

2452 1057 2736 1114 Articulus
2774 1059 2989 1114 tertius.

2017 1182 2272 1242 Tertium
2290 1181 2648 1253 connotavit‚
2681 1179 2923 1255 quando
2947 1182 3203 1240 concinit
3231 1200 3246 1240 ε
3278 1185 3350 1241 Et
3369 1186 3490 1241 lau-

1949 1277 2105 1335 dabit
2134 1283 2205 1350 te,
2234 1277 2467 1351 supple,
2493 1275 2688 1334 vocali
2714 1275 2891 1334 laude
2922 1295 2938 1334 ε
2970 1276 3138 1350 quod
3164 1280 3386 1351 spectat
3410 1277 3491 1335 ad

1947 1369 2617 1445 praemium·corporale.
2647 1372 2714 1427 Et
2739 1373 2901 1439 nota,
2930 1367 3097 1443 quod
3112 1370 3262 1428 sicut
3278 1370 3491 1444 legitur

1947 1465 2012 1522 in
2057 1465 2385 1539 Scriptura,
2439 1464 2775 1523 laudabunt
2814 1462 3128 1522 Dominum
3163 1464 3497 1531 credentes,
3581 1473 3731 1517 nomi-

1948 1563 2269 1634 sperantes,
2303 1559 2647 1633 diligentes3
2693 1557 2835 1632 quia
2883 1557 3028 1615 fient
3070 1558 3371 1631 videntes,
3407 1561 3490 1617 te·
3518 1546 3626 1640 ’ἐξῇ
3636 1535 3733 1640 {fij

1948 1657 2180 1725 nentes,
2222 1653 2501 1711 fruenteS.
2545 1655 2623 1710 De
2668 1651 2865 1726 primo
2890 1653 2914 1688 ⁷
2943 1671 2957 1709 :
2995 1670 3025 1708 «
3051 1651 3235 1711 Simul
3281 1652 3490 1712 lauda·
3517 1657 3700 1700 ‹inbuat-

1948 1746 2121 1819 bunt,
2149 1746 2255 1823 qui
2284 1747 2469 1832 oculo·
2507 1746 2586 1804 ad
2636 1745 2879 1804 oculum
2920 1743 3212 1803 videbunt
3234 1765 3253 1804 ε
3275 1764 3306 1801 ιι
3354 1761 3489 1806 ecce

1946 1840 2213 1901 laudatio
2235 1839 2620 1899 credentium.
2652 1842 2730 1898 De
2757 1839 3020 1898 secundo
3049 1839 3189 1897 dicit
3215 1839 3486 1898 Judith⁸2

1954 1954 1983 1990 α
2010 1935 2269 1995 Laudate
2297 1934 2614 1993 Dominum
2642 1936 2825 1992 Deum
2864 1936 3132 1992 nostrum
3151 1975 3168 2004 ‚
3199 1933 3344 2008 quia
3365 1949 3490 1992 non

1951 2028 2211 2088 deseruit
2259 2030 2563 2103 sperantes
2601 2028 2663 2085 in
2697 2043 2759 2084 se
2791 2045 2805 2084 z
2833 2047 2864 2083 ιι
2895 2042 3028 2085 ecce
3052 2025 3319 2086 laudatio
3357 2041 3491 2102 spe-

1947 2123 2225 2182 rantium.
2257 2126 2335 2181 De
2362 2123 2529 2181 tertio
2553 2120 2577 2154 ⁹
2608 2141 2622 2177 ε
2660 2141 2690 2175 α
2715 2121 3046 2180 comedetis
3071 2106 3404 2194 2ve'seentes,
3433 2124 3492 2179 et

1948 2216 2391 2286 saturabimini,
2421 2221 2478 2274 et
2520 2214 2839 2274 laudabitis
2867 2230 3090 2274 nomen
3133 2214 3364 2274 Domini
3391 2215 3490 2272 Dei

1949 2311 2178 2370 nostri:
2208 2331 2238 2367 ιι
2272 2326 2408 2368 ecce
2434 2309 2698 2369 laudatio
2726 2308 3115 2383 diligentium.

2444 2470 2728 2527 Articulus
2754 2474 3000 2542 quartus.

2021 2597 2305 2666 Quartum
2361 2611 2604 2670 quoque
2659 2593 2995 2664 denotavit,
3052 2591 3198 2652 dum
3238 2594 3486 2654 cecinit:

1952 2691 2025 2746 Et
2041 2690 2263 2760 judicia
2306 2693 2401 2746 tua
2444 2689 2780 2760 adiuvabant
2834 2704 2943 2753 me.
2991 2685 3287 2745 Iudicium
3319 2703 3493 2761 gene-

1950 2783 2074 2841 rale
2100 2785 2340 2841 notatur
2383 2782 2601 2856 plurali
2637 2797 2812 2851 voce,
2841 2781 3088 2852 Judicia,
3130 2784 3372 2856 propter
3399 2781 3489 2840 di-

1950 2891 2125 2935 versa
2170 2876 2409 2947 merita,
2437 2874 2832 2934 diversimode
2867 2874 3212 2947 jndicanda.
3242 2877 3361 2938 Hoc
3387 2892 3491 2935 au-

1945 2973 2064 3029 tem
2087 2970 2380 3043 judicium
2420 2969 2558 3027 illos
2586 2967 2916 3042 adiuvabit,
2946 2969 3170 3043 quibus
3208 2972 3490 3029 aeternam

1944 3063 2330 3122 hereditatem
2349 3061 2735 3136 adjudicabit.
2783 3062 2946 3121 Talia
2985 3062 3214 3136 judicia
3241 3063 3491 3138 dogma-

1947 3158 2082 3216 tizat
2131 3158 2457 3232 Scriptura,
2506 3156 2789 3215 divinitus
2830 3157 3241 3232 ponderanda,
3297 3158 3493 3217 decla-

1944 3250 2156 3324 randa,
2188 3256 2244 3308 et
2266 3251 2635 3310 dulcor-anda
2650 3270 2668 3324 ;
2699 3252 2985 3325 quoniam
3011 3250 3116 3309 illa
3143 3250 3355 3310 divina
3381 3240 3504 3326 po·'

1948 3344 2132 3402 tentia
2167 3344 2559 3418 ponderabit,
2595 3344 2881 3419 sapientia
2910 3344 3259 3416 declarabit,
3299 3349 3356 3404 et
3380 3346 3495 3404 cle·

1949 3439 2171 3499 mentia
2226 3439 2574 3525 dulcorabit.
2622 3443 2701 3498 De
2743 3440 2939 3515 primo
2983 3442 3023 3478 ¹⁰
3053 3461 3069 3500 :
3104 3460 3133 3496 α
3161 3442 3397 3501 Pondus
3441 3449 3496 3503 et

1949 3537 2182 3606 statera,
2204 3534 2433 3607 jndicia
2454 3534 2686 3593 Domini
2708 3538 2874 3593 sunt:
2902 3555 2931 3590 ι)
2955 3550 3090 3594 ecce
3102 3536 3329 3609 ¹iudicia
3344 3552 3496 3611 pon-

1950 3626 2239 3686 deranda.
2278 3630 2357 3686 De
2396 3627 2660 3686 secundo
2693 3631 2729 3663 ¹¹
2762 3646 2777 3685 :
2812 3646 2841 3683 α
2871 3628 3126 3702 Judicia,
3158 3630 3329 3705 quasi
3357 3630 3492 3704 lux,

1950 3720 2361 3795 egredientur:
2393 3741 2422 3777 ιι
2454 3738 2589 3781 ecce
2611 3721 2835 3795 jndicia
2866 3721 3246 3782 declaranda.
3275 3728 3355 3783 De
3381 3729 3497 3784 ter-

1950 3814 2032 3874 tio
2060 3813 2130 3874 ¹²:
2148 3833 2179 3869 α
2195 3814 2422 3874 Iudicia
2449 3819 2548 3875 tua
2568 3814 2841 3888 J'ucunda
2866 3834 2881 3874 :
2910 3836 2939 3872 ιο
2965 3832 3099 3877 ecce
3121 3817 3348 3892 jndicia
3369 3818 3498 3877 dul·

1955 3907 2237 3967 cotanda.

2593 4048 2855 4115 Epilogus.

2024 4197 2433 4253 Demonstrans
2473 4208 2615 4267 ergo
2645 4193 2950 4252 Psalmista
2980 4194 3254 4255 virtutem
3281 4196 3497 4258 oratio-

1951 4288 2044 4345 nis
2070 4291 2277 4347 contra
2303 4288 2576 4347 timorem
2596 4288 2984 4363 separationis
3002 4332 3021 4362 ,
3050 4289 3135 4349 sic
3161 4291 3273 4350 ait:
3309 4295 3495 4365 Vivet,

1955 4381 2199 4456 supple,
2226 4382 2349 4440 vita
2380 4380 2587 4455 beata,
2616 4386 2905 4456 quantum
2932 4383 3012 4442 ad
3037 4383 3321 4444 fiduciam
3357 4387 3500 4445 bea-

1952 4473 2217 4531 titudinis
2265 4474 2581 4547 aeternalis3
2640 4477 2840 4534 Anima
2887 4494 3040 4549 mea,
3087 4483 3376 4554 quantum
3418 4480 3499 4539 ad

1953 4564 2239 4625 fiduciam
2265 4566 2646 4627 beatitudinis
2676 4569 2994 4644 spiritualis
3002 4589 3020 4644 ;
3049 4575 3126 4630 Et
3151 4574 3398 4632 laudabit
3425 4578 3496 4647 te,

1954 4659 2175 4718 scilicet
2198 4660 2396 4719 vocali
2424 4660 2601 4720 laude
2606 4703 2626 4734 ,
2650 4666 2944 4737 quantum
2966 4665 3047 4725 ad
3062 4666 3345 4727 fiduciam
3362 4667 3502 4727 bea-

1954 4752 2221 4812 titudinis
2267 4755 2592 4829 corporalis
2608 4776 2626 4829 3
2674 4760 2746 4815 Et
2775 4758 2992 4829 judicia
3032 4765 3131 4817 tua
3168 4762 3500 4834 adjuvabunt

1956 4863 2067 4918 me,
2097 4845 2319 4904 scilicet
2349 4848 2679 4919 judicando
2712 4865 2826 4926 pro
2864 4852 3211 4912 meritorum
3232 4855 3502 4915 conside-

1956 4938 2207 5010 ratione,
2256 4945 2545 5014 quantum
2600 4942 2681 5002 ad
2734 4944 3019 5006 fiduciam
3067 4948 3274 5022 judicii
3327 4964 3502 5024 gene-

1958 5032 2122 5092 ralis.

1962 5204 1984 5239 ⁸
2013 5206 2030 5254 1
2061 5205 2200 5268 neq„
2226 5214 2380 5265 xxvt,
2407 5206 2486 5254 24.
2520 5230 2581 5242 -
2609 5203 2630 5239 ⁸
2659 5205 2859 5269 Jerem„
2892 5222 3046 5276 xxxx,
3082 5216 3160 5267 25.
3188 5241 3251 5253 —-
3287 5216 3310 5252 ⁶
3337 5216 3504 5283 Pron„

1963 5288 2100 5340 1111,
2142 5278 2190 5327 4.
2221 5301 2277 5312 —
2310 5275 2327 5304 ⁷
2366 5274 2488 5338 lsa„
2532 5288 2640 5340 ιιι,
2681 5278 2730 5327 8.
2764 5304 2825 5315 -
2863 5279 2887 5315 ⁸
2922 5282 3117 5347 luditlz,
3162 5298 3289 5350 1111,
3333 5290 3411 5339 17.
3441 5313 3504 5327 —-

1964 5354 1984 5382 ⁸
2008 5350 2152 5413 Joel„
2181 5360 2250 5412 11,
2278 5350 2358 5399 26.
2387 5375 2449 5387 -
2481 5350 2516 5381 ¹⁰
2547 5353 2711 5415 Ρι·ου.,
2736 5364 2844 5416 xvx,
2871 5358 2944 5405 Η.
2970 5382 3029 5392 -
3050 5358 3087 5391 ¹¹
3116 5358 3245 5424 Osa,
3275 5373 3346 5427 vx,
3375 5366 3504 5413 5.-

1964 5422 1982 5452 2
2005 5421 2147 5473 Psat.
2172 5419 2294 5481 hoc,
2322 5422 2403 5471 39.
