4196 6294
356 724 510 807 quia
535 727 590 790 si
621 729 907 796 absentia
941 734 1128 819 alicuj
1139 756 1211 801 us
1254 743 1348 803 est
1392 740 1600 819 utilis,
1627 762 1898 826 praesen-

356 832 444 896 tia
478 837 573 897 est
599 835 903 903 damnosa
933 862 948 905 ε
981 860 1143 925 ergo
1188 845 1243 909 si
1283 846 1598 915 dimittere
1644 852 1895 918 divitias

354 944 450 1005 est
474 943 744 1027 bonum,
776 950 992 1014 tenere
1018 970 1124 1016 eas
1148 958 1245 1018 est
1269 956 1519 1022 inutile.
1563 958 1720 1023 Item
1747 979 1889 1026 om-

354 1049 454 1112 nis
492 1052 731 1118 utilitas
772 1059 1121 1125 attenditur
1156 1066 1507 1130 secundum
1539 1069 1889 1135 ordinatio-

355 1174 503 1221 nem
531 1161 610 1224 ad
641 1163 838 1227 finem
865 1165 1167 1233 ultimum
1195 1193 1209 1234 ε
1238 1188 1398 1252 ergo
1430 1175 1601 1257 quod
1637 1182 1894 1259 praestat

356 1263 882 1347 impedimentum
902 1275 1280 1343 deveniendi
1306 1281 1376 1345 in
1399 1283 1616 1365 flnem,
1641 1304 1773 1351 nou
1800 1291 1893 1352 est

353 1374 542 1454 utile,
571 1377 683 1442 sed
722 1378 995 1447 inutile:
1029 1385 1136 1449 sed
1178 1386 1418 1453 divitiae
1469 1396 1622 1456 sunt
1665 1394 1889 1476 hujus-

351 1482 545 1562 modi,
577 1486 729 1567 quia
756 1495 1080 1555 amantem
1105 1493 1361 1559 divitias
1380 1497 1769 1580 impossibile
1797 1507 1892 1567 est

351 1588 613 1657 introire
637 1594 705 1658 in
732 1597 993 1678 coelum3
1028 1605 1091 1665 et
1118 1601 1372 1669 difficile
1403 1610 1499 1670 est
1537 1607 1797 1686 habere,
1829 1614 1889 1674 et

350 1714 478 1760 non
521 1717 737 1766 amare
767 1705 799 1766 ἐ
833 1724 990 1787 ergo
1016 1708 1385 1775 divitiarum
1432 1715 1736 1796 possessio
1777 1716 1892 1780 im-

347 1804 518 1884 pedit
548 1827 562 1869 :
594 1825 755 1889 ergo
795 1829 929 1875 non
963 1820 1262 1896 prosunt,
1310 1818 1422 1883 sed
1449 1820 1701 1886 obsunt.
1736 1821 1887 1888 Res-

348 1910 592 1990 pondeo
650 1913 990 1983 dicendum
1034 1922 1113 1985 ad
1157 1923 1310 2001 hoc,
1362 1926 1524 1991 sicut
1554 1928 1705 1993 dicit
1731 1929 1885 1995 Ber·

343 2234 438 2299 sio
466 2237 654 2318 mala,
686 2240 1038 2309 sollicitudo
1065 2250 1265 2329 pejor,
1296 2255 1585 2332 quaestus
1613 2255 1881 2338 turpior.

343 2342 413 2407 Si
441 2344 640 2427 igitur
668 2355 998 2431 quaeratur
1035 2359 1257 2420 utrum
1285 2359 1529 2424 divitiae
1571 2361 1701 2426 sint
1754 2366 1885 2428 uti-

341 2450 459 2532 leS‚
511 2455 649 2519 dico
700 2460 870 2541 quod
900 2460 1061 2526 hene
1108 2466 1313 2529 utenti
1344 2467 1528 2531 utiles
1555 2474 1738 2549 sunt;
1772 2473 1882 2537 sed

339 2564 691 2626 reservanti
722 2569 871 2629 sunt
891 2566 1147 2633 inutiles
1165 2618 1183 2649 ,
1234 2571 1398 2636 male
1443 2576 1646 2639 utenti
1695 2578 1877 2643 dam-

339 2684 537 2732 nosae.
580 2668 756 2735 Unde
803 2672 1036 2738 dicitur
1084 2675 1248 2741 infra
1296 2678 1378 2760 (v.
1432 2681 1528 2763 12)
1570 2683 1882 2752 :Divitioe

340 2783 737 2858 conareqatoe
766 2778 846 2859 (a)
878 2781 954 2845 in
988 2782 1227 2848 malum
1250 2784 1504 2853 domini
1530 2791 1640 2854 sui
1670 2812 1685 2854 ε
1717 2791 1879 2856 bene

342 2902 494 2949 vero
526 2889 728 2951 utenti
752 2889 987 2971 valent,
1018 2910 1169 2958 cum
1200 2895 1436 2960 scilicet
1461 2898 1781 2967 distribuit
1809 2904 1877 2967 in

339 3009 531 3073 opera
559 2995 808 3077 pietatis
840 3022 856 3063 ι
888 3000 981 3064 sic
1026 3003 1199 3066 enim
1241 3004 1462 3071 valent
1500 3009 1579 3073 ad
1622 3011 1872 3076 redem-

338 3099 619 3181 ptionem
648 3104 854 3188 culpae
877 3114 898 3149 ⁸
932 3129 947 3172 ε
986 3132 1018 3171 c
1045 3107 1306 3176 Peccata
1331 3116 1442 3179 tua
1459 3115 1878 3202 eleemosynis

335 3207 599 3274 redime.
629 3233 661 3272 n
698 3211 921 3278 Valent
964 3216 1046 3280 ad
1072 3225 1499 3299 augmentum
1541 3227 1767 3305 gratiae
1800 3230 1823 3265 ¹
1852 3249 1870 3292 ε

344 3338 374 3376 α
399 3315 639 3383 Exerce
665 3321 1073 3404 temetipsum
1100 3326 1180 3389 ad
1214 3327 1536 3410 pietatem.
1582 3355 1613 3392 n
1650 3332 1875 3400 Valent

331 3424 401 3487 in
423 3424 820 3507 adeptionem
853 3429 1077 3510 gloriae
1107 3438 1130 3474 ⁸
1161 3454 1175 3496 ε
1220 3458 1252 3495 α
1273 3434 1486 3502 Facite
1514 3441 1695 3505 vobis
1716 3444 1871 3507 ami-

331 3547 437 3594 cos
459 3532 536 3596 de
564 3551 936 3600 mammona
983 3538 1352 3624 iniquitatis,
1404 3549 1477 3610 ut
1518 3565 1667 3612 cum
1693 3548 1867 3615 defe-

332 3640 543 3703 ceritis
560 3690 578 3721 ,
628 3644 940 3726 recipiant
1001 3665 1116 3713 vos
1172 3650 1238 3713 in
1288 3657 1526 3719 aeterna
1577 3657 1867 3723 taberna·

331 3744 492 3810 cula.
522 3770 553 3807 n

335 3869 344 3872 ·
408 3851 587 3929 Quod
614 3855 908 3939 objicitur
931 3863 1100 3943 quod
1129 3863 1407 3942 inutileS,
1438 3867 1591 3949 quia
1615 3868 1860 3936 bonum

327 3963 421 4023 est
446 3961 795 4043 dimittere,
825 3967 1162 4034 dicendum
1183 4018 1199 4047 ,
1243 3972 1414 4053 quod
1456 3973 1772 4042 dimittere
1799 3984 1863 4044 et

325 4064 452 4132 Deo
478 4069 713 4135 donare
732 4121 749 4151 ,
780 4077 876 4136 est
901 4073 1140 4139 divitiis
1176 4077 1336 4143 bene
1359 4079 1454 4143 uti
1484 4099 1502 4143 :
1532 4083 1703 4148 unde
1730 4086 1857 4150 uti-

322 4174 413 4238 les
439 4178 688 4243 suntad
715 4179 1184 4264 dimittendum,
1216 4187 1294 4252 ad
1322 4188 1601 4254 dandum
1629 4211 1860 4276 paupe-

322 4282 532 4362 ribus,
562 4285 642 4351 ad
668 4288 1012 4353 emendum
1058 4308 1362 4372 regnum.
1407 4293 1590 4372 Quod
1645 4297 1861 4381 objici-

319 4391 447 4468 tur,
479 4392 649 4474 quod
672 4394 923 4461 difficile
950 4402 1045 4462 est
1075 4399 1333 4480 habere,
1364 4408 1426 4466 et
1453 4421 1581 4468 nou
1598 4424 1850 4487 amare;

317 4500 697 4581 respondeo,
729 4503 901 4585 quod
936 4523 1017 4569 ex
1045 4505 1168 4570 hoc
1194 4526 1327 4571 nou
1353 4511 1640 4594 sequitur
1682 4516 1854 4597 quod

316 4597 688 4682 impediant3
733 4605 885 4687 quia
917 4608 1126 4672 omnis
1168 4610 1373 4677 virtus
1416 4618 1511 4679 est
1535 4615 1702 4682 circa
1731 4618 1854 4683 dif-

316 4707 511 4789 ficile;
533 4719 596 4776 et
622 4716 837 4777 tamen
865 4714 1073 4781 virtus
1116 4736 1249 4784 non
1277 4719 1559 4805 impedit,
1598 4726 1707 4792 sed
1745 4728 1850 4794 ad-

305 4817 533 4897 juvat:
589 4822 807 4886 tamen
848 4823 1066 4889 utilior
1108 4830 1173 4890 et
1216 4830 1495 4895 securior
1550 4851 1705 4898 usus
1756 4840 1853 4901 est

313 4925 510 4989 semel
535 4930 742 4992 totum
770 4929 1107 5013 dimittere,
1130 4952 1327 5018 quam
1347 4938 1652 5019 paulatim
1674 4941 1846 5022 dare,

312 5037 567 5116 propter
593 5034 856 5101 vitanda
886 5040 1170 5120 pericula
1196 5061 1345 5127 quae
1371 5046 1686 5113 accidunt.

392 5144 487 5204 12.
507 5141 624 5209 Est
639 5149 699 5209 et
716 5143 852 5210 alia
871 5146 1252 5229 infirmitas,
1276 5155 1393 5216 etc.
1418 5151 1629 5238 Supra
1647 5160 1849 5222 osten-

310 5242 422 5330 dit,
440 5250 611 5331 quod
626 5251 868 5319 divitiae
884 5272 1016 5320 non
1033 5255 1235 5322 ditant
1251 5277 1642 5342 possessores
1658 5282 1808 5331 suos
1825 5289 1842 5347 ;

374 5406 392 5441 ¹
419 5407 571 5476 Dan„
600 5424 672 5476 xv,
701 5416 783 5466 24.
812 5441 874 5453 -
906 5417 924 5447 ²
951 5418 970 5467 1
1003 5418 1147 5484 Tim,
1175 5431 1245 5483 ιν,
1273 5423 1323 5471 7.
1350 5447 1413 5460 ·-
1445 5424 1465 5454 ⁸
1489 5424 1626 5490 Luc„
1659 5437 1768 5492 xvt,
1796 5431 1844 5481 9.

308 5499 371 5515 -
398 5479 416 5508 ⁴
449 5481 631 5548 Recta,
658 5497 806 5553 xxxx,
835 5490 886 5540 8.
907 5514 970 5528 -
996 5491 1014 5521 ⁶
1038 5491 1167 5556 Jac„
1195 5504 1246 5558 V,
1277 5498 1324 5545 1.
1345 5519 1410 5532 -—
1435 5496 1454 5527 ⁸
1482 5495 1684 5564 Ephes„
1716 5511 1766 5564 v,
1795 5503 1842 5551 5.

2005 1185 2295 1252 tudinem
2334 1189 2719 1262 laboriosam
2763 1208 3053 1283 pecuniae
3107 1217 3530 1297 acquirendae.

2007 1289 2216 1358 Tertio
2261 1297 2330 1361 in
2368 1299 2569 1384 hujus
2613 1306 3084 1381 detestationem
3130 1329 3540 1395 commendat

2004 1394 2372 1465 fruitionem
2421 1412 2752 1486 praesentis
2791 1414 3028 1484 laetitiae
3062 1470 3080 1501 ,
3137 1426 3375 1494 addens
3419 1432 3540 1498 hoc

2004 1519 2142 1567 esse
2166 1505 2409 1574 donum
2434 1512 2748 1597 largitatis
2770 1522 3027 1591 diviuae.
3052 1527 3418 1602 Considerat
3434 1540 3542 1605 hic

2002 1611 2212 1691 primo
2240 1624 2591 1698 egestatem
2630 1627 2912 1695 futuram
2963 1635 3033 1699 in
3076 1638 3291 1705 divitis
3339 1646 3536 1728 prole,
3556 1665 3571 1679 ·

2003 1718 2154 1799 quia
2181 1728 2328 1787 cum
2358 1738 2770 1801 conservetur
2807 1737 2918 1805 diu
2955 1760 2996 1806 a
3036 1750 3237 1828 patre,
3288 1768 3419 1816 non
3446 1771 3541 1818 re-

2003 1835 2220 1893 manet
2247 1831 2415 1913 fllio;
2443 1843 2772 1923 propterea
2796 1846 2947 1912 dicit
2976 1872 2992 1914 :
3020 1851 3139 1921 Est
3172 1861 3230 1923 et
3262 1858 3402 1925 alia
3441 1863 3541 1927 in-

1999 1931 2282 2011 firmitas
2304 1945 2610 2026 pessima,
2638 1966 2832 2033 quam
2873 1956 3019 2024 vidi
3055 1961 3171 2027 sub
3210 1965 3372 2047 sole3
3412 1968 3539 2035 alia

1999 2043 2297 2113 sciliceta
2322 2055 2643 2138 praedieta,
2676 2080 2847 2145 quae,
2874 2065 3163 2152 inquam,
3193 2078 3287 2138 est
3305 2075 3373 2140 in
3399 2096 3539 2161 pos-

1998 2154 2276 2222 sessione
2327 2160 2728 2246 divitiarum3
2786 2173 2956 2239 unde
3007 2176 3158 2243 dicit
3202 2202 3217 2244 ε
3261 2182 3537 2253 Divitiae

1997 2273 2395 2348 conyreqatoe
2410 2272 2485 2336 in
2502 2275 2741 2342 malum
2774 2278 3026 2351 domini
3057 2290 3185 2370 sui,
3225 2292 3377 2373 quia
3404 2313 3534 2361 non

1995 2374 2262 2448 possunt
2331 2384 2717 2463 congregari
2780 2387 2919 2454 sine
2990 2393 3158 2460 malo
3209 2416 3418 2481 poenae
3470 2408 3536 2468 et

1994 2474 2221 2558 culpae.
2250 2480 2272 2514 ⁴
2307 2504 2337 2541 α
2367 2481 2599 2552 Beatus
2640 2492 2769 2574 vir,
2820 2498 2933 2578 qui
2956 2499 3256 2570 inventus
3277 2511 3532 2578 estsine

1993 2585 2264 2667 macula,
2296 2595 2364 2654 et
2402 2594 2532 2675 qui·
2549 2602 2693 2678 post
2731 2619 2967 2669 aurum
3009 2626 3139 2676 non
3186 2613 3367 2697 abiit,
3415 2636 3532 2684 nec

1991 2695 2270 2771 speravit
2297 2696 2364 2762 in
2388 2704 2674 2783 pecuniae
2701 2706 3037 2778 thesauris:
3082 2717 3235 2795 Quis
3262 2729 3357 2788 est
3376 2724 3528 2790 hic?

1990 2800 2054 2860 et
2078 2799 2482 2871 laudabimus
2514 2829 2663 2876 eum
2679 2836 2696 2892 ;
2728 2816 2874 2883 fecit
2910 2822 3085 2886 enim
3122 2826 3438 2897 mirabilia
3462 2833 3531 2899 in

1988 2905 2120 2970 vita
2146 2927 2283 2973 sua.
2312 2935 2344 2971 ι)
2376 2912 2491 2979 Vel
2509 2918 2584 2983 in
2610 2922 2881 3004 malum;
2922 2928 3167 2997 faciunt
3190 2937 3362 3002 enim
3407 2939 3530 3006 ho—

1987 3014 2230 3081 minem
2282 3022 2500 3088 venire
2544 3026 2613 3091 iu
2648 3031 2890 3097 malum
2934 3055 3143 3119 poenae
3172 3047 3241 3108 ⁸·:
3283 3068 3313 3107 α
3335 3045 3526 3129 Agite

1984 3137 2178 3203 nunc,
2212 3125 2471 3210 diviteS‚
2501 3133 2741 3215 plorate
2788 3139 3108 3211 ululantes
3142 3147 3211 3214 iu
3253 3153 3524 3221 miseriis

1982 3246 2130 3310 quae
2186 3234 2524 3304 advenient
2562 3243 2765 3312 vohiS.
2795 3270 2826 3308 υ
2890 3251 3152 3322 Domini
3200 3261 3341 3340 sui,
3389 3262 3520 3329 imo

1980 3341 2333 3407 secundum
2357 3364 2536 3428 rem,
2565 3354 2733 3418 servi
2795 3378 2809 3419 :
2867 3360 3023 3440 quia
3062 3364 3328 3431 avaritia
3371 3369 3520 3435 facit

1977 3462 2248 3512 avarum
2275 3469 2533 3518 servum
2562 3463 2585 3498 ⁸
2616 3480 2632 3521 :
2674 3483 2704 3519 ιι
2730 3459 3036 3547 Avaritia,
3068 3488 3214 3552 quae
3250 3478 3346 3538 est
3371 3476 3512 3542 ido-

1974 3550 2188 3616 lorum
2210 3559 2505 3624 servituS.
2536 3584 2568 3622 n
2603 3563 2754 3647 Hae,
2797 3569 3093 3654 inquam,
3132 3585 3402 3660 pereunt
3437 3585 3514 3651 in

1974 3659 2328 3740 afflictione
2352 3671 2634 3752 pessima
2653 3720 2674 3753 ,
2705 3677 2860 3759 quia
2892 3698 3147 3748 necesse
3181 3691 3306 3770 est,
3337 3692 3510 3774 quod

1972 3764 2106 3847 ipse
2133 3787 2280 3835 cum
2304 3772 2521 3841 dolore
2546 3780 2813 3847 amittat.
2845 3790 2868 3825 ⁷
2904 3810 2935 3848 α
2957 3787 3144 3857 Dives
3179 3814 3328 3862 cum
3353 3798 3506 3864 dor-

1970 3873 2204 3958 mierit,
2238 3879 2399 3945 nihil
2412 3902 2628 3951 secum
2651 3891 2923 3974 auferet3
2943 3918 2975 3957 ι)
3003 3915 3124 3964 nec
3140 3905 3393 3971 tantum
3408 3927 3507 3974 re-

1967 3979 2349 4065 linquuntur
2374 4009 2414 4054 a
2438 3990 2726 4076 domino,
2757 4000 2865 4065 sed
2889 4003 3081 4071 etiam
3121 4012 3504 4084 amittuntur

1966 4106 2006 4151 a
2031 4090 2165 4156 fllio
2194 4111 2211 4156 ε
2242 4097 2415 4162 unde
2458 4102 2671 4170 subdit
2700 4127 2716 4169 ι
2752 4106 3086 4182 Generavit
3110 4119 3346 4204 filium,
3385 4129 3504 4209 qui

1966 4192 2041 4256 in
2052 4209 2303 4264 summa
2330 4208 2605 4284 eqestate
2630 4209 2773 4277 erit.
2804 4210 2914 4278 Est
2937 4224 3192 4299 egestas
3217 4242 3494 4312 summa,

1963 4305 2027 4363 et
2051 4300 2193 4366 haec
2217 4305 2534 4375 bonorum
2574 4316 2898 4399 omnium;
2932 4321 3011 4388 de
3049 4345 3176 4409 qua
3202 4329 3225 4365 ⁸
3257 4354 3289 4395 :1
3314 4356 3345 4393 α
3370 4333 3498 4402 Ve—

1961 4407 2093 4473 niet
2123 4416 2426 4497 tanquam
2453 4421 2660 4487 viator
2686 4432 2957 4508 egestas.
2982 4454 3015 4493 ιι
3045 4434 3125 4500 Et
3144 4438 3235 4506 sic
3257 4440 3497 4510 divitiae

1960 4526 2349 4588 conservatae
2384 4525 2827 4612 relinquentur
2870 4537 3111 4623 heredi,
3140 4562 3261 4612 nec
3302 4550 3495 4618 etiam

1958 4630 2270 4707 asportari
2317 4649 2357 4695 a
2396 4651 2753 4716 possessore
2778 4653 3078 4730 possunt;
3119 4654 3292 4720 unde
3338 4658 3491 4724 sub·

1958 4728 2047 4795 dit
2078 4753 2094 4793 ε
2129 4733 2319 4805 Sicut
2342 4755 2629 4822 eqressus
2652 4754 2747 4816 est
2782 4752 2999 4822 nudus
3034 4756 3112 4824 de
3141 4765 3318 4831 utero
3353 4783 3494 4833 ma-

1958 4839 2079 4903 tris
2116 4856 2272 4922 suoe,
2294 4847 2387 4911 sic
2414 4856 2784 4937 revertetur,
2816 4878 2947 4925 non
2972 4862 3040 4927 in
3067 4870 3346 4951 uterum,
3382 4874 3492 4939 sed

1955 4943 2024 5007 in
2053 4950 2325 5031 terram;
2370 4962 2433 5024 et
2458 4959 2633 5048 nihil
2665 4966 2906 5045 auferet
2933 4985 3143 5042 secum
3183 4977 3261 5045 de
3289 4979 3494 5050 labore

1958 5069 2095 5123 suo.
2127 5056 2150 5093 ⁹
2186 5082 2215 5120 α
2239 5059 2462 5130 Nudus
2505 5087 2801 5152 egressus
2845 5098 2989 5147 sum
3018 5084 3096 5151 de
3126 5094 3311 5158 utero
3351 5111 3493 5161 ma·-

1956 5162 2069 5228 tris
2095 5183 2258 5232 meae
2276 5217 2294 5246 ,
2343 5173 2556 5240 nudus
2600 5188 2884 5250 revertar
2922 5188 3094 5278 illuc.
3142 5217 3173 5256 υ
3236 5197 3316 5264 Et
3369 5202 3491 5269 hoc

1956 5269 2142 5337 valde
2168 5273 2545 5363 dolendum;
2577 5288 2747 5354 unde
2773 5293 2986 5362 subdit
3021 5298 3104 5382 (v.
3135 5306 3232 5388 15)
3269 5306 3493 5380 :Mise-

1953 5439 2016 5452 ·-
2044 5417 2061 5448 ²
2081 5417 2194 5481 Iob,
2224 5433 2389 5485 xxvn,
2419 5427 2498 5477 19.
2527 5453 2590 5467 -
2617 5431 2637 5460 ⁸
2658 5432 2826 5502 Pron„
2849 5450 2921 5504 v1,
2953 5445 3031 5495 11.
3059 5472 3122 5486 —
3150 5452 3170 5482 ·
3199 5449 3309 5516 lob,
3341 5466 3383 5520 1,
3411 5459 3491 5510 21.

2016 5505 2083 5570 (a)
2119 5508 2269 5574 vulg.
2301 5521 2613 5585 conservata,
2643 5525 2696 5573 et
2722 5525 2794 5576 sic
2821 5528 3082 5598 deinceps.
