4196 6294
1586 431 1952 499 PSALMUS
1990 433 2252 499 cxviii.

327 577 504 654 pheta
532 577 591 633 ¹:
627 591 659 629 α
684 570 1031 632 Humiliatus
1055 584 1220 642 sum,
1259 573 1317 628 et
1355 568 1493 628 silui
1528 569 1803 629 abonis:
1835 589 1864 623 a

328 685 463 730 ecce
490 669 705 730 affams
728 664 976 726 tardior.

807 822 1089 880 Articulus
1116 819 1394 879 secundus.

399 949 737 1011 Secundum
778 947 1149 1018 subnotatur,
1207 961 1343 1003 cum
1389 943 1709 1002 subditur:
1764 946 1872 1001 Do·

329 1049 504 1111 mine.-
534 1043 819 1119 quoniam
853 1041 970 1098 hoc
1008 1053 1231 1097 nomen
1265 1039 1545 1114 importat
1576 1039 1872 1108 timorem,

321 1141 494 1215 juxta
517 1138 670 1197 illud
698 1136 1002 1211 Prophetae
1021 1133 1081 1191 ¹:
1128 1153 1156 1188 α
1180 1133 1238 1193 Si
1266 1149 1378 1206 ego
1408 1133 1691 1191 Dominus
1716 1150 1873 1204 sum,

326 1234 434 1293 ubi
453 1235 541 1292 est
558 1231 732 1290 timor
752 1246 943 1302 meus,
967 1229 1109 1287 dicit
1121 1228 1404 1287 Dominus
1423 1228 1825 1286 exercituum?
1838 1248 1868 1282 η

327 1330 448 1387 Hoc
493 1341 717 1385 nomen
771 1327 1166 1397 cognoscunt,
1221 1323 1326 1397 qui
1378 1322 1717 1380 tremiscunt
1726 1342 1746 1395 3
1798 1321 1874 1380 de

330 1423 548 1498 quibus
573 1420 883 1495 psallimus
908 1421 968 1476 ⁸:
1000 1436 1028 1472 α
1055 1420 1453 1491 cognoscunt,
1483 1417 1626 1491 quia
1653 1432 1875 1475 nomen

330 1517 437 1576 tibi
465 1520 651 1574 Deus:
683 1534 713 1570 n
735 1513 897 1572 unde
928 1515 1320 1586 cognoscetur
1345 1512 1627 1569 Dominus
1648 1511 1878 1583 ⁸iudicia

325 1611 574 1678 faciens,
620 1608 722 1683 qui
761 1623 887 1665 non
934 1607 1044 1665 fuit
1080 1605 1351 1680 cognitus
1386 1603 1731 1680 praejudicia
1767 1622 1875 1679 pa-

326 1706 492 1763 tiens.
533 1702 648 1763 Sed
689 1706 862 1773 nota,
908 1700 1075 1775 quod
1113 1698 1398 1758 Dominus
1442 1700 1717 1776 timorem
1762 1700 1875 1757 im-

326 1799 502 1857 mittit
534 1796 614 1855 ad
640 1796 752 1854 tria
780 1814 796 1852 :
837 1795 920 1852 ad
953 1795 1180 1853 malum
1222 1794 1640 1863 auferendum,
1669 1795 1747 1853 ad
1773 1812 1874 1853 ve-

325 1908 460 1949 rum
491 1888 947 1966 proferendum,
992 1887 1073 1946 ad
1115 1887 1364 1945 Domino
1408 1887 1870 1946 cohaerendum:

327 2001 584 2062 quorum
620 1984 880 2058 primum
922 1983 1329 2057 purgativum:
1375 1982 1704 2039 secundum
1745 1982 1875 2041 illu-

327 2078 704 2148 minativum:
749 2076 983 2135 tertium
1022 2075 1579 2133 consummativum.
1628 2077 1707 2132 De
1751 2076 1874 2150 pri-

325 2190 428 2232 mo
454 2171 517 2229 ⁴:
557 2170 814 2230 «Invasit
839 2170 1017 2227 timor
1044 2169 1276 2228 Domini
1303 2167 1619 2243 populum,
1648 2172 1706 2225 et
1733 2184 1876 2226 con-

325 2267 549 2342 gregati
593 2271 729 2325 sunt
771 2265 941 2340 quasi
986 2265 1079 2322 vir
1122 2280 1315 2322 unus:
1358 2283 1386 2317 π
1418 2279 1555 2321 ecce
1598 2263 1874 2320 timorem

325 2362 696 2421 Dominicum
720 2358 1055 2418 immissum
1081 2357 1169 2431 ,ad
1201 2357 1429 2416 malum
1458 2356 1868 2415 auferendum.

326 2460 404 2515 De
430 2454 693 2513 secundo
722 2452 865 2509 dicit
890 2453 1172 2510 Dominus
1198 2452 1560 2510 exercituum
1578 2451 1635 2507 ⁸:
1665 2469 1695 2504 α
1726 2450 1871 2508 Dedi

325 2551 409 2623 ei,
431 2570 461 2606 n
498 2548 719 2607 scilicet
732 2545 900 2618 Levi,
933 2547 1276 2617 «timorem,
1305 2550 1364 2603 et
1386 2546 1579 2603 timuit
1605 2562 1723 2617 me,
1753 2550 1811 2603 et
1836 2561 1875 2606 a
1918 2559 1921 2562 ’

323 2641 470 2702 facie
495 2640 756 2700 nominis
787 2639 906 2697 mei
933 2640 1192 2713 pavebat
1217 2657 1231 2697 :
1262 2640 1362 2697 lex
1390 2639 1648 2698 veritatis
1673 2639 1783 2698 fuit
1807 2639 1871 2697 in

302 2753 427 2796 ·ore
456 2738 618 2810 eJ'us:
644 2756 673 2789 ι»
697 2750 831 2793 ecce
850 2735 1124 2791 timorem
1142 2733 1514 2792 Dominicum
1532 2733 1867 2791 immissum

325 2830 405 2889 ad
431 2845 641 2888 verum
665 2827 1106 2903 proferendum.
1138 2830 1216 2885 De
1246 2826 1415 2885 tertio
1435 2829 1494 2884 ⁸:
1528 2848 1556 2879 «
1587 2826 1733 2884 Dicit
1761 2830 1868 2884 Do-

325 2924 523 2982 minus
549 2926 698 2981 Deus
717 2922 895 2983 Israel
916 2922 996 2980 ad
1021 2921 1314 2979 civitatem
1334 2922 1520 2993 banc3
1547 2942 1577 2976 n
1603 2926 1660 2979 et
1684 2921 1864 2979 infra:

333 3037 361 3072 α
384 3017 676 3075 Timorem
701 3032 902 3074 meum
923 3015 1084 3074 dabo
1113 3017 1174 3074 in
1196 3015 1376 3073 corde
1405 3031 1634 3082 eorum,
1654 3019 1720 3072 ut
1743 3029 1867 3072 non

321 3111 600 3171 recedant
646 3127 684 3171 a
725 3128 822 3170 me
850 3129 865 3168 :
908 3131 936 3164 υ
980 3126 1116 3169 ecce
1169 3111 1443 3169 timorem
1499 3108 1867 3169 dominicum

321 3208 648 3267 immissum
675 3207 754 3266 ad
783 3206 1034 3265 Domino
1063 3206 1503 3265 cohaerendum.

829 3366 1106 3422 Articulus
1134 3367 1346 3422 tertius.

386 3492 640 3551 Tertium
667 3489 999 3566 annotavit,
1029 3505 1165 3546 cum
1199 3489 1464 3547 additur:
1500 3491 1733 3562 Vivifica
1758 3507 1859 3548 me.

319 3590 445 3646 Haec
470 3585 789 3644 vivificatio
819 3589 905 3641 est
930 3583 1142 3641 mentis
1160 3582 1495 3656 languentis
1523 3583 1860 3657 medicatiO,

317 3698 421 3741 seu
448 3680 756 3755 languoris
784 3678 1125 3736 eradicatio.
1159 3681 1224 3735 Et
1249 3682 1425 3748 nota,
1457 3678 1625 3752 quod
1658 3685 1744 3738 est
1767 3680 1859 3737 vi-

317 3775 571 3834 vificatio
599 3773 885 3849 tripartita
916 3792 930 3831 :
973 3772 1249 3846 quasdam
1280 3772 1617 3845 gratificans
1648 3790 1663 3829 :
1697 3790 1861 3847 quae·

317 3873 455 3932 dam
491 3871 919 3945 magnificans:
962 3869 1238 3944 quaedam
1282 3868 1640 3941 glorificans,
1672 3869 1863 3928 Prima

316 3966 477 4025 ducit
498 3983 535 4025 a
559 3963 849 4040 spirituali
873 3978 1000 4021 non
1026 3978 1182 4034 esse,
1214 3962 1294 4019 ad
1321 3978 1447 4019 esse
1460 3982 1478 4034 ;
1506 3961 1797 4033 secunda,
1825 3977 1863 4020 a

314 4060 532 4119 minori
572 4075 730 4130 esse,
776 4058 857 4116 ad
890 4058 1081 4130 maius
1122 4072 1285 4114 esse:
1326 4056 1526 4126 tertia,
1572 4072 1609 4113 a
1647 4055 1861 4129 majori

316 4172 463 4229 esse,
493 4155 574 4214 ad
599 4152 927 4229 perfectum
953 4168 1098 4211 esse.
1129 4154 1207 4209 De
1235 4150 1429 4225 prima
1446 4152 1496 4208 ⁸¹:
1525 4169 1554 4205 α
1581 4151 1862 4209 Dominus

314 4250 657 4320 mortificat,
703 4252 761 4306 et
801 4246 1079 4305 vivificat.
1126 4265 1155 4301 w
1206 4243 1552 4304 mortificare
1626 4244 1861 4316 dicitur,

313 4359 437 4402 non
469 4342 795 4402 auferendo
835 4341 1118 4415 gratiam,
1157 4338 1374 4397 scilicet
1405 4353 1530 4396 non
1557 4337 1860 4396 afferendo

313 4438 505 4511 ipsam
534 4437 598 4494 in
633 4436 898 4493 animam
938 4433 1387 4508 indispositam:
1434 4448 1569 4490 ecce
1595 4431 1862 4490 vivifica-

311 4530 396 4589 tio
438 4530 790 4604 gratiflcans.
824 4532 901 4586 De
941 4526 1204 4585 secundo
1234 4527 1293 4584 ⁸:
1333 4545 1362 4579 α
1398 4526 1673 4598 Domine,
1710 4542 1862 4601 opus

312 4630 501 4698 tuum,
529 4624 593 4681 in
619 4623 820 4682 medio
840 4638 1136 4681 annorum
1168 4620 1407 4678 vivifica
1435 4620 1608 4678 illud.
1641 4640 1671 4674 i>
1702 4622 1862 4695 Opus

313 4720 415 4779 Dei
447 4735 573 4778 non
600 4723 687 4776 est
711 4722 1047 4788 mortuum,
1087 4716 1192 4774 sed
1227 4716 1471 4788 vivum,
1511 4715 1684 4789 quia,
1714 4715 1865 4773 sicut

313 4815 548 4889 sapiens
576 4812 720 4871 dicit
743 4814 808 4867 ἐ
846 4830 874 4865 α
899 4813 1052 4869 Deus
1091 4814 1347 4868 mortem
1385 4824 1510 4868 non
1550 4809 1714 4879 fecit,-
1741 4829 1771 4865 ν
1805 4811 1864 4867 et

315 4914 512 4968 tamen
543 4924 696 4982 opus
718 4907 919 4981 ipsum
946 4905 1010 4962 in
1038 4904 1240 4962 medio
1279 4919 1575 4963 annorum
1600 4903 1864 4963 vivifica·

316 5007 441 5071 tur,
486 5001 731 5079 quando
776 4999 964 5073 gratia
988 4998 1400 5073 amplificatur.
1446 5000 1525 5056 De
1568 4998 1739 5074 tertio
1768 5000 1858 5057 ¹⁸:

322 5117 352 5153 ι
376 5097 743 5170 Quicumque
787 5092 1085 5169 quaaeierit
1127 5092 1389 5151 animam
1427 5109 1599 5151 suam
1632 5093 1877 5152 salvam'

385 5247 401 5280 ¹
428 5245 572 5296 Psal.
612 5253 844 5308 mvm,
896 5243 1036 5293 3.-
1083 5241 1101 5271 ²
1134 5241 1342 5305 Malae„
1381 5256 1418 5308 ι,
1466 5246 1514 5295 6.
1558 5269 1611 5279 -
1658 5242 1681 5277 ⁸
1716 5242 1858 5294 Psal.

322 5328 518 5379 mxu,
546 5318 624 5366 ¹9.
648 5341 711 5353 —-
734 5316 756 5350 δ
784 5317 799 5363 Ι
834 5315 971 5378 Rey„
998 5326 1075 5377 ιι,
1103 5315 1150 5362 7.
1175 5339 1238 5351 —
1262 5314 1285 5349 ⁸
1308 5314 1546 5375 Malaca„
1570 5326 1629 5377 11,
1652 5318 1702 5377 5,
1728 5317 1775 5365 6.
1798 5342 1858 5352 -

322 5386 345 5420 ⁸
365 5386 568 5449 lei-em„
594 5397 762 5448 xxxii,
794 5387 875 5448 36,
903 5389 981 5435 ιθ.
1006 5410 1067 5423 -
1096 5385 1111 5415 ²
1144 5385 1158 5433 1
1190 5385 1331 5450 Κεφ,
1365 5398 1422 5448 11,
1455 5389 1504 5437 6.
1533 5385 1858 5444 —⁸Habac.,

3405 439 3526 501 ⁴55

1976 569 2199 643 facere,
2236 569 2446 644 perdet
2477 570 2642 629 illam
2653 589 2672 644 ;
2716 574 2773 629 et
2812 570 3178 645 quicumque
3204 569 3532 644 perdiderit

1978 663 2179 736 illam,
2209 664 2535 723 vivificabit
2572 680 2740 739 eam3
2771 685 2802 719 ι
2834 664 3006 740 quasi
3039 663 3199 722 dicat
3230 663 3522 724 breviter:

1977 756 2223 815 Salvans
2248 757 2433 817 vitam
2461 759 2884 834 temporaliter,
2911 758 3122 833 perdet
3144 759 3527 834 aeternaliter5

1982 853 2038 908 et
2083 851 2342 925 perdens
2386 854 2817 926 temporaliter,
2866 851 3121 911 salvabit
3160 853 3526 912 internaliter.

1980 947 2110 1002 Hoec
2139 945 2352 1004 animae
2378 945 2719 1014 vivificatio,
2747 950 2834 1004 est
2862 947 3046 1020 ipsius
3072 946 3443 1020 glorificatio.
3473 947 3530 1006 Si

1982 1038 2220 1113 quaeris,
2250 1039 2560 1113 quomodo
2588 1040 2908 1099 vivificatio
2942 1042 3191 1100 sumitur
3215 1041 3278 1099 in
3303 1058 3528 1117 propo-

1979 1132 2090 1191 sito
2103 1152 2121 1205 3
2151 1148 2275 1192 non
2301 1133 2497 1208 primo
2523 1134 2742 1206 modo,
2769 1151 2878 1193 nec
2903 1135 3095 1209 tertio,
3107 1136 3214 1195 sed
3241 1136 3525 1197 secundo.

2470 1263 2759 1350 Articulus
2792 1297 3037 1366 quartus.

2053 1417 2338 1485 Quartum
2375 1415 2709 1489 denotatur,
2757 1432 2894 1475 cum
2939 1417 3183 1477 dicitur:
3233 1420 3532 1482 Secundum

1980 1511 2194 1567 verbum
2216 1516 2399 1568 tuum:
2416 1511 2532 1569 hoc
2557 1514 2643 1569 est
2660 1510 2914 1570 verbum
2941 1512 3218 1585 salutare,
3246 1532 3369 1589 quo
3393 1534 3532 1592 pro-

1981 1604 2141 1661 misit
2166 1621 2477 1677 percussos
2504 1621 2731 1664 sanare.
2764 1609 2893 1665 llaec
2919 1607 3234 1681 promissio
3256 1608 3529 1686 habetur,

1983 1699 2091 1757 ubi
2118 1700 2332 1773 legitur
2361 1703 2434 1758 ¹¹:
2470 1721 2500 1755 a
2526 1703 2874 1774 percutiam,
2898 1705 2955 1762 et
2981 1719 3096 1776 ego
3124 1704 3352 1763 sanabo
3367 1725 3384 1779 3
3414 1726 3444 1762 r
3475 1711 3534 1766 et

1985 1795 2035 1852 ei
2087 1795 2490 1853 testimonium
2515 1797 2878 1870 perhibetur,
2908 1797 3014 1855 ubi
3041 1797 3117 1874 (a)
3146 1799 3420 1858 scribitur
3446 1801 3527 1860 ¹²:

1989 1906 2018 1941 α
2044 1890 2172 1961 Ipse
2201 1888 2493 1960 vulnerat,
2529 1895 2586 1947 et
2610 1890 2882 1948 medetur
2892 1911 2910 1963 ;
2939 1892 3208 1966 percutit,
3237 1897 3294 1951 et
3319 1910 3531 1954 manus

1982 1981 2110 2053 ejus
2138 1982 2452 2040 sanabunt.
2484 2003 2512 2036 >2
2546 1986 2613 2041 Et
2638 1987 2780 2043 nota
2807 1984 2964 2044 circa
2990 1986 3245 2045 verbum
3274 1987 3530 2048 domini-

1982 2092 2151 2146 cum,
2183 2075 2348 2149 quod
2374 2076 2589 2150 legitur
2614 2079 2914 2137 interdum
2949 2079 3334 2155 fructiferum,
3363 2100 3531 2158 pros-

1980 2184 2215 2244 perum,
2246 2186 2543 2245 asperum.
2577 2173 2836 2231 Primum
2863 2175 3136 2248 congruit
3160 2176 3348 2235 verbo
3376 2194 3530 2252 prae-

1982 2263 2247 2337 ceptiv03
2270 2265 2622 2337 secundum,
2646 2253 2831 2324 verbo
2854 2269 3209 2341 promissivo
3223 2288 3241 2340 3
3272 2272 3528 2344 tertium,

1980 2356 2169 2414 verbo
2199 2359 2640 2417 comminativo.
2673 2362 2751 2417 De
2784 2359 2980 2434 primo
3013 2364 3086 2419 ¹⁸:
3125 2381 3154 2415 α
3180 2362 3335 2423 Sicut
3361 2366 3532 2424 rusti·
3643 2353 3648 2359 ⁵

1979 2450 2134 2508 catio
2162 2450 2237 2508 de
2278 2451 2444 2525 ligno
2474 2453 2729 2512 ostendit
2769 2453 3025 2513 fructum
3063 2456 3252 2530 illius,
3290 2457 3373 2517 sic
3399 2476 3530 2518 ver·

1978 2544 2129 2601 bum
2171 2561 2244 2602 ex
2285 2546 2542 2619 cogitatu
2583 2546 2844 2606 hominis
2880 2565 3002 2607 cor.
3050 2571 3078 2606 »
3124 2554 3204 2609 Ac
3241 2552 3291 2610 si
3328 2558 3529 2627 aperte

1980 2638 2173 2696 dicat:
2208 2639 2366 2699 Sicut
2389 2640 2623 2714 lignum
2652 2641 2994 2701 humanitus
3019 2645 3244 2704 cultum
3273 2648 3530 2707 ostendit

1975 2733 2264 2807 fructum,
2298 2751 2372 2793 ex
2416 2740 2627 2795 natura
2668 2738 2912 2796 interius
2948 2742 3229 2813 operante
3267 2741 3528 2816 produc-

1976 2829 2137 2896 tum:
2168 2830 2250 2887 sic
2279 2845 2384 2887 cor
2408 2831 2738 2889 humanum
2767 2831 3048 2890 divinitus
3075 2833 3407 2909 excultum,
3436 2854 3529 2895 os-

1975 2924 2164 2982 tendit
2210 2924 2462 2982 verbum
2502 2924 2896 2997 fructiferum,
2942 2942 3012 2985 ex
3057 2928 3245 3001 gratia
3281 2929 3527 2989 interius

1976 3023 2259 3092 operante
2292 3025 2681 3094 conceptum:
2720 3036 2855 3079 ecce
2880 3022 3135 3081 verbum
3161 3022 3526 3083 fructiferum

1976 3111 2053 3171 de
2081 3113 2297 3171 divinis
2332 3114 2656 3190 praeceptis.
2688 3118 2766 3174 De
2793 3117 3057 3177 secundo
3085 3118 3128 3154 ¹⁸
3149 3137 3167 3174 :
3204 3138 3232 3172 α
3266 3117 3524 3178 Verbum

1972 3225 2206 3281 meum,
2252 3211 2419 3284 quod
2458 3211 2791 3285 egredietur
2826 3212 2902 3270 de
2942 3229 3043 3273 ore
3084 3231 3256 3287 meo,
3284 3232 3408 3274 non
3435 3232 3526 3274 re·

1972 3306 2231 3361 vertetur
2258 3303 2338 3361 ad
2364 3320 2467 3361 me
2483 3320 2764 3376 vacuum,
2795 3306 2903 3365 sed
2927 3305 3103 3366 faciet
3129 3325 3523 3384 quaecumque

1971 3397 2159 3467 volui,
2185 3401 2241 3455 et
2266 3398 2748 3473 prosperabitur:
2778 3420 2808 3457 n
2841 3417 2976 3459 ecce
3002 3402 3254 3461 verbum
3281 3420 3525 3480 prospe-

1970 3508 2107 3549 rum
2146 3492 2221 3549 de
2248 3492 2462 3549 divinis
2483 3493 2809 3567 promissis.
2840 3497 2917 3552 De
2946 3495 3117 3554 tertio
3144 3498 3418 3557 scribitur
3449 3500 3517 3558 ¹⁵:

1979 3607 2007 3640 ι(
2030 3590 2158 3661 lpse
2185 3586 2458 3645 liberavit
2482 3603 2578 3645 me
2620 3587 2695 3646 de
2724 3588 2942 3663 laqueo
2978 3592 3353 3663 venantium,
3383 3597 3440 3652 et
3484 3610 3522 3652 a

1970 3680 2160 3738 verbo
2193 3696 2436 3754 asper03
2464 3699 2493 3735 π
2524 3681 2589 3739 id
2630 3686 2734 3754 est,
2766 3699 2805 3740 a
2828 3683 3146 3742 tentatione
3186 3684 3518 3761 diabolica,

1971 3779 2029 3832 et
2054 3790 2091 3831 a
2117 3773 2576 3834 comminatione
2605 3776 2941 3836 dominica:
2982 3794 3117 3836 ecce
3146 3779 3396 3838 verbum
3424 3796 3517 3839 as-

1970 3886 2182 3945 perum
2212 3870 2288 3928 de
2314 3871 2876 3931 comminationibus
2903 3873 3139 3933 divinis,

2614 4032 2874 4100 Epilogus.

2040 4153 2132 4211 Ait
2171 4168 2313 4226 ergo
2333 4152 2666 4228 Propheta,
2713 4154 2812 4212 vel
2865 4154 2958 4214 vir
2998 4156 3189 4229 justus
3235 4156 3516 4216 divinitus

1968 4246 2326 4321 flagellatuS,
2381 4263 2528 4305 voce
2580 4249 2961 4323 prophetica:
2983 4319 2992 4327 ..
3011 4252 3353 4309 Humiliatu:
3395 4268 3514 4309 sum

1967 4357 2347 4414 usquequaque
2356 4384 2374 4413 ‚
2415 4340 2478 4398 in
2519 4357 2641 4416 quo
2674 4342 2921 4400 tumoris
2949 4343 3214 4417 emissio;
3257 4347 3511 4415 Domine,

1967 4434 2032 4493 in
2073 4450 2196 4508 quo
2238 4434 2464 4493 timoris
2503 4435 2787 4494 immissio
2797 4455 2818 4507 ς
2865 4439 3096 4510 Vivittca
3134 4453 3246 4510 mc,
3285 4436 3349 4495 in
3390 4454 3511 4511 quo

1970 4527 2275 4600 languoris
2303 4527 2574 4602 emissio;
2624 4529 2921 4587 Secundum
2967 4532 3182 4589 verbum
3228 4535 3410 4599 tuum,
3452 4531 3514 4589 in

1972 4637 2095 4695 quo
2122 4622 2346 4695 vigoris
2370 4621 2708 4697 promissio.

2499 4793 2828 4840 vnastcums
2862 4796 2962 4841 ΧΠ.

2042 4907 2167 4964 108.
2206 4907 2528 4965 Voluntaria
2564 4910 2675 4967 oris
2701 4912 2843 4981 mci,
2871 4913 2978 4969 etc.
3017 4911 3275 4972 Charitas
3310 4912 3515 4972 lucens
3555 4917 3766 4968 cautim

1963 5000 2114 5059 toris
2140 5000 2435 5076 disposuit
2453 5000 2757 5077 tripliciter
2780 5004 2943 5064 viam
2968 5006 3152 5064 moris
3197 5024 3213 5063 :
3242 5005 3516 5066 videlicet

1969 5165 2052 5216 111,
2080 5157 2129 5206 2.
2150 5180 2213 5193 -
2235 5155 2255 5186 ⁹
2277 5154 2419 5221 Sap„
2449 5167 2489 5216 1,
2523 5158 2597 5208 ¹3.
2617 5182 2681 5194 —
2703 5158 2748 5194 ¹⁰
2772 5157 2907 5217 Luc..
2935 5170 3065 5222 xvii,
3089 5161 3251 5211 33.-
3277 5160 3315 5196 ¹¹
3346 5160 3511 5223 Deua,

1969 5239 2141 5290 xxxii,
2170 5229 2246 5278 39.
2273 5253 2333 5264 -
2374 5227 2414 5261 ¹²
2437 5226 2548 5288 lob,
2593 5240 2645 5291 v,
2685 5231 2765 5278 ¹8.
2789 5256 2853 5266 —
2892 5230 2929 5265 ¹³
2958 5230 3138 5294 Eccli„
3167 5244 3338 5296 xxvn,
3375 5235 3422 5283 7.
3454 5256 3516 5271 -

1974 5298 2007 5326 '⁴
2039 5298 2156 5353 Iso..
2188 5310 2271 5358 ιν,
2303 5302 2377 5348 10.
2404 5325 2456 5334 -
2492 5300 2534 5334 ¹⁸
2563 5299 2695 5350 Ptol.
2726 5311 2807 5363 xc,
2834 5305 2880 5351 3.
3435 5301 3443 5309 ’

2036 5388 2107 5448 (α)
2141 5386 2264 5438 Cat.
2293 5387 2414 5438 edit.
2443 5391 2496 5438 et
2526 5387 2631 5439 ubi.

3542 4986 3628 5029 tori
3681 4984 3755 5029 ln-

3544 5058 3668 5093 oenu-
