4196 6294
780 461 896 521 382

783 611 812 643 α
840 591 1178 653 Mandatum
1209 609 1440 653 novum
1468 595 1547 654 do
1588 595 1794 666 vebia,
1822 601 1889 655 ut
1925 597 2185 672 diligatis
2230 600 2320 657 in-

774 686 966 744 vicem
1011 707 1025 742 :
1066 708 1096 742 n
1143 704 1278 746 ecce
1329 688 1568 747 dilectio
1596 732 1616 762 ,
1662 706 1795 764 quae
1849 692 2189 753 mandatur.
2240 696 2317 752 De

774 782 1041 840 secundo
1071 785 1089 819 ¹
1126 800 1142 840 ε
1188 803 1217 837 α
1260 783 1316 842 Si
1363 783 1604 857 diligitis
1650 801 1746 843 me
1778 827 1798 857 ,
1847 787 2132 846 mandata
2183 804 2318 848 mea

774 879 1003 934 servate
1033 894 1048 933 ε
1077 896 1107 930 n
1141 893 1273 935 ecce
1302 877 1572 951 dilectio,
1600 894 1710 952 per
1751 895 1932 953 quam
1979 882 2317 942 mandatur.

775 971 854 1026 De
881 969 1052 1028 tertio
1076 969 1099 1001 ²
1129 989 1144 1027 ε
1179 990 1206 1025 α
1229 971 1336 1040 Qui
1363 972 1544 1029 habet
1583 960 1867 1032 mandata
1907 991 2074 1046 mea,
2105 980 2164 1034 et
2188 992 2315 1035 ser-

772 1066 874 1119 vat
902 1078 1000 1134 ea,
1030 1062 1131 1122 ille
1158 1067 1271 1134 est,
1302 1064 1407 1138 qui
1449 1064 1643 1139 diligit
1681 1083 1776 1124 me
1809 1085 1823 1124 ε
1857 1067 1961 1142 qui
1998 1074 2195 1127 autem
2224 1070 2316 1127 di-

773 1155 903 1229 ligit
926 1173 1056 1229 me,
1087 1157 1365 1230 diligetur
1387 1174 1424 1215 a
1444 1162 1613 1233 patre
1640 1176 1809 1232 me0,
1839 1163 1897 1218 et
1925 1177 2037 1234 ego
2066 1161 2317 1237 diligam

774 1264 940 1320 eum,
977 1253 1035 1308 et
1058 1250 1449 1310 manifestabo
1491 1252 1578 1310 illi
1620 1253 1912 1328 meipsum
1945 1275 1959 1313 :
1991 1276 2021 1311 ι)
2056 1272 2190 1315 ecce
2228 1258 2318 1315 di-

773 1344 978 1417 lectio,
1007 1349 1251 1421 propter
1278 1362 1463 1420 quam
1486 1346 1823 1406 mandatur.

1417 1509 1676 1574 Epilogus

844 1630 1000 1688 Patet
1025 1628 1222 1703 itaque
1253 1644 1422 1687 mens
1445 1630 1747 1704 Prophetae
1761 1649 1779 1703 ;
1813 1632 1980 1706 quod
2008 1632 2167 1691 enim
2194 1636 2315 1692 ait:

772 1725 849 1779 Et
875 1723 1182 1780 meditabar
1201 1765 1221 1795 ,
1248 1739 1370 1780 vox
1407 1728 1492 1781 est
1517 1724 1727 1783 mentis
1772 1724 2035 1785 invenire
2075 1728 2318 1802 cupien-

772 1817 875 1888 tis,
903 1815 1205 1888 pertinens
1232 1816 1312 1873 ad
1340 1817 1602 1891 primum
1639 1821 1833 1877 actum
1846 1862 1866 1892 ,
1896 1820 2117 1879 scilicet
2142 1837 2319 1896 appe-

772 1909 984 1981 titum3
1017 1909 1185 1984 quod
1215 1909 1420 1966 addit:
1453 1913 1521 1967 In
1545 1912 1855 1984 mandetis,
1875 1918 1961 1972 est
1982 1930 2102 1972 vox
2134 1914 2318 1989 ipsius

774 2002 986 2059 mentis
1035 2002 1351 2077 imperium
1404 2002 1785 2076 ingredientis
1808 2049 1828 2079 ,
1887 2009 2186 2081 pertinens
2238 2010 2316 2066 ad

773 2095 1135 2168 secundum,
1176 2096 1397 2154 scilicet
1439 2095 1743 2156 introitum
1777 2119 1795 2172 ;
1845 2100 2013 2175 quod
2058 2101 2263 2159 subdit
2297 2121 2312 2159 ε

778 2193 907 2248 Tuis
923 2234 942 2263 ‚
971 2207 1093 2250 vox
1118 2196 1203 2249 est
1229 2191 1415 2266 ipsius
1449 2192 1659 2251 mentis
1686 2193 2106 2269 imperatorem
2147 2196 2315 2255 inve-

771 2284 1010 2351 vientis,
1041 2285 1340 2359 pertinens
1364 2285 1443 2344 ad
1470 2287 1737 2359 tertium,
1760 2289 1979 2348 scilicet
2004 2290 2312 2363 intuitum;

772 2377 940 2452 quod
986 2379 1333 2453 superaddit
1369 2398 1384 2436 ε
1435 2380 1564 2448 Quoe
1609 2381 1785 2439 dilexi
1799 2424 1818 2454 ,
1847 2398 1967 2442 vox
2012 2388 2097 2441 est
2134 2384 2317 2458 ipsius

772 2474 985 2540 mentis
1027 2473 1253 2531 donum
1301 2474 1593 2547 optimum
1638 2473 1982 2548 obtinentis,
2019 2478 2317 2551 pertinens

773 2565 851 2623 ad
879 2568 1184 2640 quartum,
1215 2567 1434 2627 scilicet
1460 2567 1539 2626 ad
1568 2567 1895 2627 obtentum.

1296 2792 1625 2837 vnnsmums
1674 2794 1791 2835 xvl.
1810 2838 1819 2845 .

844 2951 932 3005 48.
957 2949 1028 3005 Et
1051 2949 1223 3004 levavi
1239 2963 1430 3005 manus
1456 2964 1623 3018 meas,
1638 2950 1747 3005 etc.
1766 2951 1918 3007 Inter
1930 2948 2023 3007 bis
2042 2948 2188 3007 bina
2213 2950 2315 3008 be·

771 3041 987 3099 neficia
1038 3040 1119 3099 ad
1187 3056 1454 3099 amorem
1522 3042 1791 3098 divinum
1856 3044 2271 3116 promoventia
2295 3087 2313 3116 ,

774 3152 954 3194 onere
1010 3134 1269 3210 primum
1283 3177 1305 3207 ‚
1348 3136 1455 3193 sed
1506 3135 1735 3193 honore
1786 3135 2176 3194 novissimum
2230 3141 2317 3196 est

772 3228 1067 3287 manualis
1095 3227 1386 3300 efficacia,
1417 3244 1605 3303 quam
1647 3228 1926 3289 describit
1952 3247 2162 3289 versus
2207 3232 2314 3291 iste

553 3353 747 3407 operan-
772 3322 1254 3398 quadrupliciter,
1285 3322 1702 3395 distinguendo
1739 3324 1992 3383 modum
2022 3326 2314 3400 operandi

561 3415 715 3456 aimo-
774 3417 1253 3493 quadriformiter
1288 3436 1306 3489 3
1363 3421 1509 3489 puta
1559 3420 1825 3490 patenter
1852 3463 1872 3487 ,
1929 3420 2274 3479 obedienter
2294 3464 2315 3493 ‚

532 3474 748 3593 22:93²ss
770 3513 1092 3585 ferventer,
1140 3516 1314 3585 atque
1362 3510 1745 3585 frequenter:
1786 3531 2046 3589 quorum
2086 3516 2315 3590 primus

771 3607 1031 3665 excludit
1057 3606 1329 3665 timorem
1351 3625 1369 3675 ς
1391 3606 1716 3677 secundus,
1748 3610 2067 3683 tumorem3
2094 3610 2312 3684 tertiuS,

772 3708 1070 3780 teporem3
1102 3702 1208 3762 sed
1235 3705 1506 3778 quartae,
1536 3707 1858 3779 torporem.

1267 3861 1549 3918 Artemius
1585 3864 1817 3933 primus.

846 3992 1106 4050 Primum
1133 3990 1425 4065 operandi
1451 3990 1702 4048 modum
1727 3989 2110 4063 intelligimus
2129 4032 2149 4062 ,
2177 4005 2315 4047 cum

571 4105 748 4151 Lanae
774 4085 1027 4158 legimus
1055 4104 1070 4142 :
1106 4088 1175 4142 Et
1204 4087 1377 4142 levavi
1401 4100 1594 4140 manus
1633 4099 1777 4141 meas
1803 4101 1826 4141 .·
1853 4083 2070 4141 levatio
2097 4099 2314 4157 nempe

535 4181 748 4214 manuum
774 4196 1061 4238 manuum
1105 4183 1190 4237 est
1232 4183 1429 4237 motus
1467 4178 1721 4236 exterior
1748 4219 1769 4248 ‚
1806 4193 1912 4252 per
1957 4192 2138 4251 quem
2187 4193 2316 4235 ma-

776 4274 1080 4332 nifestatur
1128 4277 1328 4332 motus
1380 4271 1624 4330 interior
1656 4271 1846 4329 :sicut
1885 4270 2047 4328 enim
2084 4269 2315 4329 levatur

774 4386 985 4428 manus
1012 4411 1033 4440 ,
1087 4368 1170 4426 sic
1212 4368 1441 4426 levatur
1487 4368 1741 4426 animus.
1797 4370 1863 4426 Et
1908 4371 2052 4426 uota
2081 4412 2100 4440 ‚
2149 4369 2315 4443 quod

774 4463 993 4523 levatio
1033 4462 1286 4522 exterior
1332 4462 1667 4520 manifestat
1708 4459 2050 4518 interiorem
2069 4503 2089 4533 ,
2129 4478 2316 4536 quan·

774 4562 899 4616 tum
927 4558 1007 4616 ad
1050 4556 1353 4626 timorem,
1384 4555 1694 4627 dolorem,
1727 4570 2013 4614 amorem.
2055 4554 2315 4613 Primum

773 4655 935 4725 patet
959 4651 1136 4725 pulsu
1174 4650 1546 4723 tentationis;
1588 4649 1916 4708 secundum
1965 4650 2027 4708 in
2073 4650 2316 4724 planctu

775 4744 1176 4815 contritionis3
1217 4743 1454 4801 tertium
1492 4743 1555 4800 in
1593 4742 1809 4817 plausu
1853 4742 2206 4804 devotionis.
2239 4746 2316 4802 De

773 4841 968 4916 primo
999 4840 1021 4875 ³
1050 4856 1066 4895 z
1100 4857 1129 4892 α
1153 4840 1299 4895 Cum
1326 4838 1548 4896 levaret
1581 4841 1811 4913 Moyses
1837 4854 2050 4897 manus
2067 4881 2087 4911 ,
2119 4838 2317 4896 vince-

772 4933 877 4992 bat
903 4931 1079 4991 lsrael
1112 4950 1126 4989 ε
1157 4931 1206 4989 si
1234 4937 1432 4989 autem
1469 4931 1783 5006 paululum
1825 4932 2179 5003 remisisset,
2223 4948 2317 4989 su-

773 5027 1022 5102 perabat
1083 5025 1383 5085 Amalech.
1436 5046 1464 5079 »
1517 5027 1619 5084 Hic
1666 5032 1893 5102 Moyses
1947 5025 2318 5102 exprimebat

775 5122 1061 5194 exteriuS,
1110 5125 1401 5195 quantum
1446 5120 1692 5178 timebat
1736 5120 1978 5180 interius
1997 5162 2018 5191 ‚
2054 5119 2316 5177 levando

776 5230 989 5273 manus
1040 5215 1355 5286 intensius,
1403 5212 1503 5273 vel
1545 5213 1845 5272 remissius
1866 5257 1887 5288 ,
1934 5212 2083 5271 sicut
2124 5211 2319 5287 quivis

843 5343 862 5377 ¹
889 5342 1049 5404 loen„
1086 5355 1201 5406 xiv,
1238 5345 1319 5393 15.
1352 5368 1414 5379 —
1449 5341 1468 5372 ²
1507 5339 1654 5406 ibid„
1692 5344 1770 5394 21.
1811 5368 1866 5379 -
1909 5340 1928 5371 ³
1961 5339 2147 5404 Exod„
2186 5351 2315 5404 xvn,

779 5420 858 5468 11.
886 5439 947 5452 —
985 5415 1003 5445 ⁴
1042 5414 1234 5475 Thr-en„
1275 5424 1367 5477 111,
1403 5415 1493 5476 4¹,
1532 5415 1611 5462 42.
1642 5439 1705 5452 —
1739 5414 1762 5448 ⁸
1798 5411 1932 5463 psal.
1977 5424 2124 5476 an,
2165 5415 2216 5463 5.
2254 5438 2319 5452 —

1825 462 2239 531 EXPOSITIO
2283 464 2363 532 IN
2406 466 2930 535 PSALTERIUM.

2429 601 2581 661 alius
2626 603 2690 662 in
2746 604 3012 678 periculo
3058 605 3423 664 constitutus
3473 607 3649 675 Quod
3691 607 3950 667 manibus

2428 696 2633 755 levatis
2640 740 2661 770 ,
2692 713 2816 756 non
2838 697 3094 756 remissis
3109 739 3130 768 ,
3157 699 3434 758 Amalech
3460 701 3820 772 vinceretur,
3847 704 3950 777 sig-

2427 790 2671 864 nificat,
2721 792 2886 865 quod
2941 792 3139 851 cordis
3184 793 3428 852 intentio
3459 837 3477 866 ‚
3519 810 3648 853 -non
3698 796 3949 856 remissio

2428 888 2738 947 victoriam
2778 888 3113 948 tentationis
3161 873 3435 948 meretur.
3484 892 3564 947 De
3608 892 3865 950 secundo
3889 893 3947 951 ⁴:

2433 1002 2463 1037 α
2491 986 2774 1040 Levemus
2802 983 2986 1041 corda
3013 987 3215 1042 nostra
3257 999 3393 1041 cum
3429 982 3707 1042 manibus
3748 985 3827 1042 ad
3851 988 3950 1043 Do·

2427 1075 2660 1135 minum
2704 1076 2767 1133 in
2820 1077 3022 1135 coeloS.
3078 1079 3193 1134 Nos
3245 1076 3450 1151 inique
3503 1078 3763 1151 egimuS,
3793 1079 3950 1136 etad

2426 1169 2799 1229 iracundiam
2838 1170 3340 1244 provocavimus:
3371 1169 3538 1229 ‘ideo
3587 1170 3951 1231 inexorabilis

2428 1279 2510 1321 es,
2557 1284 2585 1317 ο
2625 1264 2726 1322 Hic
2768 1268 2929 1337 patet
2968 1263 3183 1322 levatio
3212 1268 3332 1323 tam
3377 1264 3691 1323 intrinseca
3718 1309 3736 1337 ‚
3783 1282 3951 1340 quam

2428 1358 2777 1429 extrinseca,
2808 1373 2882 1415 ex
2927 1356 3150 1416 doloris
3196 1357 3608 1432 poenitentialis
3654 1361 3952 1418 vehemen-

2426 1451 2527 1509 tia.
2577 1454 2656 1509 De
2702 1450 2871 1510 tertio
2907 1452 2928 1486 ⁸
2974 1469 2990 1508 z
3027 1472 3056 1505 α
3097 1451 3189 1509 Sic
3241 1452 3592 1510 benedicam
3636 1456 3693 1511 te
3734 1454 3796 1510 in
3843 1452 3954 1511 vita

2427 1560 2599 1617 mea,
2628 1547 2686 1602 et
2712 1544 2775 1602 in
2799 1544 3042 1603 nomine
3072 1547 3174 1603 tuo
3201 1544 3419 1604 levabo
3464 1563 3674 1605 manus
3715 1563 3893 1606 meaS.
3919 1570 3944 1601 »

2426 1639 2537 1696 lsta
2565 1637 2784 1697 levatio
2829 1639 3081 1713 pertinet
3129 1638 3209 1697 ad
3249 1639 3527 1714 plausum
3572 1641 3915 1700 exteriorem
3932 1682 3949 1712 ,

2427 1730 2806 1790 manifestans
2832 1736 3062 1791 motum
3089 1733 3310 1792 amoris
3337 1733 3700 1793 interiorem.

2885 1893 3172 1949 Articulus
3209 1892 3490 1950 secundus.

2497 2017 2833 2076 Secundum
2856 2018 3146 2093 operandi
3173 2018 3426 2077 modum
3452 2018 3804 2093 aspicimus,
3830 2035 3954 2078 cum

2427 2110 2783 2183 adjicimus:
2814 2113 2910 2169 Ad
2936 2114 3198 2171 mandata
3243 2123 3355 2171 tua.
3403 2116 3627 2171 Revera
3670 2113 3952 2173 mandatis

2426 2204 2641 2263 divinis
2676 2205 2926 2265 debetur
2953 2205 3312 2265 obedientia.
3347 2209 3505 2265 Tunc
3542 2207 3724 2279 igitur
3754 2222 3950 2265 manus

2425 2298 2505 2357 ad
2533 2299 2814 2358 mandata
2837 2299 3127 2371 levamuS,
3155 2316 3291 2358 cum
3317 2300 3568 2359 libenter
3595 2305 3651 2358 et
3678 2301 3945 2360 obedien-

2424 2398 2510 2452 ter
2536 2395 2642 2453 illa
2669 2411 2993 2454 servamus,
3024 2400 3090 2453 Et
3132 2400 3274 2454 nota
3289 2438 3308 2468 ,
3338 2395 3524 2470 rquod
3552 2397 3847 2455 mandatis
3871 2396 3949 2453 di-

2423 2489 2578 2547 vinis
2606 2490 2880 2548 convenit
2916 2489 3162 2548 obedire
3187 2489 3553 2560 voluntarie,
3604 2489 3949 2558 necessarie,

2424 2586 2601 2658 atque
2629 2584 2913 2658 plenarie.
2945 2586 3134 2654 Quare
3160 2583 3490 2642 voluntarie
3508 2587 3538 2641 ⁶?
3576 2589 3823 2659 propter
3854 2584 3947 2642 he·

2424 2678 2774 2736 nedictionis
2822 2677 3299 2753 promissionem.
3353 2681 3541 2749 Quare
3587 2678 3949 2737 necessarie?

2422 2776 2664 2847 propter
2710 2772 3141 2831 maledictionis
3177 2771 3726 2831 comminationem.
3775 2776 3948 2843 Quare

2421 2865 2722 2940 plenarie?
2765 2869 3009 2941 propter
3050 2866 3361 2925 solutionis
3402 2865 3832 2925 confusionem.
3881 2868 3949 2922 De

2423 2959 2619 3033 primo
2646 2962 2668 2996 ⁸
2698 2979 2712 3017 :
2750 2979 2778 3015 α
2807 2960 2862 3018 Si
2891 2959 3149 3019 audieris
3188 2977 3400 3019 vocem
3442 2959 3675 3018 Domini
3703 2959 3807 3018 Dei
3841 2959 3949 3029 tui,

2423 3059 2488 3112 ut
2504 3053 2703 3126 facia5‚
2720 3058 2896 3127 atque
2914 3054 3211 3113 custodias
3226 3054 3425 3111 omnia
3453 3053 3742 3112 mandata
3757 3053 3807 3126 ej
3813 3069 3901 3123 us;
3914 3072 3937 3105 ι

2425 3152 2483 3207 et
2507 3146 2660 3207 infra
2685 3166 2700 3205 ε
2737 3170 2763 3200 α
2790 3146 3034 3207 Venient
3058 3164 3236 3223 super
3270 3152 3326 3205 te
3361 3147 3648 3206 universae
3679 3144 3949 3206 benedic-

2420 3243 2610 3300 tiones
2637 3242 2775 3315 istae,
2807 3262 2837 3296 ι)
2870 3246 3014 3301 etc.:
3045 3258 3180 3300 ecce
3208 3241 3576 3313 benedictio,
3606 3257 3794 3315 quam
3831 3255 3947 3298 me-

2419 3341 2580 3396 retur
2609 3335 2872 3396 mandati
2903 3336 3288 3395 conservatio.
3336 3338 3413 3393 De
3458 3334 3724 3393 secundo
3762 3333 3950 3393 subdi·

2422 3435 2556 3491 tur⁷
2589 3450 2604 3488 ε
2641 3451 2669 3486 α
2695 3432 2751 3490 Si
2776 3432 2983 3490 audire
3033 3432 3294 3491 nolueris
3343 3448 3558 3490 vocem
3590 3431 3826 3490 Domini
3858 3429 3949 3487 Dei

2420 3527 2537 3598 tui,
2553 3530 2619 3585 ut
2636 3526 2934 3585 custodias
2951 3531 3010 3585 et
3025 3526 3205 3584 facias
3225 3525 3426 3584 omnia
3442 3525 3729 3584 mandata
3747 3526 3869 3599 ejus
3885 3543 3903 3594 ;
3917 3543 3940 3578 n

2421 3625 2478 3679 et
2502 3619 2657 3678 infra
2686 3638 2701 3677 ε
2736 3639 2765 3674 «
2790 3620 3035 3679 Venient
3067 3630 3249 3694 super
3274 3623 3329 3677 te
3359 3634 3565 3677 omnes
3594 3617 3948 3676 maledictio-

2419 3728 2526 3771 nes
2578 3714 2701 3771 istae
2734 3733 2748 3772 ε
2776 3735 2806 3769 ι»
2845 3731 2981 3772 ecce
3029 3713 3368 3771 maledictio
3393 3755 3411 3783 ,
3472 3727 3656 3787 quam
3701 3715 3948 3770 meretur

2418 3809 2683 3867 mandati
2737 3807 3003 3866 violati0.
3055 3809 3133 3865 De
3173 3806 3345 3865 tertio
3380 3803 3403 3838 ⁸
3448 3823 3464 3862 ε
3501 3825 3531 3860 α
3565 3805 3674 3875 Qui
3721 3803 3948 3863 solverit

2420 3919 2607 3962 unum
2646 3902 2721 3960 de
2765 3900 3059 3960 mandatis
3102 3900 3224 3957 istis
3261 3899 3556 3972 minimis,
3600 3903 3656 3956 et
3693 3896 3948 3956 docuerit

2420 3997 2503 4062 sic
2524 3996 2824 4068 homines,
2852 3995 3131 4053 minimus
3160 3993 3469 4053 vocabitur
3491 3994 3555 4052 in
3577 4009 3765 4066 regno
3783 3991 3946 4050 coelo-

2420 4107 2556 4148 rum
2587 4109 2601 4147 ε
2631 4110 2661 4146 2>
2713 4106 2848 4149 ecce
2898 4087 3165 4148 confusio
3187 4130 3207 4160 ,
3251 4105 3436 4163 quam
3482 4091 3743 4145 meretur
3785 4084 3946 4145 unius

2420 4183 2686 4243 mandati
2716 4182 2951 4242 solutio,

2928 4342 3213 4398 Articulus
3251 4342 3465 4397 tertius.

2491 4466 2744 4524 Tertium
2797 4465 3086 4540 operandi
3136 4464 3387 4523 modum
3451 4462 3729 4521 audimus
3753 4504 3774 4533 ,
3825 4474 3949 4518 cum

2423 4553 2746 4617 addimus:
2792 4561 2922 4628 Quoe
2967 4560 3140 4617 dilen·
3178 4576 3200 4616 .·
3251 4557 3420 4633 quod
3465 4555 3624 4615 enim
3664 4555 3950 4614 dilexione

2421 4652 2670 4712 facimus
2699 4696 2714 4722 ,
2773 4653 3065 4711 ferventer
3132 4652 3406 4724 agimus,
3438 4654 3504 4708 Et
3553 4652 3696 4707 nota
3727 4691 3748 4720 ,
3798 4644 3952 4722 quod

2424 4750 2706 4807 mandata
2725 4747 3027 4807 dominica
3055 4746 3341 4805 debemus
3361 4745 3606 4819 diligere
3634 4742 3953 4819 specialiter

2422 4842 2639 4917 triplici
2675 4843 2933 4914 ratione3
2978 4844 3185 4916 utputa
3221 4843 3463 4914 propter
3490 4837 3829 4896 mandantis
3853 4836 3952 4892 ho-

2423 4952 2633 4994 norem
2662 4978 2682 5007 ,
2730 4940 2973 5010 propter
3020 4933 3286 4993 mandati
3343 4934 3610 4991 valorem
3639 4974 3658 5004 ,
3721 4932 3954 5006 propter

2423 5012 2622 5085 salarii
2662 5027 2931 5086 salutaris
2970 5043 3255 5085 amorem.
3319 5025 3511 5084 Prima
3550 5025 3695 5083 ratio
3730 5019 3955 5097 respicit

2424 5121 2690 5185 mandati
2740 5121 3077 5194 originem3
3135 5120 3396 5178 secunda
3419 5162 3439 5192 ,
3484 5118 3750 5176 mandati
3801 5114 3952 5174 ordi-

2422 5231 2562 5275 nem
2590 5235 2607 5289 ;
2645 5216 2814 5273 tertia
2829 5258 2849 5288 ,
2884 5215 3150 5273 mandati
3186 5214 3503 5273 terminum
3532 5256 3553 5286 ,
3603 5228 3708 5270 seu
3758 5210 3951 5268 finem.

2425 5342 2446 5374 ·
2485 5342 2654 5464 ngat„
2694 5353 2892 5406 xxvm,
2935 5346 2991 5403 1,
3027 5344 3076 5392 a.
3117 5366 3180 5379 -
3225 5340 3244 5374 ⁷
3288 5339 3435 5404 ibid„
3474 5341 3549 5392 1⁵.
3588 5366 3651 5378 -
3695 5339 3714 5369 ⁸
3754 5334 3951 5394 natm„

2423 5422 2479 5476 v,
2574 5450 2586 5463 .

3995 2405 4117 2447 Mundi·

3972 2469 4016 2510 tis
4044 2468 4116 2507 divi·

3972 2530 4026 2572 nis
4044 2538 4115 2582 quo·

4003 2592 4095 2634 modo

3982 2653 4106 2697 obedire

3970 2717 4115 2771 oporteat

3975 4751 4116 4801 unnim

3977 4821 4037 4865 uqi
4062 4815 4118 4856 dar

3996 4878 4095 4939 μηδι

3989 4942 4108 5016 propit:

3989 5014 4063 5051 me.
