4196 6294
683 454 802 516 462

682 584 906 643 buntur
956 600 972 639 ε
1011 601 1041 636 ι
1097 593 1233 639 ecce
1269 576 1552 654 perfectio
1597 576 1960 652 temporalis.
2017 579 2095 635 De
2140 592 2232 634 se-

682 678 882 737 cunda
920 675 1212 750 Propheta
1251 672 1451 749 psallit
1477 671 1494 706 ¹
1526 689 1543 729 ε
1579 690 1610 725 ι
1650 676 1715 731 ln
1742 675 2026 730 aeternum
2068 670 2234 729 exul-

681 773 926 844 tabunt,
971 774 1028 828 et
1069 767 1370 827 habitabis
1412 765 1475 824 in
1512 765 1595 822 eis
1625 783 1640 822 ε
1684 784 1712 820 »
1771 781 1906 823 ecce
1948 763 2230 838 perfectio

680 864 968 924 formalis
1017 866 1095 921 De
1140 862 1307 921 tertia
1354 859 1851 933 psalmographus
1895 856 2101 916 scribit
2143 855 2166 888 ²
2212 875 2229 914 ε

687 978 717 1013 α
772 958 1070 1017 Hereditas
1123 970 1336 1014 eorum
1378 953 1441 1012 in
1469 956 1754 1012 aeternum
1803 952 1957 1011 erit:
2003 971 2034 1008 1>
2094 966 2231 1008 eece

681 1053 965 1130 perfectio
993 1052 1207 1113 finalis

1175 1211 1453 1268 Articulus
1481 1212 1731 1282 quartus.

752 1338 1170 1398 Perfectionem
1196 1335 1401 1394 salutis
1419 1337 1732 1400 annotans,
1757 1330 1992 1390 addidit
2019 1348 2033 1388 ε
2060 1333 2232 1404 Prop-

684 1441 764 1491 ter
788 1435 1212 1492 retributionem.
1234 1431 1424 1498 Quam
1450 1425 1920 1498 retributionem,
1944 1424 2060 1482 nisi
2082 1439 2228 1498 proe-

680 1527 920 1585 mialem
956 1524 1423 1601 perfectionem?
1451 1525 1599 1582 Sane
1627 1521 1732 1597 qui
1766 1521 2019 1580 hilarem
2061 1520 2232 1578 dato-

680 1637 808 1679 rem
836 1620 1048 1694 diligit,
1067 1619 1206 1694 plus
1224 1617 1505 1676 tribuenti
1524 1618 1662 1691 plus
1686 1614 1989 1688 retribuit3
2016 1614 2228 1672 eadem

680 1730 958 1773 mensura
1008 1712 1340 1782 remotione,
1399 1711 1506 1785 qui
1556 1710 1762 1768 itidem
1806 1723 2047 1767 mensus
2092 1707 2225 1766 fuit.

681 1808 842 1866 Unde
869 1808 1163 1883 perfectus
1191 1805 1496 1877 Dominus,
1526 1803 1632 1879 qui
1677 1802 1930 1878 perfecte
1957 1820 2019 1862 se
2049 1801 2228 1860 nobis

680 1902 919 1974 tribuit,
970 1900 1265 1976 perfectiS,
1294 1900 1399 1974 qui
1447 1899 1575 1957 vice
1625 1914 1798 1956 versa
1850 1914 1912 1955 se
1966 1896 2226 1972 perfecte

678 1995 1045 2066 retribuunt,
1073 2010 1187 2070 pro
1225 1992 1582 2068 perfectione
1611 1991 2034 2067 perfectionem
2058 1990 2228 2049 retri-

679 2090 827 2148 buit.
869 2092 936 2147 Et
972 2093 1149 2160 nota,
1175 2087 1345 2163 quod
1388 2087 1606 2160 legitur
1631 2087 1693 2144 in
1730 2084 2027 2160 Scriptura
2064 2084 2228 2142 retri-

679 2183 847 2241 butio
896 2181 1183 2257 tripartita
1202 2223 1220 2251 ,
1270 2183 1481 2256 utputa
1531 2178 1837 2238 retributio
1879 2179 2041 2252 iusta
2060 2221 2080 2251 ,
2136 2194 2228 2236 re·

679 2276 918 2335 tributio
965 2291 1187 2348 magna
1207 2318 1226 2347 ‚
1276 2274 1585 2333 retributio
1631 2273 1837 2346 dupla.
1894 2272 2087 2331 Pfima
2141 2276 2229 2331 est

677 2369 1195 2444 praevaricatorum
1214 2388 1233 2441 3
1255 2368 1540 2440 secunda,
1561 2366 1834 2424 fidelium
1857 2367 2221 2441 activorum3

678 2473 867 2545 tertia,
895 2471 1511 2546 contemplativorum.
1544 2473 1622 2528 De
1647 2470 1843 2545 prima
1867 2472 1890 2507 ³
1919 2490 1937 2527 ε
1974 2490 2002 2523 α
2021 2469 2227 2528 Omnis

678 2565 1081 2643 proevaricatio
1144 2568 1202 2623 et
1253 2563 1660 2622 inobedientia
1721 2563 1947 2637 accepit
2003 2563 2225 2636 justam

677 2660 1124 2719 retributionem
1143 2657 1471 2716 mercedis:
1502 2678 1530 2713 »
1562 2673 1695 2715 ecce
1714 2656 2023 2716 retributio
2040 2657 2221 2729 Justa.

679 2757 756 2812 De
807 2752 1068 2812 secunda
1113 2753 1136 2787 ⁶
1184 2770 1200 2810 ε
1257 2771 1287 2806 α
1337 2750 1584 2810 Benefac
1620 2751 1804 2823 justo,
1850 2753 1908 2808 et
1959 2750 2224 2808 invenies

674 2847 1128 2906 retributionem
1190 2861 1473 2918 magnam
1540 2866 1558 2902 .·
1623 2864 1652 2900 n
1718 2861 1853 2903 ecce
1916 2844 2222 2903 retributio

676 2957 914 3014 magna.
974 2944 1052 2998 De
1096 2940 1266 2998 tertio
1299 2940 1321 2974 ¹⁵
1369 2957 1383 2996 z
1439 2958 1468 2992 α
1505 2942 1600 2997 Est
1648 2937 1890 3011 datum,
1930 2938 2100 3013 quod
2137 2942 2225 2996 est

677 3034 883 3092 inutile
892 3054 911 3108 3
942 3039 998 3092 et
1024 3038 1110 3091 est
1135 3033 1364 3105 datum,
1396 3033 1563 3106 euJ'us
1588 3031 1896 3091 retributio
1920 3031 2163 3107 duplex.
2188 3052 2217 3088 n

677 3131 887 3188 Datum
928 3127 1191 3203 primum
1231 3130 1318 3185 est
1360 3125 1807 3201 simulatorum;
1850 3125 2180 3185 secundum
2198 3170 2221 3200 ,

680 3221 1275 3297 contemplativorum
1305 3240 1320 3280 ε
1352 3237 1487 3279 ecce
1513 3220 1823 3279 retributio
1853 3220 2058 3295 dupla.

1323 3382 1581 3449 Epilogus,

748 3504 837 3564 Ait
855 3520 998 3578 ergo
1018 3504 1310 3579 Propheta
1329 3504 1442 3562 sub
1461 3519 1729 3578 personae
1752 3501 2221 3578 contemplativae

677 3599 870 3672 figura
896 3618 910 3656 ε
940 3601 1152 3656 inclina
1179 3615 1270 3657 cor
1302 3615 1511 3671 meum,
1537 3598 1757 3656 scilicet
1784 3615 1819 3656 a
1853 3602 2005 3656 statu
2039 3597 2220 3656 liber-

673 3695 803 3753 tatis
828 3695 1154 3770 pertinente
1183 3694 1263 3752 ad
1287 3694 1473 3752 vitam
1499 3693 1880 3767 saecularem;
1903 3693 1990 3750 Ad
2014 3694 2224 3762 facien-

672 3790 771 3846 das
821 3789 1240 3860 ,iustificationes
1302 3793 1423 3845 tuas
1443 3829 1464 3858 ,
1525 3787 1589 3845 in
1653 3789 1808 3846 statu
1866 3785 2220 3845 voluntariae

672 3882 963 3940 servitutis
1014 3881 1292 3940 attinente
1349 3881 1429 3939 ad
1477 3879 1661 3939 vitam
1719 3881 2096 3954 regularem;
2151 3881 2221 3937 In

672 3982 947 4048 (eternum,
968 3976 1195 4033 etiamsi
1211 3991 1309 4033 me
1332 3975 1660 4050 oportuerit
1677 3974 1968 4033 commori
1993 3977 2213 4045 tecum,

674 4074 962 4144 quantum
1005 4069 1086 4127 ad
1127 4068 1549 4143 perfectionem
1587 4068 1817 4128 virtutis
1855 4070 2220 4143 spectantem

672 4164 753 4222 ad
797 4164 988 4223 meriti
1033 4164 1454 4240 quantitatem3
1503 4167 1731 4236 Propter
1774 4163 2218 4235 retributionem,

672 4262 962 4332 quantum
989 4258 1070 4317 ad
1105 4258 1528 4333 perfectionem
1559 4256 1761 4315 salutis
1809 4255 2220 4330 respicientem

673 4354 901 4428 praemii
929 4352 1298 4426 dignitatem.

1055 4593 1339 4650 CAPUT
1397 4592 1837 4650 OCTAVUM.

1144 4776 1476 4820 msmunus
1512 4776 1735 4819 Pullius.

748 4923 874 4979 113.
913 4921 1135 4991 iniquos
1159 4919 1284 4975 odio
1311 4920 1510 4989 habui,
1543 4921 1653 4976 etc.
1698 4916 2034 4991 Capitulum
2064 4920 2221 4973 octa-

672 5029 814 5072 vum
853 5012 1087 5087 incipit,
1126 5017 1183 5069 et
1221 5015 1498 5070 octavum
1544 5011 1834 5070 ferculum
1879 5009 2216 5081 introducit.

672 5106 1036 5169 concordate
1074 5104 1332 5178 fercula,
1364 5111 1421 5164 et
1454 5106 1905 5164 concordabunt
1941 5102 2217 5180 capitula.

673 5198 854 5286 l'orro
890 5199 1245 5275 praecedenti
1282 5198 1540 5277 capitulo
1568 5200 1918 5275 praesentata
1944 5197 2053 5256 fuit
2079 5196 2220 5256 eha-

683 5412 694 5423 ·
734 5397 756 5433 ¹
786 5396 1001 5462 Psa1.v,
1031 5400 1110 5450 12.
1129 5425 1194 5438 -
1216 5400 1243 5435 ²
1268 5398 1408 5449 psat.
1438 5408 1621 5461 xxxvi,
1649 5398 1729 5448 28.
1751 5423 1813 5435 -
1839 5397 1862 5433 ⁸
1880 5397 2055 5461 neem,
2080 5409 2142 5461 11,
2172 5399 2218 5448 2.

1732 439 2147 507 EXPOSITIO
2190 440 2272 507 IN
2313 441 2836 512 PSALTERIUM.

2343 578 2527 637 ritatis
2567 579 2927 640 intromissio
2963 600 2978 639 ε
3025 583 3089 640 in
3130 584 3406 658 praesenti
3443 601 3588 646 vero
3631 600 3888 664 praesen-

2342 674 2495 730 tatur
2536 673 2860 749 iniquitatis
2909 677 3263 738 intermissio
3278 721 3301 751 ,
3350 684 3408 739 et
3452 684 3615 756 patet
3664 685 3888 744 modus

2343 765 2662 825 ordinandi
2707 768 2943 842 solituS,
2991 774 3323 832 secundum
3376 775 3651 835 ordinem
3700 795 3886 853 appe-

2341 857 2479 916 titus
2509 879 2524 918 2
2569 863 2856 935 quoniam
2884 865 2965 922 ad
2990 865 3493 927 intromissionem
3526 871 3686 930 iltius
3725 873 3884 932 ordi·
3920 935 3928 949 ,

2342 968 2558 1012 namur
2583 970 2692 1029 per
2724 957 3217 1019 intermissionem
3243 962 3427 1021 istius·
3471 964 3636 1023 Circa
3659 965 3882 1041 iniqui·-

2340 1046 2471 1104 tatis
2492 1048 2983 1111 intermissionem
2999 1070 3250 1129 pensare
3274 1056 3561 1116 debemus
3583 1059 3881 1135 duplicem

2340 1140 2632 1200 rationem
2676 1163 2692 1202 ε
2747 1146 3025 1205 videlicet
3075 1147 3400 1225 iniquitatis
3450 1153 3840 1214 odibilitatem
3859 1200 3880 1229 ,

2342 1251 2526 1309 quam
2555 1241 2891 1299 octonarius
2929 1241 3094 1316 prior
3120 1244 3429 1317 praetendit
3446 1264 3466 1318 ς
3501 1250 3560 1305 et
3596 1248 3883 1322 aequitatis

2340 1330 2795 1404 amabilitatem,
2833 1351 3018 1408 quam
3045 1338 3382 1396 octonarius
3417 1338 3562 1397 alter
3604 1343 3878 1402 ostendit.

2340 1425 2405 1480 ln
2435 1424 2622 1497 capite
2646 1426 2859 1500 prioris
2887 1430 3174 1487 octonarii
3202 1430 3430 1490 locatur
3456 1435 3704 1493 samech
3730 1435 3879 1495 litte·
3908 1443 4142 1485 sama-s.

2339 1531 2438 1588 ra,
2484 1534 2644 1591 quse,
2693 1521 3021 1579 secundum
3064 1523 3442 1583 Ambrosium
3486 1528 3540 1600 ⁸,
3592 1528 3879 1604 interpre-

2339 1613 2495 1668 tatur
2522 1612 2709 1685 Audi3
2739 1613 2802 1670 in
2831 1615 3020 1688 capite
3046 1621 3244 1675 autem
3272 1619 3511 1678 alterius
3534 1620 3644 1679 Ain
3668 1622 3878 1698 littera,
3905 1638 4018 1682 Ain.

2341 1720 2477 1778 quse
2521 1706 2851 1765 secundum
2893 1708 3078 1784 ipsius
3114 1710 3548 1787 testimonium,
3600 1716 3881 1794 interpre-

2339 1800 2494 1855 tatur
2532 1800 2762 1858 oculuS.
2803 1802 2860 1860 Si
2904 1819 3145 1862 causam
3174 1807 3416 1880 quoeriS,
3448 1808 3732 1883 equidem
3770 1812 3879 1871 ini·

2342 1892 2535 1967 quitas
2573 1894 2815 1953 odibilis
2856 1897 3127 1956 auditum
3161 1901 3307 1974 petit
3346 1903 3734 1976 confessoris,
3757 1921 3878 1965 non

2342 1986 2585 2044 oculum
2620 1987 3003 2064 inspectoris3
3035 2009 3067 2050 e
3096 1998 3302 2053 contra
3326 1996 3568 2070 aequitas
3609 1999 3878 2058 amabilis

2337 2093 2463 2138 non
2505 2082 2751 2156 requirit
2791 2099 2998 2142 aurem
3043 2086 3432 2160 confessoris,
3483 2091 3592 2149 sed
3640 2093 3878 2151 oculum

2336 2173 2705 2249 inspectoris,
2770 2178 2865 2236 Vis
2934 2180 3305 2240 octonarium
3357 2183 3624 2258 priorem
3675 2186 3876 2245 distin·

2335 2272 2558 2341 gnere?
2587 2270 2770 2328 debes
2799 2287 3038 2330 causam
3067 2272 3414 2334 odibilitatis
3449 2277 3677 2339 videre.
3724 2280 3875 2338 Assi-

2336 2367 2549 2436 gnatur
2577 2368 2774 2423 autem
2798 2382 2978 2424 causa
3017 2369 3383 2428 rationabilis
3405 2412 3427 2442 ,
3455 2372 3602 2446 quia
3629 2373 3875 2433 defectio

2334 2457 2675 2517 naturaliter
2741 2463 2827 2517 est
2882 2463 3336 2537 contemptibilis
3363 2507 3383 2537 ,
3439 2465 3602 2525 sicut·
3644 2471 3874 2542 quater-

2333 2554 2537 2611 narius
2551 2555 2890 2626 praecedens
2908 2557 3097 2631 aperit
3104 2577 3123 2631 3
3145 2562 3203 2614 et
3225 2575 3258 2616 e
3281 2561 3574 2619 contrario
3597 2562 3872 2637 perfectio

2334 2650 2699 2723 appetibiIiS,
2736 2653 2886 2710 sicut
2911 2653 3321 2727 quaternarius
3358 2673 3612 2732 sequens
3652 2658 3869 2718 asserit.

2333 2742 2678 2802 Defectionis
2705 2749 2902 2803 autem
2930 2748 3449 2824 contemptibilitas
3483 2751 3720 2825 plenius
3743 2751 3870 2810 elu-

2332 2837 2536 2910 cescit,
2569 2856 2705 2897 cum
2743 2839 2975 2898 animus
3007 2840 3400 2901 defectionem
3441 2844 3871 2919 animadvertit,

2329 2931 2752 3005 perfectionem
2778 2933 3056 3005 advertit,
3085 2935 3411 2996 defectione
3436 2954 3500 2997 se
3528 2940 3766 3013 avertit,
3794 2939 3872 2998 ad

2329 3025 2751 3098 perfectionem
2771 3043 2834 3085 se
2854 3029 3140 3088 convertit
3168 3048 3183 3087 :
3214 3029 3383 3105 quod
3406 3031 3537 3091 luce
3565 3033 3782 3092 clarius
3810 3034 3871 3092 in

2329 3119 2816 3197 primisjquatuor
2837 3122 3104 3181 versibus
3128 3123 3457 3185 innotescit.
3480 3126 3870 3187 Deiectionem

2330 3213 2842 3279 animadvertebat
2868 3217 3363 3292 psalmographus
3381 3261 3401 3291 ,
3430 3236 3569 3278 oum
3594 3221 3865 3281 dicebat:

2328 3310 2551 3382 iniquos
2590 3312 2714 3368 odio
2753 3313 2959 3383 habui3
2999 3313 3171 3387 quasi
3224 3313 3382 3373 dieat
3411 3333 3426 3372 z
3478 3314 3867 3375 Deiectionem

2329 3404 2505 3477 sensi,
2536 3406 2643 3462 sed
2670 3404 2935 3478 dissensi,
2966 3407 3109 3480 quia
3134 3408 3412 3483 praesensi
3431 3408 3867 3482 rectitudinem,

2329 3498 2426 3556 cui
2473 3500 2743 3557 consensi
2775 3521 2787 3554 ε
2839 3517 2973 3560 ecce
3011 3506 3268 3576 quatuor
3307 3507 3472 3562 actus
3521 3504 3866 3576 Psalmistoe,

2329 3609 2483 3667 quos
2549 3595 2807 3653 continet
2872 3612 3075 3656 versus
3135 3598 3283 3671 iste3
3349 3598 3571 3658 scilicet
3623 3599 3863 3671 sentire,

2329 3685 2634 3746 dissentire
2652 3729 2667 3757 ,
2721 3691 3057 3763 praesentire
3076 3732 3097 3763 ,
3134 3692 3461 3751 consentire
3510 3713 3523 3747 ε
3582 3693 3869 3753 sentiebat

2328 3780 2571 3855 quidem
2606 3784 2936 3841 secundum
2977 3784 3284 3844 hominem
3324 3786 3674 3846 exteriorem
3685 3806 3705 3860 ς
3754 3787 3867 3846 dis-

2327 3876 2616 3936 sentiebat
2667 3878 2993 3936 secundum
3036 3879 3409 3952 interiorem3
3461 3880 3869 3957 praesentiebat

2328 3971 2658 4029 secundum
2703 3971 2994 4030 rationem
3021 3974 3433 4049 superiorem;
3469 3975 3870 4035 consentiebat

2330 4064 2662 4124 secundum
2684 4066 2976 4126 rationem
2999 4066 3361 4127 inferiorem.

2825 4228 3117 4285 articulus
3145 4232 3378 4300 primus.

2401 4349 2794 4410 Deiectionem
2841 4353 3051 4425 sensit,
3087 4369 3226 4411 cum
3267 4353 3415 4412 dixit
3455 4373 3470 4411 :
3509 4357 3768 4428 iniquos,
3807 4353 3870 4411 id

2334 4449 2455 4517 est,
2482 4445 2809 4522 iniquitatis
2856 4447 3102 4506 amicos·
3145 4448 3330 4507 Sensit
3366 4451 3563 4507 autem
3603 4465 3713 4524 per
3753 4448 3873 4506 vim

2331 4539 2676 4598 sensibilem
2715 4541 3066 4601 exteriorem
3106 4542 3204 4600 vel
3243 4542 3584 4601 interiorem
3600 4585 3620 4617 ,
3659 4543 3741 4600 ad
3773 4557 3872 4599 ex-

2331 4633 2612 4692 teriorem
2639 4634 2946 4693 hominem
2970 4636 3380 4711 pertinentem.
3410 4639 3476 4695 Et
3509 4640 3681 4711 nota,
3711 4633 3873 4712 quod

2330 4724 2591 4800 legimus
2627 4728 2866 4803 iniquos
2910 4746 3017 4804 per
3061 4730 3489 4791 confessionem
3528 4746 3654 4789 non
3682 4727 3873 4803 cogni·

2330 4823 2421 4878 tos
2439 4863 2459 4893 ,
2487 4837 2599 4879 nec
2628 4823 2909 4882 contritos
2919 4843 2938 4897 3
2968 4840 3077 4898 per
3113 4824 3545 4884 confessionem
3579 4824 3874 4898 cognitos,

2330 4921 2388 4976 et
2436 4917 2754 4991 contritos;
2795 4935 2904 4994 per
2948 4919 3380 4979 confessionem
3420 4922 3688 4993 cognitos
3698 4963 3718 4994 ,
3754 4934 3875 4978 non

2333 5012 2633 5070 contritos
2681 5012 2857 5070 Primi
2903 5029 3010 5087 per
3053 5013 3292 5089 iniquos
3333 5014 3569 5088 figurati
3604 5013 3873 5086 fuerunt,

2331 5104 2436 5178 qui
2467 5108 2602 5162 ante
2630 5105 2849 5164 ludam
2878 5106 3172 5182 exierunt5
3203 5107 3447 5167 secundi
3472 5124 3581 5183 per
3606 5125 3743 5181 eos,
3772 5106 3874 5183 qui

2297 5200 2302 5205 '
2331 5198 2444 5257 sub
2475 5197 2630 5258 Juda
2657 5198 2966 5272 obierunt3
2987 5202 3139 5260 tertii
3163 5218 3272 5278 per
3290 5201 3446 5275 illos,
3471 5201 3575 5277 qui
3597 5202 3710 5261 sub
3726 5200 3874 5262 Iuda

2329 5353 2391 5368 --
2417 5326 2434 5356 ⁴
2465 5324 2652 5388 Facti..
2686 5339 2786 5392 ιιι,
2823 5329 2871 5379 2.
2901 5355 2966 5367 -
2994 5330 3012 5361 ⁸
3040 5327 3223 5394 Ereti„
3249 5340 3341 5393 xx,
3371 5332 3447 5382 10.
3486 5356 3541 5367 -
3579 5331 3598 5360 ⁸
3619 5328 3872 5388 Ambrae..

2329 5398 2383 5449 in
2410 5398 2546 5450 hunc
2577 5398 2762 5464 psalm.
