4196 6294
474 3551 687 3595 Doctores

488 3614 677 3668 qualiter

501 3676 658 3720 docere

482 3740 685 3785 debeant.

724 462 844 524 ⁴44

721 593 871 670 quid
897 592 1336 668 superandum,
1366 591 1653 669 quoniam
1692 606 1802 666 per
1839 589 2216 665 prudentiam
2246 611 2265 664 ς

720 688 984 746 Mandata
1040 693 1131 744 tuo
1148 729 1169 759 ,
1225 687 1304 745 ad
1359 685 1769 746 denotandum
1821 688 2065 759 propter
2118 685 2269 759 quid

719 780 1156 857 superandum,
1200 780 1487 854 quoniam
1531 782 1775 855 propter
1813 778 2216 837 obedientiam
2247 797 2264 850 3

721 877 988 946 Quoniam
1022 878 1084 931 in
1110 879 1366 933 oeternum
1404 875 1542 932 mihi
1567 878 1646 931 est
1661 913 1682 943 ,
1709 873 1791 931 ad
1818 872 2267 931 connotandum

718 973 929 1045 prester
997 968 1145 1043 quid
1196 968 1599 1043 superandum
1625 1010 1645 1039 ‚
1714 966 2002 1042 quoniam
2058 970 2268 1041 proeter

721 1063 1147 1136 deficientiam,
1175 1078 1283 1122 seu
1307 1059 1912 1137 imperseverantiam.

1274 1283 1611 1328 vsnslcums
1646 1284 1708 1326 lu
1717 1311 1730 1325 .

792 1446 879 1500 99.
919 1441 1091 1514 Super
1133 1455 1308 1498 omnes
1353 1440 1596 1497 docentes
1616 1482 1635 1512 ,
1684 1444 1792 1498 etc.
1840 1443 1946 1498 Per
1976 1439 2270 1497 charitatis

719 1535 1064 1595 ferventiam
1117 1550 1241 1593 non
1293 1533 1489 1592 solum
1549 1532 1827 1592 dilatatur
1881 1532 2270 1607 intelligentia

720 1632 1008 1704 quantum
1036 1628 1116 1687 ad
1140 1626 1469 1686 meditandi
1497 1627 1847 1701 potentiam,
1878 1632 1933 1685 et
1958 1626 2270 1702 pugnandi

720 1722 1127 1797 prudentiam,
1158 1721 1263 1779 sed
1292 1722 1470 1779 etiam
1508 1725 1799 1796 quantum
1839 1720 1918 1778 ad
1954 1720 2268 1779 erudiendi

721 1816 1182 1890 perspicaciam,
1210 1831 1344 1890 quae
1369 1813 1507 1872 facit
1543 1813 1786 1872 interius
1813 1814 2051 1872 haurire
2077 1813 2140 1870 in
2173 1815 2267 1872 in-

721 1909 1036 1968 tellectuali
1068 1908 1588 1984 contemplatione,
1616 1907 1784 1983 quod
1809 1908 2075 1966 effundat
2103 1909 2265 1965 exte-

718 2002 843 2061 rius
895 2003 960 2061 in
1012 2002 1269 2061 sensuali
1333 2001 1662 2061 eruditione
1681 2045 1702 2073 ,
1777 2001 1928 2059 sicut
1996 1994 2267 2059 decenter

720 2096 928 2155 edocet
947 2112 1154 2155 versus
1177 2096 1282 2154 iste
1305 2113 1320 2152 ε
1350 2096 1413 2154 in
1435 2112 1559 2171 quo
1584 2110 1904 2171 possumus
1929 2098 2137 2153 notare
2158 2110 2268 2169 per

720 2189 995 2248 ordinem
1016 2188 1376 2247 eruditorem
1395 2189 1757 2261 inferiorem,
1780 2193 1835 2247 et
1857 2189 2225 2264 superiorem
2250 2208 2264 2246 :

718 2284 940 2342 scilicet
963 2283 1359 2358 corporalem,
1386 2287 1445 2341 et
1470 2283 1872 2359 spiritualem3
1906 2287 1962 2341 et
1988 2282 2268 2342 eruditio·

717 2396 858 2438 nem
884 2377 1258 2451 interiorem,
1286 2383 1345 2437 et
1369 2379 1721 2438 exteriorem
1748 2396 1763 2436 :
1795 2378 2071 2438 videlicet
2095 2394 2266 2436 men-

718 2473 935 2544 talem,
973 2476 1033 2531 et
1064 2472 1352 2531 vocalem.
1387 2472 1477 2531 Ait
1520 2472 1680 2531 enim
1719 2472 1985 2530 Psalmus
2033 2491 2047 2530 :
2096 2473 2269 2546 Super

718 2583 915 2638 omnes,
964 2569 1100 2636 etc„
1143 2583 1214 2625 ac
1259 2567 1309 2624 si
1352 2565 1561 2641 lingua
1606 2566 1983 2642 eloqueretur
2030 2565 2265 2625 libera:

718 2663 906 2737 Super
929 2677 1171 2720 omnem
1199 2662 1507 2720 doctorem
1535 2662 1897 2733 inferiorem,
1926 2678 2031 2720 seu
2057 2678 2269 2737 corpo-

715 2755 926 2826 ralem,
972 2755 1237 2814 intellexi
1282 2759 1337 2814 te
1384 2756 1690 2815 doctorem
1735 2756 2126 2830 superiorem,
2163 2772 2269 2815 seu

713 2848 1102 2924 spiritualem.
1132 2850 1530 2920 Quamobrem
1570 2849 1738 2924 quod
1766 2849 2092 2908 testificaris
2120 2849 2268 2908 mihi

713 2958 822 3018 ρει·
848 2942 1183 3002 doctrinam
1202 2944 1566 3014 interiorem,
1594 2944 1718 3001 sive
1745 2943 2090 3015 mentalem,
2110 2944 2269 3002 testi-

713 3035 880 3094 ficari
912 3036 1171 3096 meditor
1197 3037 1474 3112 proximo
1502 3053 1609 3112 per
1638 3036 1972 3097 doctrinam
2010 3037 2265 3098 exterio-

714 3145 865 3204 rem,
896 3129 1021 3190 sive
1049 3130 1338 3192 vocalem.

1225 3296 1513 3353 Articulus
1542 3297 1777 3368 primus.

787 3418 877 3478 Ad
899 3418 1162 3492 primum
1199 3433 1342 3492 ergo
1375 3418 1639 3494 respicit,
1668 3420 1836 3495 quod
1865 3418 2004 3478 dicit
2047 3438 2062 3477 ε
2092 3422 2267 3494 super

716 3527 891 3570 omnes
924 3513 1163 3570 docentes
1200 3528 1299 3569 me.
1348 3513 1457 3582 Qui
1502 3518 1639 3572 sunt
1676 3514 1769 3571 isti
1804 3513 2121 3586 docenteS,
2153 3514 2266 3572 nisi

715 3606 1057 3681 corporales
1107 3605 1380 3664 doctores
1398 3608 1428 3662 ‘.’
1471 3606 1585 3665 Sed
1635 3607 1883 3682 qualiter
1938 3608 2217 3667 docentes
2236 3612 2265 3666 ‘l

718 3701 946 3758 Utinam
989 3698 1407 3769 laudabiliter,
1453 3703 1519 3757 ut
1558 3704 1700 3774 puta
1747 3701 2024 3760 docentes
2066 3703 2265 3761 vivere

719 3793 1060 3867 prudenter,
1105 3793 1473 3865 obedienter,
1502 3794 1817 3869 sapienter,
1858 3802 2150 3871 quantum
2186 3797 2266 3856 ad

716 3888 1013 3947 malorum
1066 3886 1525 3947 declinationem
1543 3932 1564 3961 ,
1616 3889 1919 3948 bonorum
1965 3892 2264 3965 operatio-

716 3998 876 4054 nem,
897 3982 1240 4040 divinorum
1259 3983 1839 4058 contemplationem.
1867 3986 1946 4042 De
1972 3984 2170 4058 primo
2202 3988 2219 4022 ¹
2247 4003 2261 4043 ε

721 4096 751 4130 α
777 4080 906 4135 Νοιι
933 4075 1122 4134 multo
1151 4075 1290 4135 vino
1314 4077 1655 4147 servientes,
1681 4078 1838 4136 bene
1867 4077 2170 4151 docenteS,
2202 4082 2267 4137 ut

714 4170 1095 4246 prudentiam
1135 4171 1388 4231 doceant
1416 4191 1431 4229 :
1461 4193 1489 4228 ιι
1525 4190 1660 4231 ecce
1701 4173 1973 4232 doctrina
2004 4173 2267 4248 pruden-

716 4265 810 4324 tiae
840 4264 1256 4323 declinatoriae.
1287 4269 1367 4323 De
1394 4267 1656 4325 secundo
1682 4270 1706 4303 ⁸
1738 4285 1752 4323 ε
1787 4286 1817 4320 ιι
1844 4270 2127 4326 nocentes
2162 4284 2266 4326 eos

713 4374 948 4417 servare
985 4358 1190 4417 omnia
1229 4375 1621 4434 quascumque
1654 4360 1935 4419 mandavi
1980 4361 2158 4421 vobis
2187 4382 2202 4420 :
2231 4381 2259 4416 ι

715 4469 853 4513 ecce
900 4451 1170 4510 doctrina
1208 4452 1560 4511 obedientiae
1605 4452 1973 4529 operatorioe.
2022 4460 2100 4515 De
2153 4461 2265 4515 ter·

714 4546 796 4606 tio
827 4548 851 4584 ⁸
905 4565 919 4603 :
955 4567 985 4601 α
1029 4549 1308 4605 nocentes
1357 4562 1599 4605 omnem
1638 4548 1945 4608 hominem
1987 4550 2049 4606 in
2098 4550 2264 4608 omni

714 4640 1004 4715 sapientia
1021 4683 1041 4713 ,
1101 4643 1167 4698 ut
1224 4640 1612 4700 exhibeamus
1663 4656 1905 4701 omnem
1955 4643 2263 4703 hominem

711 4733 1040 4809 perfectum
1077 4733 1141 4791 in
1176 4736 1421 4794 Cimsro
1453 4754 1468 4793 ε
1500 4755 1528 4790 1·
1562 4751 1697 4794 ecce
1735 4735 2006 4796 doctrina
2032 4739 2264 4812 sapien·

714 4829 805 4888 tiae
829 4828 1351 4903 contemplatoriae.

1183 4987 1474 5045 Articulus
1508 4990 1788 5046 secundus.

787 5111 876 5171 Ad
903 5111 1232 5170 secundum
1259 5111 1488 5187 aspicit,
1516 5111 1683 5187 quod
1712 5112 1914 5187 adjicit
1941 5131 1956 5170 ε
1984 5116 2261 5173 luteum.

716 5204 871 5275 Quid
897 5211 1095 5265 autem
1119 5206 1403 5266 intellexit
1422 5223 1600 5281 super
1628 5206 1935 5266 interiores
1965 5208 2260 5282 doctores,

783 5331 802 5367 ¹
830 5330 945 5392 Tit„
979 5343 1035 5396 ιι,
1068 5334 1118 5395 3,
1152 5334 1200 5383 4.
1229 5359 1292 5371 —
1313 5333 1331 5364 ²
1356 5330 1562 5394 Manli„
1591 5344 1779 5396 xxviii,
1807 5337 1885 5385 20.
1912 5360 1973 5372 —
2001 5336 2024 5371 ⁸
2050 5335 2262 5396 coloss„

718 5411 769 5467 1,
805 5403 882 5455 28.
922 5429 975 5439 -
1018 5404 1041 5439 ⁸
1080 5405 1282 5468 Imm„
1318 5418 1379 5467 x,
1423 5407 1502 5455 2¹.
1539 5430 1602 5442 —
1638 5430 1697 5444 -
1740 5407 1761 5441 ⁸
1798 5407 1938 5472 Sap„
1985 5419 2075 5471 ιιι,
2117 5410 2166 5459 9.
2203 5433 2264 5445 -

1770 451 2188 520 Exposrrto
2231 453 2313 519 IN
2356 454 2881 522 PSALTERIUM.

2379 591 2493 649 nisi
2534 592 2901 667 superiorem
2946 592 3249 651 doctorem
3266 595 3296 650 ⁴?
3351 592 3439 651 mi
3489 595 3829 669 corporales
3876 600 3934 656 et

2379 686 2689 744 sensibiles
2740 691 2911 758 sunt,
2953 689 3011 744 et
3049 685 3187 744 ideo
3239 687 3438 746 sentiri
3488 693 3738 762 possunt
3756 709 3775 761 3
3822 691 3929 749 iste

2378 780 2696 855 spiritualis
2721 784 2779 839 et
2804 780 3212 840 intellectualis
3240 785 3355 853 est,
3388 782 3692 841 etidcirco
3720 783 3930 842 intelli-

2379 874 2439 948 gi
2468 878 2675 949 potest.
2706 875 2818 933 Sed
2853 880 3024 948 nota,
3058 875 3226 950 quod
3260 874 3339 933 ad
3367 877 3518 948 hoc,
3547 878 3715 952 quod
3742 878 3926 953 aliqui

2380 967 2651 1026 doctores
2702 969 2883 1042 hujus
2926 969 3259 1027 doctrinam
3312 969 3670 1043 intelligant,
3724 973 3924 1047 requi-

2378 1065 2588 1119 runtur
2633 1061 2744 1120 tria
2776 1080 2790 1118 :
2834 1061 3054 1121 scilicet
3095 1063 3374 1122 instantia
3395 1106 3413 1135 ,
3443 1065 3838 1136 confidentia,
3867 1071 3923 1124 et

2377 1154 2694 1213 munditia.
2735 1159 2842 1213 Per
2886 1155 3224 1214 instantiam
3261 1157 3539 1229 intratur3
3582 1175 3690 1233 per
3736 1159 3919 1217 confi-

2381 1249 2643 1308 dentiam
2697 1249 3063 1324 impetratur,
3121 1250 3287 1324 quod
3337 1251 3630 1311 munditia
3678 1252 3921 1312 illustre·

2377 1346 2474 1402 tur
2502 1343 2601 1417 (a).
2635 1345 2712 1401 De
2747 1343 2942 1416 primo
2974 1341 2994 1376 ⁸
3038 1362 3051 1400 :
3089 1364 3119 1399 α
3158 1344 3336 1403 Stulte
3364 1350 3609 1417 egerunt
3637 1350 3922 1420 pastores,

2379 1443 2435 1496 et
2481 1437 2796 1495 Dominum
2841 1453 2965 1496 non
3018 1439 3397 1513 quaesierunt,
3443 1445 3758 1514 propterea
3797 1456 3918 1498 non

2377 1530 2828 1604 intellexerunt3
2855 1552 2884 1586 u
2913 1532 3083 1606 quasi
3113 1532 3268 1590 dicat
3299 1553 3314 1590 :
3346 1533 3522 1591 Stulte
3547 1537 3789 1606 egerunt
3815 1550 3920 1609 per

2379 1625 2681 1683 stultitiam
2741 1625 3249 1699 praesumptioniS,
3316 1631 3373 1684 et
3431 1628 3747 1684 Dominum
3797 1643 3920 1685 non

2378 1719 2734 1794 quaesierunt
2756 1735 2863 1793 per
2889 1718 3225 1777 instantiam
3254 1719 3536 1777 orationis
3559 1739 3576 1792 3
3608 1723 3920 1795 propterea

2378 1829 2503 1872 non
2534 1813 2946 1872 intellexerunt
2980 1829 3087 1888 per
3109 1813 3359 1884 gratiam
3386 1815 3915 1890 contemplationis.

2379 1912 2456 1967 De
2483 1908 2747 1967 secundo
2776 1910 2798 1944 ⁸
2831 1925 2845 1964 ε
2879 1929 2906 1963 ι
2931 1908 3042 1979 Qui
3072 1908 3379 1967 confidunt
3399 1908 3461 1966 in
3489 1908 3682 1979 illum,
3710 1909 3920 1966 intelli·

2381 2009 2520 2077 gent
2544 2003 2886 2075 veritatem3
2918 2023 2945 2057 »ι
2997 2018 3066 2060 ac
3094 2001 3143 2059 si
3171 2001 3391 2060 diceret
3419 2020 3434 2059 ε
3473 2005 3579 2061 Per
3615 2003 3918 2061 confiden-

2378 2098 2523 2156 tiam
2563 2097 2967 2172 impetrabunt
3014 2095 3482 2169 intelligentiam.
3540 2100 3617 2154 De
3654 2097 3820 2156 tertio
3848 2101 3871 2134 ⁶
3903 2115 3919 2154 ε

2386 2212 2413 2246 α
2440 2194 2627 2262 Quem
2655 2191 2896 2250 docebit
2932 2191 3268 2263 scientiam,
3310 2196 3368 2248 et
3393 2207 3575 2265 quem
3600 2191 3921 2265 intelligere

2375 2287 2551 2346 faciet
2576 2286 2844 2345 auditum
2868 2289 2898 2344 ‘i
2926 2287 3249 2345 ablactatos
3293 2302 3331 2344 a
3362 2286 3514 2344 lacte
3535 2329 3556 2359 ,
3587 2286 3821 2345 avulsos
3847 2287 3916 2362 (b)

2379 2382 2457 2440 ab
2507 2381 2831 2453 uberibus;
2864 2402 2891 2433 »
2943 2384 3227 2456 tanquam
3279 2384 3547 2454 patenter
3600 2380 3918 2455 inquiens:

2377 2479 2566 2547 Quem
2594 2475 2832 2534 docebit
2867 2474 3172 2533 scientiam
3207 2490 3316 2548 per
3353 2474 3837 2549 inspirationem,
3866 2479 3924 2533 et

2378 2586 2560 2645 quem
2606 2568 2930 2642 intelligere
2967 2567 3140 2626 saciet
3177 2568 3444 2626 auditum
3472 2585 3582 2643 per
3624 2568 3921 2627 illumiua-

2377 2664 2626 2733 tionem,
2652 2663 2766 2721 nisi
2794 2663 3119 2720 ablactatos
3149 2678 3186 2719 a
3211 2661 3381 2734 lacte,
3403 2662 3640 2720 avulsos
3668 2663 3744 2720 ab
3774 2663 3919 2720 ube-

2376 2757 2570 2828 ribus,
2601 2757 2666 2815 id
2695 2759 2780 2815 est
2797 2756 3117 2831 depuratos
3137 2760 3425 2830 quantum
3448 2756 3528 2814 ad
3554 2755 3920 2814 affectionem

2377 2853 2434 2909 et
2448 2850 2760 2920 rationem,
2787 2867 2896 2924 per
2922 2849 3381 2908 delectationum
3410 2850 3475 2926 (c)
3498 2850 3918 2923 cogitationum

2377 2943 2705 3002 carnalium
2742 2943 3174 3017 separationem
3198 2946 3227 3001 ?
3256 2942 3413 3004 Sicut
3451 2943 3613 3002 enim
3650 2943 3744 3002 lac
3772 2943 3924 3016 sugi-

2377 3041 2470 3096 tur
2511 3037 2589 3096 ab
2617 3036 2938 3107 uberibus,
2966 3040 3024 3094 et
3051 3036 3134 3094 sic
3178 3037 3597 3096 delectationes
3624 3053 3661 3097 a
3699 3038 3916 3112 cogita·

2378 3130 2663 3191 tionibus.

2880 3203 3162 3260 Articulus
3201 3207 3414 3262 tertius.

2447 3321 2535 3381 Ad
2576 3321 2811 3380 tertium
2861 3314 3175 3394 conspicit,
3205 3320 3374 3395 quod
3401 3320 3695 3378 connectit
3725 3339 3738 3377 :
3781 3320 3921 3389 Quia

2376 3419 2684 3475 testimonia
2725 3421 2842 3472 tua.
2872 3417 3155 3485 Quoenam
3191 3414 3557 3485 testimonia,
3589 3414 3701 3471 nisi
3730 3430 3919 3471 secre-

2375 3516 2574 3570 torum
2637 3510 2860 3568 indicia
2885 3514 2914 3567 ‘l
2969 3509 3194 3569 Scimus
3259 3510 3400 3585 quia
3460 3510 3787 3568 testificatio
3837 3514 3922 3567 est

2375 3606 2745 3664 occultorum
2773 3603 3076 3662 indicati0.
3108 3604 3302 3676 Unde,
3333 3604 3395 3660 ni
3422 3603 3632 3675 fallor,
3661 3604 3920 3662 Psalmus

2373 3703 2550 3760 vocat
2584 3700 2648 3758 in
2690 3703 2858 3774 parte
2902 3699 3014 3756 ista
3042 3698 3246 3756 divina
3292 3697 3657 3769 testimonia,
3687 3698 3918 3755 divino-

2371 3812 2509 3854 rum
2537 3798 2896 3853 secretorum
2926 3793 3165 3851 indicia.
3197 3792 3359 3851 Talia
3394 3790 3729 3851 testimonia
3771 3792 3919 3850 testi-

2373 3889 2581 3946 ficatur
2634 3887 2724 3945 illi
2775 3886 3059 3945 Dominus
3079 3930 3098 3959 ,
3146 3887 3243 3945 cui
3293 3886 3596 3961 profunda
3646 3887 3923 3962 mysteria

2373 3982 2783 4056 interpretatur
2847 3980 3110 4039 interius,
3172 3980 3271 4038 Hic
3328 3981 3662 4039 notandum
3680 4024 3701 4054 ,
3758 3980 3921 4056 quod

2373 4073 2725 4150 tripartitum
2773 4073 3025 4147 legimus
3072 4074 3170 4132 Dei
3217 4074 3621 4132 testimonium
3639 4095 3658 4148 3
3711 4075 3925 4132 scilicet

2374 4185 2682 4243 magnum,
2699 4168 2913 4241 maJuS,
2934 4168 3288 4226 maximum.
3307 4168 3569 4226 Primum
3585 4174 3919 4240 externum3

2373 4262 2705 4321 secundum
2760 4263 3098 4335 internum3
3154 4263 3391 4320 tertium
3445 4279 3789 4338 supernum.
3847 4264 3923 4319 De

2373 4357 2569 4431 primo
2598 4359 2620 4392 ‘¹
2655 4377 2667 4410 :
2705 4376 2734 4410 α
2760 4355 2871 4426 Qui
2898 4370 2995 4413 me
3019 4355 3178 4413 misit
3201 4356 3501 4429 baptizare
3530 4357 3593 4413 in
3614 4373 3792 4432 aqua,
3822 4356 3924 4414 ille

2372 4453 2520 4511 mihi
2566 4452 2755 4510 dixit:
2804 4456 2990 4526 Super
3019 4468 3200 4526 quem
3226 4451 3449 4510 videris
3477 4452 3753 4525 Spiritum
3792 4452 3923 4510 des-

2373 4546 2762 4616 cendentem,
2805 4548 2863 4604 et
2901 4550 3241 4604 manentem
3282 4563 3459 4621 super
3502 4564 3674 4619 eum,
3701 4548 3798 4607 hic
3838 4553 3925 4608 est

2375 4640 2477 4715 qui
2517 4640 2775 4713 baptizat
2812 4639 2875 4696 in
2918 4639 3133 4714 Spiritu
3170 4644 3409 4714 sanct03
3454 4646 3511 4699 et
3538 4657 3649 4714 ego
3677 4641 3836 4714 vidi,
3865 4647 3922 4702 et

2371 4734 2773 4792 testimonium
2800 4734 3101 4809 perhibui,
3131 4734 3277 4810 quia
3301 4734 3397 4792 hic
3424 4740 3510 4793 est
3534 4735 3692 4793 filius
3721 4734 3821 4792 Dei
3849 4752 3913 4791 :n

2376 4845 2511 4887 ecce
2563 4828 2963 4887 testimonium
3009 4828 3105 4885 Dei
3156 4844 3443 4902 magnum
3491 4831 3547 4886 et
3594 4833 3921 4888 externum.

2376 4926 2451 4981 De
2503 4922 2769 4981 secundo
2814 4925 2836 4959 ⁸
2876 4941 2893 4980 ε
2949 4942 2976 4977 α
3022 4922 3130 4993 Qui
3188 4922 3375 4981 credit
3425 4922 3489 4980 in
3538 4922 3751 4981 Filium
3794 4922 3924 4995 Dei,

2374 5016 2558 5076 habet
2581 5016 2983 5075 testimonium
3011 5016 3110 5074 Dei
3145 5017 3210 5074 in
3244 5033 3307 5076 se
3349 5035 3365 5075 ε
3408 5040 3437 5071 »ι
3484 5033 3619 5075 ecce
3660 5016 3923 5075 testiino-

2375 5111 2545 5169 nium
2577 5108 2678 5167 Dei
2704 5111 2900 5184 majus
2928 5114 2986 5169 et
3010 5110 3328 5169 internum.
3364 5114 3443 5171 De
3472 5112 3641 5171 tertio
3669 5111 3923 5186 legimus

2375 5262 2396 5291 ⁸
2439 5261 2563 5320 Iso„
2612 5270 2808 5324 xxvm,
2850 5262 2897 5310 9.
2941 5285 2996 5296 -
3037 5260 3059 5295 '¹
3099 5258 3265 5325 Jocn„
3308 5272 3356 5323 1,
3402 5264 3484 5313 34.
3527 5287 3589 5300 -
3634 5259 3657 5295 ⁸
3698 5262 3713 5309 1
3757 5263 3924 5325 Joan.‚

2374 5346 2439 5445 I,-
2460 5331 2846 5472 {gigusssslcsstt'
2871 5331 2996 5383 edit.
3024 5331 3385 5386 illustratur.—
3418 5334 3482 5399 (b)
3513 5336 3636 5386 Item
3663 5334 3923 5400 appulsos.
