4196 6294
1661 482 1917 558 CAPUT
1960 483 2060 553 lv,

274 615 735 682 commendatio
781 616 1097 681 societatis
1131 616 1354 683 alienae
1377 666 1396 698 ,
1433 617 1525 682 ibi
1562 621 1648 701 (v.
1683 618 1744 700 9)
1787 639 1804 685 ε

272 724 502 792 Melius
527 727 618 791 est
642 740 786 808 erqo
814 722 976 792 daos
1002 741 1130 792 esse
1146 773 1164 806 ,
1194 729 1314 790 etc.
1350 726 1424 790 In
1451 726 1806 791 considera-

272 833 444 898 tione
496 831 701 912 igitur
761 832 1062 897 vanitatis
1125 834 1413 899 avaritiae
1427 883 1449 913 ,
1502 834 1731 899 dicitur
1787 856 1802 897 ε

276 939 697 1007 οοηεὶάεναπε
755 942 962 1022 reperi
1026 940 1225 1008 aliam
1288 943 1638 1009 vanitatem
1693 942 1809 1006 sub

269 1048 397 1116 sole
422 1066 445 1112 .·
479 1045 702 1129 supple
741 1049 847 1127 (a),
878 1047 1093 1127 aliam,
1125 1049 1278 1130 quia
1305 1048 1663 1131 supradicta
1688 1049 1812 1112 fuit

271 1153 533 1220 malitiae
553 1202 575 1232 ,
610 1153 749 1219 haec
799 1158 1014 1219 autem
1064 1155 1388 1235 avaritiae3
1439 1155 1609 1219 unde
1654 1156 1805 1220 sub·

261 1260 487 1345 jungit
529 1260 612 1341 (v.
667 1261 725 1342 8)
763 1283 779 1324 :
819 1261 991 1327 Unus
1025 1268 1146 1342 est,
1181 1268 1243 1329 et
1289 1262 1640 1330 secandum
1679 1280 1809 1332 non

270 1369 476 1448 habet,
508 1384 636 1435 non
664 1368 896 1449 filium,
927 1386 1057 1437 non
1082 1372 1354 1453 fratrem
1371 1395 1388 1451 ;
1416 1376 1481 1438 et
1504 1373 1572 1437 in
1607 1375 1808 1439 modi·

268 1477 360 1542 cis
409 1476 595 1541 debet
641 1494 779 1542 esse
825 1481 1160 1544 contentus
1174 1528 1190 1559 ,
1249 1485 1556 1564 tanquam
1601 1482 1775 1547 solus
1788 1530 1805 1559 ,

269 1584 422 1667 quia
445 1583 643 1649 etiam
670 1603 802 1650 non
827 1586 968 1651 vult
991 1586 1228 1652 habere
1255 1588 1502 1653 socium
1527 1590 1547 1625 ¹
1582 1612 1598 1654 ε
1639 1610 1671 1655 a
1699 1588 1805 1653 In-

267 1692 420 1758 veni
451 1691 740 1774 requiem
768 1692 929 1756 mihi
951 1741 968 1774 ,
1000 1697 1065 1757 et
1097 1713 1271 1760 nunc
1308 1696 1703 1761 manducabo
1729 1697 1809 1762 de

265 1799 454 1866 bonis
482 1799 642 1863 meis
667 1800 841 1865 solus
861 1823 878 1879 ;
905 1823 938 1861 ι)
965 1805 1030 1866 et
1054 1809 1270 1867 tamen
1295 1808 1467 1868 totus
1489 1806 1809 1870 evanescit

261 1925 380 1991 per
420 1907 791 1987 avaritiam,
835 1912 900 1973 et
938 1908 1007 1971 in
1033 1910 1262 1975 effectu
1279 1959 1300 1988 ,
1342 1915 1407 1976 et
1450 1912 1680 1978 affectu
1694 1961 1712 1992 ,
1747 1917 1810 1978 et

260 2014 631 2080 intellectu:
664 2015 735 2079 in
774 2015 1033 2094 effectu3
1062 2018 1231 2083 unde
1256 2019 1447 2085 dicit:
1477 2023 1570 2088 Et
1596 2026 1808 2088 tamen

259 2122 550 2189 laborare
587 2136 716 2188 non
746 2129 974 2191 cessat.
1009 2126 1033 2161 ¹
1081 2146 1111 2184 α
1152 2125 1494 2192 Laboravit
1530 2128 1710 2193 dives
1738 2130 1808 2194 in

257 2229 764 2311 congregatione
822 2231 1214 2297 substantiae.
1273 2256 1304 2293 υ
1375 2233 1448 2298 In
1503 2235 1737 2301 affectu
1786 2260 1802 2302 ι

253 2339 410 2406 Non
434 2338 766 2405 satiantur
799 2338 968 2405 oculi
992 2339 1126 2421 ejus
1162 2338 1447 2408 divitiis.
1480 2342 1502 2377 ³
1549 2365 1581 2403 α
1627 2342 1808 2407 Insa-

251 2443 501 2510 tiabilis
541 2443 766 2508 oculus
806 2444 1016 2528 cupidi
1045 2445 1113 2508 in
1147 2450 1328 2529 parte
1365 2448 1736 2531 iniquitati&
1773 2472 1806 2510 n

253 2550 405 2617 Non
432 2550 765 2615 satiabitur
790 2550 1143 2630 intellectu;
1175 2554 1348 2619 unde
1373 2555 1589 2620 subdit
1619 2579 1634 2620 :
1678 2554 1807 2624 Nec

252 2660 571 2742 recoqitat
603 2658 825 2725 dicens
854 2659 1018 2726 :Cui
1046 2660 1258 2728 laboro
1294 2666 1354 2730 et
1382 2664 1617 2745 fraudo
1657 2668 1806 2733 ani·

253 2783 434 2833 mam
458 2782 662 2832 meam
688 2765 886 2833 bonis.
930 2789 961 2827 α
978 2764 1404 2850 Thesaurizat,
1434 2775 1496 2835 et
1524 2772 1803 2855 ignorat,

254 2874 370 2939 cui
404 2874 826 2956 congregabit
862 2893 957 2939 ea.
1008 2898 1039 2935 n
1091 2875 1189 2941 Ex
1228 2877 1330 2941 his
1369 2879 1574 2961 igitur
1620 2881 1808 2947 infert

254 2980 609 3049 vanitatem
649 3004 664 3046 ε
716 2983 799 3046 ln
845 2981 959 3049 hoe
1003 2999 1246 3066 quoque
1296 2988 1556 3053 vanitas
1603 2994 1696 3055 est
1745 2997 1805 3059 et

258 3090 539 3172 afflictio
564 3090 865 3172 pessima.
897 3090 920 3126 ⁸
969 3112 1001 3151 α
1037 3089 1284 3157 Divitiae
1320 3100 1708 3162 conservatae
1737 3098 1807 3162 in

256 3200 507 3266 malum
538 3199 781 3264 domini
804 3198 904 3262 sui
922 3246 940 3275 ,
975 3221 1008 3258 ι)
1056 3216 1171 3281 per
1191 3199 1509 3265 effectum.

339 3311 401 3372 9.
436 3306 671 3374 Melius
715 3317 808 3373 est
839 3321 1004 3390 erqo.
1037 3303 1358 3388 Tangitur
1397 3307 1503 3373 hic
1529 3312 1804 3377 secundo

257 3414 728 3480 commendatio
773 3413 1087 3478 societatis
1133 3414 1358 3479 alienae
1376 3465 1399 3496 ,
1449 3422 1513 3482 et
1564 3417 1688 3483 hoc
1736 3420 1804 3484 in

257 3521 660 3586 testationem
707 3519 1142 3584 sollicitudinis
1191 3522 1514 3602 avaritiae;
1545 3529 1803 3610 propter

257 3629 433 3709 quod
449 3629 637 3695 dicit:
668 3628 898 3695 Melias
924 3635 1015 3696 est
1035 3646 1180 3714 erqo
1205 3629 1366 3697 duos
1394 3648 1544 3714 esse,
1574 3652 1804 3717 quam-

255 3734 361 3798 vis
386 3735 507 3799 hoc
524 3753 760 3800 avarus
782 3736 1144 3819 praeeligat3
1169 3741 1233 3801 et
1255 3740 1597 3822 subjungit
1615 3743 1804 3807 ratio-

251 3861 411 3907 nem
442 3863 459 3907 :
501 3843 747 3910 Habent
773 3847 946 3911 enim
971 3848 1454 3914 metamaucum
1481 3851 1803 3918 societatis

248 3956 536 4033 mutuoe;
553 3955 617 4015 et
643 3952 783 4016 ideo
811 3953 834 3988 ⁸
871 3975 902 4013 α
930 3953 1235 4020 Dominus
1262 3956 1436 4019 misit
1463 3957 1803 4040 discipulos

247 4057 445 4123 binos
481 4063 628 4123 ante
661 4059 888 4124 faciem
922 4078 1107 4125 suam
1147 4086 1162 4127 ε
1203 4083 1235 4121 n
1269 4067 1333 4126 et
1376 4064 1646 4128 ostendit
1686 4066 1800 4129 tri-

245 4164 409 4249 plex
433 4166 959 4246 emolumentum,
988 4167 1220 4233 scilicet
1240 4169 1311 4233 in
1338 4170 1704 4250 relevando,
1734 4173 1803 4237 in

249 4274 724 4353 conservando,
771 4275 840 4338 in
885 4274 1296 4340 defendenda
1335 4275 1595 4361 Propter
1637 4280 1802 4344 rele-

249 4382 582 4446 vationem
610 4382 802 4446 dicit:
852 4381 926 4448 Si
954 4398 1123 4448 unus
1147 4384 1469 4462 ceciderat,
1499 4385 1577 4451 ab
1606 4388 1802 4455 altero

252 4490 585 4572 fulcietur.
627 4489 650 4525 '¹
687 4513 720 4551 α
759 4488 829 4555 Si
874 4490 1114 4555 videris
1151 4491 1405 4556 asinum
1451 4494 1663 4558 fratris
1703 4497 1799 4560 tui

248 4596 555 4663 cecidisse
592 4597 663 4660 in
703 4596 847 4676 via,
886 4615 1018 4662 non
1065 4597 1368 4680 despicies
1385 4646 1407 4678 ,
1450 4601 1558 4664 sed
1587 4602 1802 4667 suble-

249 4704 441 4773 vabis
467 4722 616 4769 cum
643 4722 719 4768 eo
749 4723 768 4769 ε
799 4724 831 4763 n
876 4704 999 4769 hoc
1035 4705 1345 4771 beneficio
1383 4711 1554 4772 caret
1583 4709 1797 4774 solita-

251 4813 416 4894 riae,
448 4813 590 4879 ideo
620 4813 837 4879 subdit
864 4814 950 4888 (v.
985 4815 1081 4897 10)
1106 4836 1121 4878 2
1170 4815 1272 4882 Voe
1296 4816 1439 4898 soli,
1470 4818 1632 4900 quia
1656 4835 1801 4885 eum

252 4922 587 5001 ceciderit,
629 4937 763 4988 non
800 4921 985 4989 habet
1021 4921 1446 4991 sublevantem
1484 4942 1550 4993 se
1585 4950 1601 4990 ι
1659 4928 1800 4994 ideo

253 5029 475 5094 miser.
507 5034 530 5069 ⁸
567 5052 600 5092 a
644 5028 902 5113 Respice
931 5029 1001 5092 in
1034 5046 1140 5094 me
1159 5077 1177 5108 ,
1216 5035 1279 5094 et
1311 5031 1611 5098 miserere
1638 5035 1795 5116 mei,

250 5135 413 5218 quia
446 5136 679 5200 unicus
709 5139 775 5200 et
800 5154 1043 5219 pauper
1068 5154 1217 5202 sum
1241 5155 1390 5218 ego.
1414 5158 1446 5198 n
1479 5137 1800 5217 Quantum

328 5262 345 5295 ¹
378 5259 558 5323 Eccli„
591 5272 678 5324 x1,
719 5265 794 5313 ¹9.
833 5288 897 5300 —
930 5262 948 5293 ²
979 5262 1161 5323 Baeti„
1196 5274 1352 5327 xxxx,
1391 5266 1440 5313 3.
1479 5291 1533 5301 -—
1571 5267 1592 5296 ³
1619 5266 1798 5331 Eccli„

251 5342 372 5394 xlv,
405 5334 452 5382 9.
485 5358 549 5371 —
590 5335 608 5364 ⁴
638 5333 777 5386 Psal.
814 5345 1048 5393 minu,
1085 5337 1133 5385 Ἰ.
1178 5360 1241 5373 ·—
1278 5337 1297 5366 ⁵
1338 5335 1502 5398 intra,
1541 5349 1590 5401 v,
1626 5341 1702 5390 12.
1736 5366 1800 5378 -

253 5405 276 5435 ⁸
307 5401 443 5460 Luc„
472 5418 532 5466 x,
567 5409 606 5456 1.
639 5432 699 5443 -
729 5408 745 5437 ²
775 5407 944 5467 Dent„
973 5418 1116 5468 1111,
1158 5410 1203 5458 4.
1241 5434 1295 5444 -—
1328 5409 1346 5437 ⁸
1376 5407 1686 5474 Psal.xx1v,
1721 5416 1797 5462 16.

254 5500 317 5542 -f
355 5473 605 5554 ’‘Ephes„
633 5488 681 5540 v,
719 5480 798 5529 29.
824 5505 887 5518 -
922 5479 962 5515 '⁰
989 5478 1055 5532 ΙΙΙ
1086 5477 1223 5543 neq„
1254 5491 1303 5543 1,
1329 5484 1380 5532 4.
1405 5504 1470 5518 —
1498 5479 1534 5515 ¹¹
1564 5479 1713 5544 ibid„
1739 5493 1796 5546 x,

3343 486 3461 549 619

1920 617 2000 689 ad
2058 620 2569 687 emolumentum
2628 622 2698 685 in
2761 619 3198 687 conservando
3223 665 3242 695 ,
3306 616 3462 682 sub-

1918 725 2011 791 dit
2033 727 2118 808 <v.
2145 728 2241 808 11)
2268 729 2391 796 :Et
2415 731 2478 796 si
2497 728 2879 797 dormierint
2904 728 3059 806 duo,
3086 726 3461 809 fovebantur

1919 837 2138 899 mutuo
2159 881 2178 912 ‚
2221 833 2286 898 id
2320 838 2440 915 est,
2481 837 3030 901 conservabuntur
3076 854 3117 900 a
3144 835 3404 917 frigore.
3436 834 3460 872 ⁹

1929 963 1960 1000 α
1974 939 2176 1006 Nemo
2194 960 2449 1007 carnem
2464 961 2645 1009 suam
2664 943 2809 1009 odio
2831 943 3077 1022 habuit,
3097 942 3207 1007 sed
3230 942 3456 1022 nutrit,

1919 1049 1982 1110 et
1999 1047 2172 1112 fovet
2188 1066 2331 1113 eam
2355 1071 2369 1114 ε
2392 1071 2425 1109 1>
2452 1050 2575 1114 hoc
2590 1050 2895 1115 beneficio
2917 1053 3087 1115 caret
3102 1048 3423 1114 solitarius
3437 1070 3455 1128 ;

1920 1154 2089 1218 unde
2133 1155 2348 1220 subdit
2380 1178 2396 1222 ι
2442 1157 2616 1223 Unus
2652 1157 2708 1221 si
2753 1157 3123 1234 dormierit,
3152 1155 3460 1239 quomodo

1919 1261 2169 1342 calefiet
2188 1264 2224 1328 5²
2253 1262 2645 1346 Exemplum
2666 1263 2865 1347 hujus
2906 1262 3179 1328 habetur
3196 1263 3259 1343 ¹⁰,
3291 1263 3462 1345 quod

1921 1370 2120 1435 David
2147 1375 2482 1451 senuerat,
2507 1373 2570 1436 et
2598 1389 2730 1435 non
2755 1369 3111 1449 calefiebat,
3141 1374 3205 1432 et
3233 1370 3455 1435 subdi-

1917 1482 2026 1541 tur
2059 1477 2241 1559 ·quod
2289 1478 2686 1560 quaesierunt
2728 1477 2970 1559 Abisag
3016 1474 3415 1541 Sunamitem
3433 1525 3456 1557 ,

1919 1603 2065 1669 quae
2091 1586 2445 1651 dormiebat
2464 1586 2535 1650 in
2560 1586 2708 1650 sinu
2731 1585 2905 1666 regis
2920 1632 2942 1664 ,
2971 1588 3037 1648 et
3060 1583 3464 1649 calefaciebat

1919 1711 2102 1773 eum;
2132 1711 2247 1776 per
2273 1712 2340 1758 se
2364 1711 2494 1757 non
2518 1696 2763 1776 poterat
2792 1692 3088 1768 calefieri,
3117 1709 3270 1756 cum
3297 1696 3461 1756 esset

1919 1800 2113 1865 solue.
2146 1800 2470 1878 Quantum
2501 1802 2582 1865 ad
2617 1800 3123 1866 emolumentum
3151 1800 3219 1864 in
3240 1800 3460 1865 defen-

1917 1907 2125 1972 dendo
2148 1956 2166 1985 ,
2198 1908 2413 1973 subdit
2443 1911 2528 1992 (v.
2562 1909 2656 1991 19)
2683 1910 2908 1975 :Etsi
2932 1909 3270 1990 quisquam
3292 1923 3461 1991 prce-

1919 2008 2197 2083 valuerit
2225 2020 2447 2083 contra
2499 2032 2701 2081 unum
2716 2062 2740 2094 ,
2771 2014 2899 2082 duo
2935 2018 3231 2083 resistent
3258 2015 3321 2082 ei
3347 2034 3372 2077 .-
3401 2019 3465 2080 et

1915 2123 2006 2186 ita
2030 2122 2202 2188 valet
2226 2122 2307 2188 ad
2330 2123 2782 2189 defensionem.
2813 2125 2856 2166 ¹¹
2887 2145 2918 2183 α
2936 2122 3002 2188 Si
3012 2122 3465 2206 praevaluerint

1917 2230 2257 2297 adversum
2276 2249 2380 2295 me
2402 2229 2581 2314 Syri,
2607 2231 2734 2294 eris
2753 2230 2914 2295 mihi
2933 2230 3004 2294 in
3027 2230 3128 2314 adj
3136 2230 3416 2296 utorium
3435 2253 3453 2310 ;

1917 2336 1972 2399 si
2013 2341 2232 2401 autem
2262 2336 2376 2400 mii
2422 2335 2704 2401 Ammon
2738 2336 3200 2419 praevaluerint
3227 2335 3487 2406 adver·⁴

1917 2461 2063 2509 sum
2102 2447 2167 2509 te
2187 2492 2206 2523 ,
2255 2442 2611 2508 auxiliabor
2659 2443 2797 2508 tibi.
2834 2466 2867 2503 ι)
2920 2442 3001 2509 Et
3040 2442 3163 2508 hoc
3202 2442 3463 2528 quidem

1917 2551 2276 2616 manifestat
2302 2551 2595 2634 exemplo
2626 2570 2643 2615 ε
2674 2551 3039 2618 Funieulus
3064 2550 3308 2634 triple&
3334 2549 3464 2631 dir-
3522 2536 3525 2539 ¹

1917 2660 2088 2741 sicile
2124 2661 2490 2743 rumpttur;
2532 2660 2694 2724 sicut
2734 2658 2972 2725 chorda
3005 2658 3261 2723 chordae
3302 2677 3454 2724 con-

1907 2771 2137 2852 juncta
2170 2772 2267 2833 est
2306 2768 2550 2847 fortior,
2589 2768 2680 2830 sic
2707 2770 2771 2830 et
2810 2766 3029 2831 homo.
3068 2767 3112 2804 ¹²
3161 2788 3194 2827 α
3216 2765 3459 2847 Frater,

1915 2877 2028 2958 qui
2056 2876 2402 2958 adjuvatur
2429 2893 2470 2939 a
2491 2875 2707 2951 fratre,
2732 2874 2913 2957 quasi
2942 2873 3167 2939 civitas
3189 2873 3403 2939 firma.
3418 2896 3452 2934 n

1915 2984 2340 3067 Spiritualiter
2356 2983 2465 3047 hic
2486 2984 2746 3047 notatur
2764 2981 2998 3064 triplex
3022 2980 3284 3046 effectus
3313 2980 3460 3045 cha-

1913 3091 2117 3157 ritatis
2136 3140 2153 3172 ,
2182 3090 2414 3157 scilicet
2442 3092 2671 3155 mutua
2694 3087 3032 3169 relevatio,
3067 3091 3295 3154 mutua
3311 3106 3458 3155 con-

1913 3200 2163 3279 solatio,
2176 3204 2240 3266 et
2258 3203 2484 3265 mutua
2494 3198 2790 3264 defensio.
2829 3196 3094 3281 Propter
3118 3198 3455 3288 relevatio-

1912 3326 2084 3389 nem,
2110 3307 2295 3374 dicit:
2331 3307 2404 3374 Si
2424 3322 2595 3373 unus
2621 3304 2949 3385 ceciderit,
2980 3304 3145 3368 etc.¹³
3168 3327 3199 3365 a
3221 3303 3289 3370 Si
3301 3322 3460 3387 prae-

1915 3420 2263 3500 occupatus
2289 3414 2482 3481 fuerit
2503 3414 2697 3479 homo
2717 3413 2783 3476 in
2812 3412 3027 3497 aliquo
3052 3412 3276 3479 delicto
3294 3461 3313 3491 ,
3342 3430 3459 3479 vos

1912 3524 2022 3606 qui
2049 3522 2413 3607 spirituales
2437 3521 2586 3586 estis
2600 3569 2622 3601 ‚
2653 3519 2769 3603 huj
2779 3519 3028 3584 usmodi
3060 3518 3356 3585 instruite
3389 3520 3457 3586 in

1910 3631 2140 3715 spiritu
2181 3629 2457 3695 lenitatis
2492 3649 2565 3691 :n
2601 3633 2666 3694 et
2704 3635 2750 3670 ¹⁸
2790 3647 2864 3693 :a
2890 3627 3009 3692 Cor
3032 3627 3187 3692 boni
3213 3627 3458 3693 consilii

1911 3743 2118 3804 statue
2141 3744 2375 3804 tecum.
2391 3760 2423 3799 n
2446 3737 2712 3821 Propter
2733 3735 3229 3801 consolationem
3256 3735 3441 3802 dicit:

1910 3846 2315 3915 Fovebuntur
2341 3851 2587 3913 mutuo.
2613 3845 2657 3880 ¹⁸
2692 3866 2725 3904 α
2740 3841 3161 3908 consolamini
3186 3841 3448 3924 pusilla-

1910 3956 2136 4021 nimes.
2161 3978 2193 4017 n
2225 3955 2303 4020 Et
2326 3954 2402 4020 ¹⁸:
2429 3978 2460 4016 α
2483 3952 2656 4019 Facti
2684 3969 2910 4016 sumus
2934 3951 3192 4034 parvuli
3218 3952 3287 4015 in
3313 3970 3456 4017 me-

1910 4065 2015 4131 dio
2048 4063 2245 4130 vestri
2265 4111 2283 4142 ‚
2332 4066 2641 4144 tanquam
2683 4059 2737 4123 si
2781 4057 3001 4123 nutrix
3033 4059 3246 4123 foveat
3289 4058 3454 4124 filios

1910 4190 2080 4237 suos
2102 4194 2133 4230 ι)
2175 4169 2439 4253 Propter
2465 4166 2893 4232 defensionem
2937 4165 3087 4231 dicit
3120 4188 3135 4230 ε
3171 4166 3307 4233 Duo
3344 4183 3448 4234 re-

1873 4285 1878 4292 ’
1908 4283 2162 4348 sistent.
2196 4280 2239 4318 ¹⁷
2265 4299 2298 4340 ι
2317 4277 2573 4343 Stemus
2596 4259 2829 4339 simul:
2858 4272 3004 4357 quis
3028 4275 3127 4338 est
3150 4272 3448 4339 adversa-

1909 4389 2045 4453 rius
2076 4403 2259 4452 meus
2275 4387 2306 4448 ‘2
2329 4407 2360 4444 n
2396 4383 2661 4466 Propter
2700 4381 2876 4445 hunc
2912 4379 3228 4463 triplicem
3269 4380 3455 4447 effec-

1906 4501 2050 4562 tum
2090 4491 2415 4559 charitatis
2428 4539 2453 4570 ,
2492 4490 2722 4555 dicitur
2750 4487 3079 4553 funiculus
3121 4487 3377 4571 triplex.
3407 4492 3452 4532 ¹⁸

1917 4629 1948 4667 α
1974 4604 2048 4670 In
2068 4600 2369 4668 funiculis
2392 4598 2599 4664 Adam
2625 4596 2878 4662 traham
2903 4614 3014 4661 eos
3035 4646 3054 4675 ,
3084 4595 3153 4660 in
3178 4597 3451 4662 vinculis

1906 4709 2250 4779 charitatis,
2274 4730 2306 4768 a

1988 4818 2310 4897 Quaeritur
2336 4814 2444 4880 hic
2467 4814 2545 4878 de
2570 4811 2704 4878 vita
2730 4809 3014 4875 solitaria
3029 4859 3050 4891 ,
3102 4815 3326 4878 utrum
3363 4815 3448 4879 sit

1907 4924 2337 5010 praeeligenda
2389 4919 2692 4986 societati.
2748 4917 2929 4995 Quod
2972 4917 3063 4982 sic
3080 4967 3099 4999 ,
3148 4919 3401 4985 videtur
3424 4971 3443 5002 ,

1906 5034 2058 5118 quia
2083 5032 2320 5100 dicitur
2352 5030 2432 5094 de
2453 5029 2622 5093 bono
2649 5026 3039 5092 adolescente
3068 5027 3112 5068 ¹·
3147 5049 3163 5092 ε
3195 5050 3227 5090 α
3248 5026 3446 5095 Sede-

1905 5143 2002 5207 bit
2028 5141 2349 5206 solitarius
2367 5188 2384 5219 ,
2415 5141 2478 5203 et
2516 5136 2748 5202 tacebit
2769 5158 2786 5200 :
2806 5156 2839 5195 n
2877 5153 3037 5218 ergo
3065 5136 3312 5202 bonum
3350 5144 3448 5204 est

1910 5265 1986 5312 11.
2005 5284 2069 5297 -
2098 5259 2136 5292 ¹²
2156 5260 2332 5323 Prov„
2356 5265 2508 5316 xv111,
2529 5257 2607 5305 19.
2630 5279 2692 5293 -
2722 5252 2766 5288 ¹⁸
2785 5251 2925 5317 Gal„
2946 5264 3020 5315 vx,
3045 5257 3092 5304 1.
3112 5279 3176 5293 -
3202 5254 3241 5289 ¹⁴
3263 5254 3444 5319 Eecli„

1907 5342 2117 5393 xxxva,
2146 5331 2226 5380 1Ἱ.
2254 5354 2315 5366 -
2344 5328 2380 5358 ¹⁸
2410 5328 2426 5376 1
2460 5325 2646 5379 Thess..
2670 5336 2723 5389 v,
2754 5327 2830 5375 14.
2863 5351 2918 5361 -
2956 5325 2995 5360 ¹⁸
3024 5325 3173 5391 thid„
3201 5337 3268 5390 11,
3301 5328 3349 5376 7.
3387 5354 3442 5364 -

1911 5405 1953 5439 ¹⁷
1981 5404 2102 5464 Iso„
2129 5412 2180 5464 1.,
2208 5404 2255 5452 8.
2284 5427 2347 5438 —
2377 5400 2414 5429 '⁸
2440 5399 2570 5452 ose..
2593 5409 2672 5460 11,
2703 5400 2748 5447 4.
2781 5422 2835 5432 -
2876 5397 2913 5430 ¹⁸
2942 5396 3135 5459 Taren„
3168 5409 3249 5463 111,
3275 5400 3355 5453 28.
3383 5425 3447 5438 —

1919 5535 1927 5542 .
1971 5483 2039 5548 ‹a›
2067 5480 2185 5547 uo.
2212 5477 2354 5538 aaz.
2382 5504 2442 5519 -
2476 5477 2552 5550 (ὁ)
2573 5478 2698 5536 uem
2722 5479 2941 5542 partem.
