4196 6294
545 351 547 353 ’
656 364 775 427 536

654 497 829 555 malis
875 497 1137 570 malum,
1189 497 1296 556 md
1347 494 1801 555 misericorditer
1859 496 2196 570 erogaveris

655 592 919 665 bonum3
944 592 1110 651 etsie
1166 591 1229 651 in
1283 590 1487 650 divino
1540 590 1886 649 consistorio
1932 592 2197 650 invenies

656 686 1128 745 misericordiam
1155 685 1550 759 mitigantem,
1578 700 1701 742 non
1723 683 2004 757 Justitiam
2032 684 2199 743 fusti-

657 783 895 854 gantem
924 800 938 838 :
971 797 1105 839 ecce
1130 779 1563 856 propitiationis
1606 779 1868 837 inventio
1912 796 2022 854 per
2047 780 2200 838 divi—

656 891 798 934 nam
823 874 1289 935 misericordiam
1325 873 1699 931 mulcebriter
1721 874 2105 948 mitigantem.

1165 1035 1442 1089 Articulus
1480 1033 1692 1089 tertius.

728 1160 990 1219 veritatis
1013 1160 1321 1235 eloquium
1361 1162 1675 1218 annotatur
1689 1201 1708 1232 ,
1756 1174 1891 1217 cum
1937 1157 2150 1217 dicitur
2181 1177 2195 1214 :

661 1255 957 1312 sectandum
1009 1256 1278 1326 eloquium
1344 1261 1512 1311 tuum.
1562 1255 1682 1311 Hoc
1741 1252 2013 1310 divinum
2066 1252 2194 1309 elo-

659 1347 868 1421 quium
920 1350 1005 1405 est
1058 1347 1209 1404 illud
1256 1346 1510 1405 verbum
1556 1345 2007 1422 promissorium
2024 1386 2039 1416 ,
2072 1361 2195 1420 quo

659 1440 903 1499 firmiter
955 1440 1345 1515 promittitur,
1391 1439 1557 1515 quod
1623 1440 1811 1498 oratio
1873 1438 2199 1514 petentium

659 1534 911 1593 fideliter
955 1539 1133 1609 atque
1159 1534 1513 1593 fiducialiter
1553 1532 1907 1592 admittetur.
1950 1533 2063 1592 Sed
2089 1550 2200 1591 no-

653 1629 908 1698 tandum
932 1629 1087 1687 circa
1111 1628 1519 1702 promissionis
1557 1627 1883 1701 eloquium,
1912 1627 2079 1702 quod
2118 1628 2201 1685 le-

660 1724 854 1798 gimus
881 1723 1187 1798 eloquium
1215 1722 1626 1780 annuntiatum
1641 1763 1660 1793 ,
1691 1720 2008 1792 creditum,
2039 1721 2200 1779 blas-

660 1818 1007 1893 phematum
1036 1835 1051 1874 :
1082 1816 1369 1890 quoniam
1398 1814 1613 1872 divinoe
1638 1814 2045 1889 promissionis
2079 1814 2202 1873 elo-

575 1920 619 1952 x.
663 1912 838 1986 quia,
868 1925 1003 1985 quse
1033 1909 1312 1968 divinitus
1352 1908 1798 1980 annuntiantur,
1849 1924 1887 1966 a
1921 1908 2201 1968 fidelibus

665 2004 983 2062 ereduntur
998 2046 1019 2075 ,
1057 2004 1135 2061 ab
1180 2002 1523 2061 infidelibus
1567 2001 2073 2076 blasphemantur.
2124 2006 2200 2061 De

663 2098 857 2171 primo
906 2097 924 2130 ¹
978 2114 992 2152 :
1030 2114 1059 2150 <t
1085 2099 1413 2170 praeparare
1467 2096 1529 2154 in
1576 2111 1888 2154 occursum
1942 2095 2038 2154 Dei
2093 2097 2197 2169 tui,

661 2191 874 2263 lsrael;
925 2191 1065 2266 quia
1111 2206 1243 2248 ecce
1285 2189 1548 2249 formans
1583 2192 1843 2260 montes,
1892 2193 1950 2247 et
1996 2206 2202 2249 creans

661 2287 925 2356 ventum,
940 2287 999 2341 et
1013 2283 1367 2342 annuntians
1379 2283 1608 2341 homini
1623 2284 1930 2358 eloquium
1945 2301 2120 2343 suum
2140 2304 2196 2343 ε»

662 2394 798 2436 ecce
847 2377 1154 2452 eloquium
1207 2376 1488 2434 divinitus
1538 2377 1969 2436 annuntiatum.
2008 2382 2086 2438 De
2116 2396 2206 2437 se-

662 2471 861 2529 cundo
902 2473 926 2506 ¹
974 2490 989 2529 :
1028 2493 1056 2524 «
1102 2470 1333 2529 Credita
1374 2473 1508 2529 sunt
1548 2471 1664 2528 illis
1706 2472 1945 2547 eloquia
1988 2474 2088 2531 Dei
2121 2492 2136 2530 ε
2169 2497 2196 2526 »

662 2581 795 2624 ecce
822 2563 1129 2639 eloquium
1173 2564 1441 2622 divinum
1486 2581 1523 2622 a
1565 2564 1844 2623 fidelibus
1890 2567 2199 2625 creditum.

664 2663 741 2717 De
770 2658 940 2717 tertio
967 2659 990 2694 ⁸
1017 2677 1031 2716 :
1069 2676 1098 2712 α
1125 2658 1476 2730 Abjecerunt
1500 2658 1693 2731 legem
1716 2659 1970 2731 Domini,
2000 2663 2058 2718 et
2084 2660 2207 2718 elo·

664 2752 876 2828 quium
928 2751 1120 2810 Sancti
1173 2752 1348 2810 Israel
1399 2752 2007 2828 blasphemaverunt3
2064 2753 2203 2811 ideo

664 2847 847 2905 iratus
873 2852 961 2905 est
979 2847 1146 2905 furor
1175 2845 1406 2904 Domini
1432 2846 1495 2902 in
1533 2846 1759 2921 populo
1787 2863 1898 2905 suo
1931 2866 1946 2905 ε
1982 2868 2010 2902 »
2069 2863 2204 2905 ecce

668 2940 940 2999 divinum
961 2940 1268 3014 eloquium
1317 2939 1396 2997 ab
1437 2939 1778 2998 infidelibus
1821 2940 2203 3015 blasphema-

665 3037 811 3092 tum.

1151 3106 1438 3165 Articulus
1467 3112 1717 3180 quartus.

737 3222 1035 3282 potestatis
1056 3222 1346 3296 judicium
1372 3226 1743 3295 connotatur,
1770 3240 1907 3282 cum
1935 3226 2161 3283 canitur
2188 3246 2202 3282 ε

668 3322 752 3375 Da
777 3318 916 3373 mihi
942 3319 1289 3387 intellectum,
1320 3318 1491 3391 quasi
1519 3317 1675 3376 dicat
1706 3338 1721 3376 :
1758 3320 1870 3376 Fac
1918 3335 2014 3376 me
2042 3318 2209 3378 intel-

667 3410 849 3483 ligere
876 3426 984 3485 per
1010 3410 1378 3468 liberationis
1417 3411 1801 3484 miraculum,
1847 3413 2013 3487 quod
2054 3429 2208 3471 non-

671 3505 816 3562 dum
863 3519 1110 3578 possum
1153 3504 1479 3578 intelligere
1528 3521 1636 3580 per
1699 3506 2210 3579 contemplationis

509 3598 932 3669 1nte1ssoculum.
1006 3597 1169 3656 Unde
1226 3599 1574 3667 notandum,
1642 3600 1810 3674 quod
1872 3600 2085 3674 legitur
2148 3601 2209 3658 in

472 3688 612 3761 isciu-
676 3692 984 3765 Seripturis
1012 3692 1334 3750 intellectus
1373 3693 1640 3764 moraliS,
1667 3693 1994 3752 intellectus
2034 3698 2208 3753 natu-

463 3750 622 3806 triplex

443 3813 490 3855 5„
509 3813 650 3869 wip.
674 3786 838 3858 ralis,
866 3785 1192 3844 intellectus
1213 3786 1674 3859 supernaturalis
1702 3805 1717 3844 :
1748 3788 1974 3860 primus
2015 3795 2102 3846 est
2124 3788 2212 3846 in-

441 3878 554 3920 tura.

678 3879 965 3939 dieativus
990 3881 1302 3954 bonitatis;
1343 3881 1638 3940 secundus
1677 3882 1966 3956 veritatis;
2011 3885 2211 3944 tertius

674 3974 993 4047 potestatis.
1029 3976 1105 4031 De
1146 3974 1340 4048 primo
1384 3975 1691 4049 psallimus
1717 3974 1740 4009 ⁶
1765 3996 1783 4033 ε
1831 3996 1860 4032 α
1886 3978 2211 4037 Intellectus

674 4068 872 4125 bonus
896 4068 1174 4125 omnibus
1199 4067 1548 4128 facientibus
1577 4087 1714 4129 eum
1745 4089 1759 4128 :
1792 4091 1819 4126 »
1858 4072 1986 4129 talis
2013 4078 2098 4130 est
2126 4073 2212 4130 in—

675 4161 932 4220 tellectus
951 4161 1214 4219 moralis
1245 4164 1323 4220 De
1349 4163 1610 4222 secundo
1643 4164 1783 4223 dicit
1807 4166 2121 4239 Apostolus
2147 4169 2207 4225 ⁵:

683 4257 864 4313 «Non
912 4253 1227 4313 ambuletis
1282 4256 1430 4314 sicut
1467 4260 1523 4314 et
1568 4262 1769 4331 gentes
1814 4259 2123 4318 ambulant
2149 4260 2210 4318 in

675 4348 933 4407 vanitate
978 4364 1182 4406 sensus
1228 4349 1356 4422 sui,
1388 4350 1767 4409 obscuratum
1807 4351 2093 4412 habentes
2128 4354 2214 4412 in-

676 4441 972 4500 tellectum
1002 4459 1016 4499 :
1046 4463 1074 4497 >v
1127 4441 1257 4500 talis
1300 4445 1384 4500 est
1430 4443 1756 4502 intellectus
1801 4447 2102 4505 naturalis
2133 4449 2212 4506 De

674 4535 843 4594 tertio
881 4535 1082 4593 scribit
1122 4535 1614 4611 psalmographus
1640 4538 1662 4572 ⁶
1699 4556 1714 4595 ε
1750 4557 1780 4592 α
1809 4538 1969 4596 Pavit
2007 4556 2110 4598 eos
2150 4540 2211 4597 in

674 4628 1009 4688 innocentia
1055 4628 1251 4687 cordis
1288 4629 1409 4701 sui,
1460 4633 1517 4687 et
1547 4630 1610 4687 in
1651 4630 2044 4691 intellectibus
2083 4650 2211 4692 ma-

671 4739 862 4781 nuum
888 4739 1129 4782 suarum
1145 4722 1388 4782 deduxit
1402 4740 1531 4782 eos:
1548 4744 1575 4779 ι
1593 4725 1915 4784 intellectus
1924 4730 2212 4786 manuum

673 4821 761 4876 est
784 4817 1109 4875 intellectus
1151 4817 1516 4877 mirabilium
1559 4819 1892 4891 actionum,
1939 4837 2060 4895 quo
2108 4822 2211 4879 de·

676 4911 972 4970 ducuntur
998 4911 1270 4970 homines
1297 4928 1403 4987 per
1428 4912 1727 4972 mirabilia
1755 4931 1888 4990 quae
1913 4916 2210 4989 videntur,

675 5005 756 5062 ad
779 5005 1167 5076 mirabiliora,
1195 5022 1327 5081 quae
1352 5023 1476 5065 non
1502 5006 1781 5066 videntur
1811 5026 1826 5065 :
1858 5008 1986 5068 talis
2015 5015 2100 5067 est
2125 5010 2211 5068 in·-

675 5098 936 5175 tellectus
961 5100 1439 5174 supernaturalis.

741 5296 955 5358 mimos,
983 5309 1053 5363 iv,
1080 5302 1155 5353 13.
1185 5324 1245 5337 -
1273 5300 1291 5331 ²
1317 5300 1470 5365 Rom,
1501 5312 1578 5364 ιιι,
1610 5304 1655 5354 2.
1685 5305 1750 5341 --·
1773 5302 1795 5338 ⁸
1819 5302 1939 5364 Ira„
1966 5315 2014 5365 v,
2044 5309 2122 5359 20.
2153 5333 2206 5344 --

1697 359 2109 427 EXPOSITIO
2152 360 2231 428 IN
2274 360 2798 429 PSALTERIUM.

2941 534 3198 627 Epilogus.

2373 686 2695 746 Ostendens
2721 704 2864 762 ergo
2890 688 3181 762 Propheta
3207 687 3391 746 fidem
3416 688 3750 760 instantem,
3777 691 3841 747 et

2302 780 2665 839 liberationis
2690 782 3040 841 miraculum
3074 781 3492 857 postulantem,
3521 782 3605 841 ait
3654 801 3669 840 ι
3715 784 3836 856 Ap-

2302 879 2624 949 propinquet
2649 877 2951 949 deprecatio
2979 892 3116 948 mea,
3144 881 3434 950 quantum
3458 876 3537 934 ad
3571 875 3714 934 fidei
3736 892 3839 951 pe-

2301 968 2581 1042 titorium,
2608 970 2904 1044 pertinens
2931 970 3010 1028 ad
3052 970 3384 1028 humanum
3429 970 3739 1042 affectum3
3768 973 3835 1028 In

2304 1068 2580 1136 conspectu
2606 1068 2729 1135 tue,
2774 1068 3065 1137 quantum
3112 1063 3193 1120 ad
3243 1062 3514 1121 divinum
3557 1063 3836 1122 consisto-

2302 1156 2487 1229 rium,
2532 1156 2779 1215 attinens
2829 1157 2909 1215 ad
2949 1156 3220 1214 divinum
3270 1161 3608 1232 aspectum3
3645 1159 3835 1217 secun-

2304 1252 2431 1308 dum
2458 1252 2722 1325 eloquium
2747 1257 2927 1322 tuum,
2955 1255 3245 1324 quantum
3283 1250 3363 1308 ad
3406 1250 3663 1309 veritatis
3705 1250 3831 1308 elo-

2305 1345 2514 1420 quium
2542 1347 2808 1418 spectans
2845 1344 2922 1403 ad
2965 1343 3415 1403 instrumentum
3470 1344 3829 1415 confectum3

2307 1441 2392 1496 Da
2413 1439 2549 1495 mihi
2573 1440 2932 1508 intellectum,
2961 1441 3250 1511 quantum
3298 1437 3378 1496 ad
3421 1439 3723 1513 potestatis
3742 1439 3833 1510 ju-

2307 1533 2556 1606 dicium,
2600 1533 2920 1608 respiciens
2961 1532 3041 1591 ad
3079 1533 3504 1591 miraculosum
3544 1531 3830 1591 effectum.

2859 1755 3194 1800 vnaslcums
3229 1757 3285 1800 Χ.

2383 1914 2500 1970 170.
2535 1914 2709 1969 Intret
2725 1914 3020 1985 postulatio
3060 1927 3179 1968 mea
3204 1913 3266 1967 in
3288 1916 3568 1984 conspeetu
3587 1917 3700 1984 tuo,
3727 1916 3830 1970 etc.

2308 2005 2509 2064 Fidem
2553 2005 2865 2063 instantem
2906 2021 3015 2080 per
3064 2020 3300 2062 versum
3339 2003 3599 2063 vidimus
3623 2021 3832 2079 praece·

2309 2098 2579 2171 dentem;
2608 2115 2774 2173 spem
2794 2099 3129 2173 pulsantem
3154 2098 3356 2156 videre
3386 2114 3702 2174 possumus
3733 2116 3836 2174 per

2307 2197 2672 2269 praesentem.
2705 2194 2862 2252 Sicut
2888 2199 3085 2253 autem
3110 2193 3444 2252 attribuitur
3468 2193 3633 2266 fidei,
3675 2194 3837 2269 quod

2309 2288 2500 2360 agitur
2526 2291 2694 2345 motu
2718 2287 2896 2361 fidei3
2943 2288 3026 2345 sic
3067 2286 3421 2346 adscribitur
3466 2288 3628 2362 spei,
3674 2288 3838 2362 quod

2310 2380 2557 2440 efficitur
2581 2385 2749 2440 motu
2774 2381 2919 2455 spei.
2945 2384 3102 2441 Motu
3134 2380 3261 2456 spei
3288 2384 3485 2438 motus
3525 2385 3650 2439 erat
3688 2381 3839 2439 Psal-

2309 2474 2691 2549 mographus,
2724 2491 2857 2532 cum
2885 2491 2960 2533 ex
2994 2474 3156 2533 bono
3180 2473 3376 2532 cordis
3401 2474 3678 2533 thesauro
3702 2491 3839 2549 pro·

2311 2566 2551 2626 duceret
2572 2568 2760 2626 verba
2797 2569 2906 2625 ista
2936 2586 2951 2625 ε
2984 2571 3182 2639 Intret,
3205 2571 3315 2626 etc.
3347 2571 3471 2626 :est
3518 2567 3681 2625 enim
3723 2584 3841 2626 vox

2311 2661 2493 2720 animi
2521 2662 2695 2720 bonae
2720 2663 2869 2737 spei,
2905 2662 3276 2737 postulantiS,
3306 2661 3727 2735 proestolantis,
3756 2662 3842 2720 al-

2310 2754 2591 2828 legantiS,
2620 2756 2899 2828 rogantis
2949 2755 3172 2824 Quaeris
3187 2797 3208 2826 ,
3262 2755 3453 2830 quid?
3497 2755 3844 2814 postulantis

2310 2849 2640 2921 introitum3
2700 2848 3083 2923 praestolantis
3149 2849 3456 2923 intuitum3
3540 2849 3846 2922 allegantis

2310 2947 2551 3016 pactum
2575 2945 2965 3016 praeteritum3
3009 2942 3271 3016 rogantis
3317 2942 3539 3000 iactum
3565 2942 3845 3000 divinitus

2311 3034 2695 3109 proefinitum,
2735 3034 3010 3093 videlicet
3052 3034 3417 3094 liberationis
3444 3035 3737 3094 effectum.
3766 3038 3847 3093 ls-

2313 3132 2438 3187 tum
2464 3132 2661 3188 actum
2697 3130 2976 3189 Dominus
3016 3128 3328 3205 praefinivit
3347 3172 3367 3203 ,
3421 3128 3665 3204 quando
3710 3144 3849 3204 pro-

2312 3223 2542 3297 phetica
2566 3224 2956 3298 promissione
2997 3224 3240 3282 sancivit
3265 3227 3287 3261 ‘¹
3332 3243 3347 3282 ε
3399 3241 3428 3277 ι(
3457 3223 3625 3282 Salus
3661 3224 3849 3297 iusto·

2314 3333 2449 3374 rum
2476 3334 2512 3376 a
2536 3318 2809 3389 Domino,
2839 3323 2895 3377 et
2918 3314 3214 3393 protector
3241 3333 3451 3376 eorum
3484 3317 3551 3374 in
3576 3320 3847 3391 tempore

2316 3411 2728 3485 tribulationiS,
2753 3417 2811 3471 et
2837 3412 3143 3486 adjuvabit
3168 3428 3269 3469 eos
3293 3411 3599 3484 DominuS,
3625 3415 3681 3469 et
3701 3410 3853 3469 libe-

2315 3505 2472 3563 rabit
2499 3522 2623 3578 eOS,
2652 3511 2708 3564 et
2733 3511 2896 3565 eruet
2923 3522 3024 3564 eos
3053 3522 3089 3564 a
3122 3505 3551 3581 peccatoribuS,
3580 3509 3637 3562 et
3662 3504 3856 3562 salva·

2317 3599 2405 3656 bit
2449 3616 2586 3670 eOS,
2634 3600 2775 3673 quia
2822 3604 3205 3674 speraverunt
3229 3600 3293 3657 in
3339 3615 3411 3657 eo
3443 3617 3457 3656 ε
3488 3620 3517 3654 »
3551 3614 3686 3657 ecce
3728 3599 3855 3673 spei

2320 3693 2781 3766 quadrimodam
2829 3694 3256 3767 pulsationem,
3297 3697 3354 3751 et
3386 3692 3665 3768 pulsandi
3709 3708 3857 3765 qua-

2320 3782 2598 3841 drifidam
2633 3784 2943 3842 rationem.
2989 3784 3244 3843 pulsavit
3286 3784 3446 3842 enim
3485 3800 3618 3858 spes
3651 3787 3857 3858 postu·

2320 3877 2501 3935 lando
2517 3919 2537 3949 ,
2609 3877 3005 3952 praestolando
3030 3920 3046 3945 ,
3105 3877 3458 3952 allegando,
3512 3876 3786 3951 rogando
3838 3894 3854 3932 ε

2320 3976 2561 4046 propter
2589 3972 2892 4030 introitum
2914 4015 2930 4041 ,
2978 3975 3222 4046 propter
3266 3972 3572 4043 intuitum,
3618 3972 3864 4046 propter

2319 4070 2559 4140 pactum
2608 4065 2996 4139 praeteritum,
3040 4068 3283 4141 propter
3323 4065 3544 4124 factum
3580 4064 3865 4122 divinitus

2319 4158 2688 4234 praefinitum.

2819 4301 3100 4357 Articulus
3136 4303 3366 4372 primus.

2393 4442 2751 4501 postulando
2805 4441 3093 4516 pulsatur,
3137 4458 3273 4499 oum
3326 4441 3596 4516 psallitur
3634 4460 3650 4499 :
3688 4444 3865 4499 Intret

2318 4538 2620 4608 postulatio
2647 4552 2783 4624 ποκα.
2807 4536 2898 4594 Sic
2923 4536 3231 4610 pulsamus
3248 4577 3271 4608 ,
3293 4552 3431 4593 cum
3455 4551 3564 4610 per
3588 4534 3866 4594 affectum
3886 4556 3887 4561 ¹

2323 4629 2657 4689 devotionis
2682 4629 2746 4687 in
2773 4629 3098 4688 sacrarium
3127 4629 3519 4688 exauditionis
3552 4629 3862 4687 intramus.

2322 4724 2415 4784 Sic
2442 4724 2675 4799 pulsare
2703 4723 2956 4795 videtur,
2993 4723 3096 4799 qui
3127 4724 3322 4781 nubes
3359 4722 3726 4781 orationibus
3762 4738 3869 4795 pe-

2322 4824 2549 4879 netrare
2575 4823 2849 4877 meretur.
2881 4819 2996 4877 Sed
3023 4818 3385 4890 notandum,
3415 4817 3582 4893 quod
3607 4816 3866 4890 legimus

2321 4913 2622 4971 introitum
2659 4912 3044 4986 tripartitum,
3089 4913 3308 4971 scilicet
3342 4912 3645 4972 introitum
3682 4911 3862 4968 inter·
3891 4945 4116 4990 Ina-oum

2319 5007 2626 5078 sectivum,
2669 5007 2973 5066 introitum
3018 5007 3472 5065 interventivum
3491 5050 3511 5078 ,
3556 5005 3862 5064 introitum
3898 5002 4095 5065 *tirht-

2320 5101 2705 5161 inventivum.
2738 5103 2979 5162 Introitu
3015 5103 3209 5178 primo
3237 5103 3416 5161 intrat
3440 5100 3818 5177 compunctio
3843 5120 3863 5172 ;

2322 5232 2340 5260 ⁴
2368 5229 2505 5282 Psal.
2535 5242 2620 5293 cx,
2651 5232 2729 5281 10.
2754 5255 2812 5266 -
2842 5229 2864 5264 ⁸
2890 5229 3102 5295 Ephes„
3128 5241 3200 5293 ιν,
3236 5227 3313 5280 18.
3346 5254 3409 5266 -
3445 5228 3468 5264 ⁸
3491 5226 3629 5279 Psal.
3668 5237 3870 5289 Lxxvu,

2328 5305 2407 5351 72.
2442 5329 2496 5338 --
2536 5304 2549 5333 ⁷
2579 5301 2713 5352 Psal.
2747 5312 2925 5366 xxxvl,
2954 5303 3034 5362 39,
3062 5304 3141 5352 40.
