4196 6294
1713 408 1968 477 CAPUT
2010 411 2085 479 V.

307 540 630 625 exemplo,
665 546 730 609 et
754 543 944 609 simili
973 553 1057 629 (v.
1085 546 1146 629 Ξ)
1183 563 1200 611 t
1242 547 1480 615 Multas
1516 561 1710 613 curas
1747 562 1844 613 se-

306 654 595 728 quuntur
639 652 890 719 somnia
931 674 949 730 ;
997 655 1061 716 01
1104 653 1247 718 11100
1313 654 1577 719 stultum
1621 657 1716 718 est
1754 655 1846 718 eis

304 755 627 821 attendere
657 760 675 793 ¹
720 776 738 821 :
778 782 810 821 11
848 757 1081 824 Multos
1122 778 1336 826 errare
1366 762 1649 826 fecerunt
1679 779 1846 827 som-

303 861 431 927 nia.
480 885 514 924 a>
564 866 659 932 Et
695 867 770 932 in
812 867 1033 934 multis
1075 870 1463 937 sermonibus
1499 872 1848 945 ,invenitur

304 970 608 1037 stultitia.
640 979 664 1014 ¹
704 995 735 1032 (1
770 973 891 1050 Qui
929 976 1148 1040 multis
1167 978 1375 1043 utitur
1396 979 1640 1060 verbis,
1671 978 1848 1045 laedit

301 1078 585 1143 animam
622 1097 829 1146 suam.
860 1105 891 1142 n
919 1082 998 1147 Et
1022 1084 1045 1120 ⁸
1076 1106 1091 1149 ε
1128 1108 1160 1146 11
1186 1084 1258 1149 111
1285 1086 1688 1171 multiloquio
1713 1107 1844 1154 non

302 1183 477 1250 deest
506 1189 586 1269 (a)
606 1192 956 1270 peccatum.
978 1211 1009 1251 n
1037 1191 1162 1256 Sed
1185 1211 1222 1257 e
1243 1200 1463 1259 contra
1489 1194 1511 1229 ⁸
1545 1217 1606 1260 :a
1626 1195 1847 1262 Sultus

303 1292 501 1357 verba
526 1295 926 1379 multiplicat.
954 1320 986 1359 s

383 1404 445 1464 3.
486 1401 561 1469 Si
586 1404 750 1485 quid
779 1408 1042 1488 vovisti,
1073 1412 1192 1473 etc.
1234 1410 1350 1475 Hic
1390 1412 1668 1476 secundo
1695 1429 1844 1494 pro-

301 1505 478 1572 hibet
498 1508 882 1578 locutionem
910 1514 1162 1596 falsam,
1185 1535 1313 1600 qua
1339 1518 1570 1583 scilicet
1589 1518 1848 1602 promit-

301 1614 460 1679 titur
477 1618 647 1699 quod
673 1637 804 1684 non
818 1622 1139 1705 impletur.
1167 1623 1704 1707 Hortaturigitur
1730 1627 1847 1691 im-

301 1721 473 1804 plere
488 1728 873 1807 promissum
887 1752 903 1808 ;
922 1731 1092 1796 unde
1105 1733 1258 1797 dicit
1281 1756 1296 1798 ε
1321 1734 1404 1801 Si
1428 1735 1591 1818 quid
1607 1737 1847 1803 vovisti

301 1830 449 1912 Deo,
479 1832 545 1897 id
573 1837 699 1916 est,
732 1855 848 1918 per
878 1841 1103 1903 votum
1131 1841 1499 1924 promisisti,
1533 1859 1612 1909 ne
1638 1859 1844 1912 more-

299 1939 396 2003 ris
438 1939 720 2008 reddere.
764 1942 944 2010 Unde
986 1946 1215 2013 dicitur
1239 1949 1262 1985 ⁸
1308 1971 1324 2014 t
1387 1972 1420 2012 11
1461 1948 1699 2016 Vovete
1718 2000 1739 2030 ‚
1779 1954 1845 2017 et

299 2045 541 2112 reddite
576 2049 842 2116 Domino
883 2050 1009 2118 Deo
1052 2059 1266 2122 vestro
1311 2075 1569 2138 omne5‚
1616 2058 1731 2140 qui
1772 2059 1845 2123 in

298 2153 567 2219 circuitu
593 2158 734 2239 eJus
777 2158 1018 2224 affertis
1046 2179 1334 2228 munera.
1366 2186 1397 2224 n
1447 2163 1526 2228 Et
1571 2163 1787 2229 Glossa
1821 2188 1837 2230 ε

305 2284 337 2322 «ι
369 2258 608 2328 vovere
645 2268 740 2328 est
770 2265 1246 2350 voluntarium,
1277 2272 1388 2338 sed
1424 2273 1688 2340 reddere
1724 2294 1837 2342 ne·

296 2373 675 2453 cessarium3
711 2376 864 2458 quia
893 2377 1172 2462 alioquin
1200 2384 1296 2445 est
1320 2382 1516 2447 homo
1544 2383 1743 2448 falsus
1769 2385 1840 2448 in

292 2479 624 2559 promisso.
669 2505 700 2541 1>
759 2480 936 2549 Unde
972 2486 1186 2551 subdit
1237 2510 1252 2552 ε
1302 2489 1613 2572 Displicet
1666 2494 1840 2558 enim

294 2584 420 2650 Deo
450 2587 739 2669 infidelis
779 2594 838 2657 et
865 2591 1067 2659 stulta
1089 2595 1435 2677 promissio
1477 2619 1492 2662 ε
1540 2598 1834 2680 infidelis,

292 2692 363 2755 in
389 2714 520 2778 qua
543 2697 690 2778 {non
728 2702 824 2763 est
862 2699 1136 2779 veritas3
1169 2702 1396 2780 stulta,
1442 2704 1512 2768 in
1553 2724 1682 2788 qua
1706 2724 1835 2770 non

293 2806 390 2866 est
403 2803 759 2885 judicium:
791 2806 947 2888 quia
984 2807 1178 2871 stulta
1214 2811 1551 2892 promissio
1586 2830 1716 2877 non
1742 2818 1837 2878 est

292 2910 594 2976 facienda.
648 2912 822 2978 Unde
849 2914 1129 2980 Isidorus
1157 2917 1179 2952 ⁸
1220 2938 1235 2983 ε
1296 2941 1328 2981 α
1371 2918 1445 2982 111
1473 2919 1656 2983 malis
1681 2939 1836 3004 pro-

291 3018 506 3083 missis
532 3020 816 3086 rescinde
859 3022 1090 3101 fldem3
1136 3023 1207 3086 in
1250 3025 1425 3108 turpi
1461 3031 1611 3091 voto
1654 3032 1835 3094 muta

288 3125 634 3193 decretum.
663 3152 694 3190 n
731 3128 876 3195 Ideo
903 3130 1147 3211 subdit,
1182 3132 1354 3216 quod
1378 3134 1612 3199 veritas
1638 3139 1734 3200 est
1759 3135 1831 3200 in

286 3236 702 3319 promissione
729 3239 1065 3319 servanda,
1093 3257 1242 3304 cum
1270 3227 1423 3305 dicit
1452 3262 1467 3304 ε
1508 3241 1630 3309 Sed
1656 3259 1826 3325 quoe-

286 3360 547 3428 eumque
609 3348 859 3414 voveris
874 3396 892 3427 ,
935 3346 1131 3414 redde
1147 3396 1164 3429 ,
1231 3367 1364 3414 non
1402 3349 1709 3415 variando
1750 3358 1772 3394 '¹
1806 3372 1825 3418 ε

295 3475 326 3513 α
370 3452 627 3518 Animal
645 3502 664 3534 ,
710 3455 880 3536 quod
923 3455 1245 3520 immolari
1296 3459 1534 3538 potest,
1582 3456 1637 3521 si
1686 3458 1830 3542 quis

288 3563 556 3640 voverit,
580 3567 873 3627 sanctum
902 3565 1042 3641 erit,
1073 3568 1136 3628 et
1157 3565 1392 3629 mutari
1420 3583 1550 3630 non
1575 3567 1824 3648 poterit,

288 3683 405 3731 nec
431 3668 499 3731 in
525 3670 775 3750 melius,
804 3672 1017 3737 necin
1045 3674 1272 3755 peius:
1306 3696 1337 3733 n
1375 3672 1657 3756 alioquin
1684 3693 1827 3739 me-

287 3769 413 3837 lius
451 3775 653 3840 fuerat
706 3795 838 3842 non
878 3796 1136 3846 vovere.
1186 3779 1334 3844 Ideo
1373 3780 1522 3845 dicit
1566 3782 1651 3864 (v.
1694 3781 1750 3864 4)
1805 3805 1820 3846 :

285 3879 605 3965 Multoque
637 3884 864 3952 melius
896 3891 1144 3955 estnon
1170 3892 1416 3969 vovere,
1457 3889 1523 3954 id
1551 3894 1668 3970 est,
1698 3891 1824 3954 mi-

281 4005 406 4054 nus
458 3991 701 4056 malum
722 4040 740 4071 ,
792 3994 945 4077 quia
987 3996 1122 4060 sine
1175 3995 1397 4080 culpa,
1444 4014 1637 4079 quam
1679 4007 1828 4083 post

284 4103 500 4164 votam
524 4100 845 4181 promissa
871 4117 1000 4169 non
1022 4102 1303 4172 reddere.
1325 4104 1348 4139 ⁸
1386 4127 1417 4165 11
1438 4103 1662 4171 Melius
1690 4112 1827 4174 erat

286 4202 377 4268 eis
391 4250 413 4282 ,
453 4204 629 4270 viam
658 4207 939 4273 veritatis
982 4227 1113 4274 non
1158 4228 1541 4294 cognoscere
1555 4261 1577 4293 ,
1626 4234 1822 4298 quam

285 4314 426 4392 post
448 4312 844 4394 agnitionem
871 4318 1222 4382 retrorsum
1247 4321 1557 4386 converti.
1587 4343 1618 4381 n
1649 4321 1768 4387 Et·
1802 4344 1818 4386 ε

293 4439 324 4477 a
371 4416 572 4484 Nemo
627 4420 884 4487 mittens
933 4443 1198 4491 manum
1247 4427 1330 4492 ad
1382 4433 1699 4511 aratlmn,
1757 4437 1822 4497 01

284 4526 627 4609 respiciens
649 4533 838 4612 retro,
869 4535 1054 4616 aptus
1080 4538 1173 4598 est
1199 4552 1405 4616 regno
1433 4531 1568 4602 Dei.
1597 4559 1629 4597 n

365 4638 427 4700 ὃ.
453 4635 546 4708 Ne
569 4635 829 4705 dederis
857 4654 925 4706 os
959 4644 1159 4724 tuum,
1188 4645 1306 4707 etc.
1333 4642 1448 4708 Hic
1466 4645 1653 4710 tertio
1671 4664 1818 4730 pro·

281 4741 461 4807 hibet
501 4744 882 4812 locutionem
929 4766 1263 4814 erroneam
1283 4798 1300 4832 ‚
1345 4754 1410 4815 et
1450 4751 1821 4819 dehortatur

280 4850 624 4918 locutionis
658 4870 941 4920 errorem
955 4904 974 4936 ,
1014 4860 1077 4921 et
1118 4857 1342 4923 deinde
1381 4858 1593 4924 subdit
1618 4862 1819 4926 ratio-

281 4947 430 5023 n’em
451 5008 471 5041 ‚
519 4964 585 5024 et
641 4967 784 5044 post
827 4963 1188 5030 manifestat
1237 4965 1472 5031 erroris
1514 4967 1813 5034 radicem.

282 5063 644 5134 Locutionis
710 5088 992 5137 errorem
1051 5073 1423 5139 dehortatur
1439 5122 1462 5155 ,
1519 5075 1734 5142 dicens
1796 5099 1812 5143 ε

349 5194 362 5222 “
392 5193 574 5260 Εσοῐί.,
600 5207 785 5261 xxxxv,
814 5198 862 5248 7.
888 5222 952 5236 -
982 5199 1006 5234 ¹
1031 5198 1213 5261 800112,
1237 5209 1329 5264 xx,
1358 5202 1407 5250 8.
1433 5225 1496 5239 --
1522 5200 1542 5232 ⁸
1566 5200 1733 5261 Pron„
1761 5213 1816 5267 x,

281 5264 361 5315 19.
390 5287 447 5300 -
481 5263 504 5299 ⁵
532 5266 686 5330 intra.
715 5282 769 5333 x,
802 5271 881 5321 ss.
929 5295 991 5310 —
1025 5271 1048 5308 ⁸
1072 5270 1211 5323 Psol.
1242 5282 1396 5337 mxv,
1428 5275 1505 5323 12.
1537 5297 1600 5311 -
1631 5274 1650 5305 ⁸
1674 5272 1815 5338 laid„

282 5333 357 5384 De
381 5335 659 5404 Contempt.
693 5340 889 5406 mund„
925 5356 973 5393 c.
1007 5341 1070 5393 de
1095 5341 1293 5394 laram.
1315 5346 1369 5394 et
1399 5346 1558 5394 vot.—
1594 5345 1610 5377 ²
1637 5344 1816 5407 Leuni„

279 5417 448 5472 xxvix,
471 5410 519 5459 9.
551 5413 628 5462 10.
653 5437 718 5452 -
746 5412 764 5443 ⁸
791 5413 833 5464 11
864 5412 1026 5480 Petra,
1051 5426 1111 5480 n,
1138 5418 1219 5468 2¹.
1246 5441 1310 5455 —
1335 5415 1358 5452 ⁸
1384 5414 1522 5478 Luc„
1550 5427 1626 5479 ιι,
1652 5417 1732 5468 62.
1754 5439 1820 5455 -

3376 435 3493 499 023

1951 546 2045 613 Ne
2072 547 2325 617 dederis
2354 566 2426 619 os
2453 557 2666 635 tuum,
2707 562 2782 625 ut
2805 572 3067 641 peccare
3102 561 3312 642 facias
3356 581 3497 633 car-

1950 669 2096 720 nem
2142 661 2319 724 tuam
2340 708 2356 738 ,
2396 659 2462 725 id
2500 665 2595 726 est
2615 710 2633 739 ,
2664 681 2797 729 non
2837 665 3122 749 loquaris
3161 687 3493 740 erroneam

1948 760 2357 848 locutionem,
2389 785 2472 832 ex
2496 787 2627 851 qua
2657 772 3073 856 praecipiteris
3101 775 3169 840 in
3197 781 3485 861 peccatis.

1951 868 2030 934 Et
2079 873 2377 956 exprimit
2426 876 2505 941 de
2559 896 2686 960 qua
2738 879 3059 947 locutione
3126 885 3429 970 intelligit
3470 912 3487 955 ι

1950 975 2164 1060 Neque
2190 980 2374 1048 dicas
2399 999 2614 1051 eoram
2659 988 2882 1070 anqelo
2912 1009 2936 1053 .·
2971 990 3115 1058 Non
3155 1001 3245 1062 est
3279 998 3495 1077 provi-

1951 1084 2213 1167 dentia,
2243 1089 2312 1153 id
2334 1095 2460 1171 est,
2492 1111 2622 1157 non
2657 1093 2829 1158 dicas
2873 1113 3083 1180 neque
3124 1098 3192 1164 in
3228 1108 3490 1187 secreto,

1951 1210 2159 1279 neque
2198 1196 2269 1260 in
2313 1198 2592 1281 occult03
2630 1201 2784 1284 quia
2825 1203 2896 1266 in
2938 1204 3183 1272 occulto
3219 1210 3494 1279 audiunt

1950 1304 2168 1384 angeli
2185 1353 2202 1384 ‚
2262 1305 2373 1389 qui
2428 1312 2581 1372 sunt
2635 1309 2716 1374 ad
2768 1312 3118 1377 custodiam
3175 1315 3488 1401 deputati3

1950 1410 2124 1475 unde
2164 1410 2396 1477 dicitur
2438 1414 2482 1455 ¹⁰
2524 1436 2540 1478 ε
2590 1414 2724 1480 11111
2759 1418 3146 1499 cogitatione
3192 1426 3307 1488 tua
3352 1428 3491 1510 regi

1951 1534 2033 1579 ne
2098 1516 2428 1599 detrahas,
2486 1525 2548 1585 et
2591 1521 2661 1585 in
2714 1527 2955 1590 secreto
2999 1527 3191 1592 cubili
3244 1516 3357 1597 tuo
3412 1554 3493 1600 ne

1950 1623 2355 1690 maledixeris
2402 1627 2583 1694 diviti
2601 1677 2623 1709 ,
2671 1631 2825 1713 quia
2883 1652 3035 1698 aves
3079 1637 3222 1701 coeli
3277 1645 3489 1723 porta-

1950 1733 2112 1799 bunt
2148 1753 2372 1801 vocem
2415 1740 2634 1803 tuam.·
2659 1760 2691 1799 n
2742 1739 2819 1804 Et
2846 1742 3140 1811 subditur
3177 1749 3341 1814 ratio
3377 1769 3490 1816 ex-

1947 1839 2367 1908 hortationis:
2398 1844 2495 1913 Ne
2522 1846 2684 1926 torte
2712 1848 2929 1916 iratus
2957 1850 3274 1921 Dominus
3299 1856 3495 1926 dissi-

1944 1954 2056 2030 pet
2083 1963 2276 2032 opera
2305 1957 2453 2029 tua,
2485 1950 2558 2017 id
2589 1956 2714 2033 est,
2743 1955 2965 2021 reddat
2989 1956 3259 2043 inutilia,
3290 1964 3495 2032 iratus

1949 2074 2081 2120 11011
2095 2075 2211 2139 per
2238 2058 2438 2122 animi
2460 2061 2972 2146 commotionem,
3007 2067 3116 2133 sed
3141 2088 3259 2153 per
3283 2073 3490 2157 culpae

1947 2161 2228 2244 rigidam
2253 2166 2670 2248 punitionem.
2713 2168 2821 2235 Sic
2847 2174 2892 2212 ¹¹
2921 2173 3120 2239 iratus
3162 2182 3256 2243 est
3297 2198 3494 2265 super

1947 2287 2309 2350 sermonem
2338 2273 2666 2358 Rapsacis,
2699 2282 2763 2343 et
2793 2281 3010 2346 omnia
3037 2301 3230 2366 opera
3255 2305 3491 2370 regum

1945 2376 2356 2461 Assyriorum
2365 2401 2480 2465 per
2494 2385 2803 2464 angelum
2824 2392 3010 2455 nocte
3032 2389 3295 2457 destruit
3312 2394 3389 2477 (b)
3406 2398 3451 2438 ¹¹
3467 2426 3484 2461 ε

1955 2507 1987 2547 α
2025 2485 2093 2550 Si
2136 2489 2457 2570 quomodo
2497 2491 2712 2557 audiat
2754 2492 3063 2562 Dominus
3099 2506 3250 2563 tuus
3292 2502 3491 2569 verba

1945 2591 2277 2676 Rapsacis,
2323 2614 2517 2678 quem
2568 2598 2741 2663 misit
2797 2618 2913 2666 rex
2959 2603 3368 2688 Assyriorum
3406 2608 3487 2672 ad

1944 2699 2518 2784 blasphemandum
2545 2703 2747 2772 Deum
2769 2707 3113 2776 viventem.
3142 2734 3175 2773 1>
3212 2713 3255 2750 ¹⁸
3290 2737 3322 2775 «ι
3346 2714 3489 2780 Dis—

1944 2808 2110 2891 sipat
2135 2810 2367 2893 impios
2383 2830 2503 2877 rex
2521 2814 2793 2897 sapiens.
2822 2837 2853 2877 1>
2872 2816 2950 2884 Et
2975 2819 3271 2885 subditur
3288 2824 3487 2906 hujus

1940 2915 2277 2982 locutionis
2316 2920 2503 3002 origo
2523 2968 2540 2998 ,
2588 2922 2744 3004 quia
2791 2943 2923 2990 non
2968 2928 3175 2992 oritur
3222 2947 3262 2993 a
3312 2937 3486 2996 recta

1939 3024 2210 3108 ratione,
2238 3027 2347 3092 sed
2373 3047 2413 3092 a
2432 3029 2835 3096 somniorum
2860 3032 3155 3100 illusione
3176 3058 3193 3116 ;
3224 3043 3484 3122 propter

1940 3132 2114 3216 quod
2139 3133 2289 3199 dicit
2316 3137 2402 3215 (v.
2448 3137 2506 3219 6)
2540 3159 2555 3201 z
2607 3137 2723 3206 Ubi
2765 3141 2975 3210 multa
3004 3150 3160 3213 sunt
3185 3150 3478 3230 somnia,

1937 3240 2237 3322 plurima·
2275 3248 2431 3312 sunt
2471 3249 2791 3315 vanitates
2817 3297 2835 3329 ,
2883 3249 3036 3333 quia
3083 3254 3480 3321 somniorum

1938 3350 2190 3414 vanitas
2217 3351 2264 3391 ¹⁸
2307 3372 2323 3415 τ
2363 3375 2394 3413 α
2425 3352 2714 3419 Somniat
2743 3356 3058 3439 esuriens,
3090 3364 3154 3425 et
3183 3363 3476 3445 comedit,

1893 3501 1898 3507 ·
1937 3460 2001 3521 01
2054 3461 2273 3539 postea
2313 3477 2462 3524 cum
2502 3465 2984 3545 expergefactus
3027 3468 3237 3549 fuerit,
3274 3489 3481 3537 vacua

1936 3569 2032 3628 est
2058 3565 2275 3629 anima
2295 3567 2457 3648 ejus.
2487 3588 2518 3627 υ
2555 3568 2639 3637 Et
2663 3586 2977 3640 sermones
3000 3576 3330 3645 innumeri
3356 3596 3379 3644 .·
3407 3579 3476 3643 111

1937 3676 2298 3755 sequuntur
2323 3674 2404 3738 ad
2429 3677 2710 3758 somnia,
2752 3680 2905 3762 quia
2940 3681 3100 3746 nihil
3123 3688 3367 3750 celtum
3394 3705 3479 3753 ex

1935 3779 2026 3843 eis
2049 3783 2256 3861 potest
2284 3780 2434 3845 sciri
2460 3782 2506 3820 ¹⁸
2540 3804 2556 3848 ε
2587 3807 2618 3844 a
2646 3783 2961 3852 Divinatio
2987 3789 3244 3869 erroris,
3272 3795 3336 3856 et
3357 3811 3476 3857 au-

1937 3887 2129 3967 guria
2157 3888 2512 3971 mendacia,
2556 3894 2620 3955 et
2653 3894 2905 3958 somnia
2946 3896 3476 3964 malefacientium

1932 3994 2184 4059 vanitas
2230 3998 2324 4060 est
2371 4016 2387 4060 :
2433 4017 2465 4056 a>
2515 4000 2578 4060 et
2622 3997 2764 4063 ideo
2813 3999 2891 4064 de
2936 4001 3167 4067 talibus
3207 4023 3340 4070 11011
3379 4010 3476 4071 est

1932 4101 2313 4182 curandum,
2371 4104 2480 4167 sed
2536 4103 2614 4169 de
2666 4102 2828 4186 Deo;
2866 4108 3037 4173 unde
3071 4110 3332 4177 subdit:
3378 4113 3475 4180 Tu

1931 4224 2078 4277 vero
2124 4210 2273 4278 time
2314 4212 2513 4277 Deum
2528 4258 2551 4291 ,
2598 4212 2750 4295 quia
2787 4213 2921 4297 ipse
2973 4215 3145 4281 solus
3185 4221 3315 4299 est,
3359 4221 3474 4304 qui

1932 4320 2138 4401 potest
2173 4335 2290 4382 nos
2314 4318 2579 4401 perdere
2616 4322 2679 4383 et
2722 4319 2970 4387 salvare
2989 4371 3007 4400 ‚
3038 4342 3171 4390 non
3199 4328 3469 4408 somnia,

1931 4442 2063 4489 non
2113 4426 2408 4506 auguria.
2471 4426 2517 4462 ¹⁸
2575 4448 2606 4487 11
2638 4424 2977 4493 Ostendam
3037 4432 3219 4497 vobis
3275 4452 3470 4518 quem

1929 4534 2254 4617 timebitiS,
2286 4535 2400 4619 qui
2428 4536 2634 4618 potest
2658 4535 2939 4622 animam
2968 4543 3033 4603 01
3058 4557 3289 4624 corpus
3317 4544 3469 4608 mit-

1931 4646 2063 4708 tere
2087 4642 2157 4707 in
2185 4642 2575 4725 gehennam.
2606 4664 2637 4704 n

2010 4754 2072 4815 7.
2116 4749 2203 4817 Si
2229 4748 2477 4817 videris
2505 4750 2896 4833 calumnias,
2935 4755 3051 4818 etc.
3113 4753 3232 4820 Hic
3279 4759 3468 4825 tertio

1927 4856 2196 4922 retrahit
2221 4876 2261 4922 a
2279 4857 2663 4940 cogitatione
2688 4876 2972 4940 erronea,
3002 4859 3234 4928 scilicet
3257 4868 3352 4946 ut,
3382 4883 3467 4933 ex

1928 4965 2068 5029 visa
2082 4964 2421 5030 hominum
2434 4965 2696 5046 malitia,
2717 4983 2848 5031 non
2865 4966 3076 5033 credat
3086 4968 3302 5035 deesse
3316 4989 3467 5055 pro⁴

1926 5071 2273 5136 videntium
2288 5094 2305 5152 ;
2328 5073 2499 5137 unde
2516 5073 2668 5137 dicit
2687 5092 2707 5139 :
2738 5072 2821 5141 Si
2836 5073 3085 5144 videris
3105 5077 3469 5151 calumnias

1931 5197 1971 5233 ¹⁰
1999 5195 2151 5262 lun-a,
2179 5211 2234 5259 x,
2262 5200 2342 5248 10.
2360 5223 2424 5237 —
2455 5200 2494 5234 ‘¹
2523 5200 2642 5264 lea„
2668 5211 2870 5267 xxxvn,
2899 5204 2978 5253 36.
3003 5226 3064 5242 -·-
3091 5204 3129 5235 ¹²
3151 5204 3299 5273 ibid„
3325 5208 3374 5262 4.
3402 5231 3462 5250 -

1931 5268 1967 5300 ¹⁸
1994 5268 2163 5329 Prov„
2207 5280 2308 5334 xx,
2353 5271 2432 5319 26.
2469 5295 2532 5310 -
2572 5270 2615 5306 ¹⁸
2651 5271 2774 5336 1⁸0„
2815 5283 2972 5338 ¹¹11,
3011 5277 3059 5327 8.
3103 5301 3159 5312 —
3211 5278 3251 5315 ¹⁸
3281 5280 3461 5346 Eccli„

1926 5342 2244 5464 ἔξὲξὲῖ-
2260 5340 2303 5375 ¹⁸
2329 5339 2465 5404 Lac„
2485 5352 2580 5407 111,
2597 5344 2708 5394 6.-
2734 5343 2803 5408 (a)
2832 5343 2981 5411 ναις.
2996 5346 3243 5400 1100111.-
3259 5349 3335 5416 (ὁ)
3346 5351 3462 5419 [ις.
