4196 6294
1613 342 1973 410 PSALMUS
2016 341 2274 407 CXVIII.

347 478 599 538 bonitati
640 478 1099 554 respondentem
1130 499 1146 538 ι
1192 482 1337 555 puta
1374 493 1613 538 servum
1657 478 1885 553 impro-

347 577 616 645 vectum,
664 575 1045 646 provectum,
1084 573 1356 631 electum.
1400 572 1654 631 Servitus
1694 571 1889 646 prima

320 666 541 739 'bona3
572 667 835 725 secunda
861 668 1092 740 melion
1123 668 1292 727 tertia
1311 668 1556 742 optima.
1586 670 1665 724 De
1692 665 1887 739 primo

348 759 729 833 intelligitur,
782 762 950 835 quod
996 762 1211 836 legitur
1248 762 1315 819 ¹:
1363 782 1393 817 α
1437 760 1636 820 Omnis
1686 775 1890 818 servus

302 858 308 865 ’
351 852 648 929 emptitius
688 854 1168 929 circumcidetur3
1198 878 1226 911 »
1262 872 1330 913 ac
1366 854 1417 913 si
1461 855 1749 913 diceretur
1789 871 1890 911 ex-

349 946 606 1020 pressius
637 965 651 1004 :
686 948 889 1007 Omnis
916 950 1070 1008 servi
1111 949 1480 1024 improvecti,
1508 966 1545 1007 a
1572 964 1727 1006 vana
1754 964 1893 1007 con-

349 1040 679 1100 versatione
700 1041 1014 1117 redempti,
1045 1044 1414 1118 superfluitas
1433 1042 1785 1101 succidetur.
1814 1044 1891 1099 De

254 1140 264 1151 ·
349 1135 614 1194 secundo
653 1140 1051 1211 competenter
1087 1136 1424 1212 exponitur,
1462 1136 1629 1211 quod
1669 1151 1892 1211 propo-

349 1228 508 1287 nitur
524 1232 576 1285 ἐ
607 1249 637 1285 e
663 1231 875 1304 Sospes
895 1247 1098 1289 servus
1125 1235 1263 1289 tuus
1285 1234 1455 1306 pater
1477 1235 1677 1289 noster
1695 1228 1893 1287 adhuc

350 1322 514 1380 vivit.
536 1343 564 1378 »
589 1325 665 1381 De
692 1325 862 1384 tertio
886 1325 1298 1399 accipiendum
1329 1323 1710 1397 dignoscitur,
1727 1322 1895 1397 quod

353 1416 566 1475 dicitur
585 1419 646 1475 ³:
682 1436 711 1471 α
740 1421 953 1478 Servus
979 1434 1147 1478 meus
1173 1434 1234 1476 es
1267 1424 1361 1491 tu;
1392 1417 1545 1491 elegi
1572 1421 1658 1488 te,
1688 1419 1746 1474 et
1771 1431 1895 1474 non

354 1509 546 1584 abjeci
570 1514 646 1569 te.
676 1531 706 1565 »

860 1658 1148 1714 Artieutus
1184 1656 1399 1713 tertius.

423 1795 675 1854 Tertium
715 1799 1055 1869 annotatur,
1105 1813 1243 1854 cum
1288 1796 1527 1855 additur
1558 1815 1572 1853 ε
1630 1799 1853 1855 Domine
1877 1818 1894 1853 ε

355 1891 613 1947 Dominus
640 1889 821 1959 enim,
844 1887 981 1947 licet
1006 1891 1079 1948 sit
1102 1906 1327 1948 nomen
1355 1889 1681 1961 essentiale,
1708 1889 1897 1947 tribus

353 1982 619 2059 personis
653 1998 997 2053 commune,
1048 1986 1241 2057 potest
1279 1988 1474 2042 tamen
1514 1983 1899 2057 personaliter

358 2076 568 2151 accipi,
596 2078 654 2133 et
678 2093 948 2151 personae
972 2077 1151 2135 Patris
1179 2077 1574 2152 appropriari.
1608 2077 1769 2135 Unde
1793 2092 1897 2135 no-

358 2169 640 2241 tandum,
689 2169 857 2245 quod
891 2186 1113 2228 nomen
1156 2174 1378 2228 Domini
1418 2169 1633 2244 legitur
1679 2186 1897 2245 appro-

357 2266 615 2341 priatum
641 2265 791 2325 Patri
804 2267 932 2325 ssub
972 2266 1187 2341 triplici
1224 2266 1467 2325 notione
1494 2266 1714 2340 patris:
1747 2282 1895 2340 qua-

354 2376 489 2418 rum
515 2359 711 2433 prima
734 2361 1010 2433 negativa
1035 2360 1279 2434 propria
1292 2381 1310 2432 ;
1349 2360 1613 2418 secunda
1637 2360 1897 2417 affirma-

355 2454 476 2511 tiva
507 2454 752 2529 propria
765 2472 784 2524 3
824 2454 992 2511 tertia
1029 2453 1384 2511 affirmativa
1412 2455 1776 2512 communis:
1809 2453 1898 2512 vi-

355 2546 571 2605 delicet
608 2545 1102 2614 innascibilitatiS,
1142 2547 1533 2620 paternitatiS,
1566 2547 1898 2606 communis

352 2641 706 2717 spirationis
742 2640 1000 2699 Primum
1033 2643 1193 2715 patet
1216 2641 1276 2697 ⁸:
1314 2661 1343 2694 ι(
1372 2641 1755 2715 Respondens
1788 2644 1899 2701 Do-

355 2735 552 2793 minus
578 2735 690 2793 «iob
720 2735 795 2792 de
816 2734 1070 2804 turbine,
1092 2734 1204 2792 ait:
1231 2735 1370 2805 Quis
1388 2738 1521 2793 ante
1542 2734 1705 2794 dedit
1728 2734 1896 2806 mihi,

355 2832 421 2887 ut
459 2829 711 2887 reddam
751 2829 841 2886 ei?
870 2849 898 2883 n
931 2829 1102 2904 quasi
1141 2828 1337 2886 dieat:
1386 2828 1610 2886 Nullus.
1641 2827 1780 2900 Quis
1816 2833 1902 2887 est

356 2923 462 2981 iste
496 2922 811 2994 Dominus,
840 2924 943 2997 qui
986 2923 1221 2981 nullum
1245 2921 1427 2980 habet
1452 2927 1616 2996 ante,
1644 2922 1759 2980 nisi
1786 2924 1899 2980 Do-

356 3016 554 3075 minus
599 3019 767 3075 Pater
811 3017 1001 3085 solus,
1053 3033 1175 3092 quo
1225 3015 1425 3075 nullus
1478 3017 1736 3075 anterior
1791 3032 1901 3075 nec

357 3115 642 3187 tempore,
663 3127 773 3170 nec
801 3110 1105 3184 dignitate,
1118 3127 1230 3169 nec
1259 3111 1526 3185 origine?
1551 3115 1696 3171 Nam
1723 3110 1901 3170 Filius

358 3211 415 3264 et
439 3206 684 3280 Spiritus
702 3210 958 3276 sanctae,
979 3205 1082 3263 etsi
1110 3221 1234 3264 non
1260 3206 1520 3264 habeant
1545 3206 1900 3266 anteriorem

357 3303 652 3376 tempore,
675 3300 774 3360 vel
808 3299 1128 3373 dignitate,
1167 3300 1391 3358 habent
1417 3304 1616 3358 tamen
1643 3300 1902 3359 anterio-

356 3409 485 3455 rem
532 3395 780 3469 origine.
826 3398 938 3453 Aut
992 3393 1127 3469 quis
1170 3394 1487 3467 Dominus,
1538 3393 1634 3451 cui
1698 3393 1900 3452 nullus

358 3488 557 3562 dedit,
594 3489 707 3546 nisi
747 3488 1031 3548 Dominus
1072 3491 1239 3545 Pater
1278 3486 1441 3545 solus
1453 3531 1472 3561 ,
1519 3487 1623 3562 qui
1661 3503 1698 3546 a
1731 3487 1900 3545 nullo

357 3582 610 3656 accepit,
654 3581 941 3656 quoniam
976 3596 1011 3638 a
1048 3579 1214 3638 nullo
1251 3578 1559 3653 procedit?
1593 3582 1739 3637 Nam
1772 3579 1901 3638 aliae

358 3692 626 3750 personoe
664 3675 804 3734 inde
844 3674 1160 3749 accipiunt,
1200 3673 1362 3730 unde
1402 3673 1754 3748 procedunt.
1800 3675 1901 3732 Se-

360 3770 624 3828 cundum
650 3769 839 3844 liquet
859 3770 910 3827 ⁸:
946 3789 975 3823 ι
1005 3767 1303 3842 Numquid
1331 3783 1474 3841 ego,
1510 3767 1616 3842 qui
1654 3784 1901 3842 genera·-

360 3866 583 3925 tionem
631 3864 852 3923 cunctis
896 3863 1127 3933 tribuo,
1169 3863 1379 3920 sterilis
1412 3879 1513 3921 ero
1528 3906 1548 3936 ,
1591 3863 1673 3922 ait
1698 3864 1899 3922 Domi-

360 3964 519 4019 nus?
554 3981 583 4016 ιι
626 3960 764 4031 Quis
806 3959 912 4017 iste
961 3958 1241 4016 Dominus
1276 3958 1716 4031 generationem
1752 3960 1903 4018 dans

360 4055 783 4130 temporaliter,
825 4057 884 4112 et
927 4067 1217 4127 generans
1256 4051 1751 4126 intemporaliter,
1789 4052 1904 4111 nisi

360 4149 523 4210 solus
551 4149 833 4208 Dominus
859 4150 1063 4208 Pater?
1088 4146 1344 4207 Tertium
1365 4144 1583 4205 lucet⁰z
1609 4165 1637 4199 α
1659 4146 1904 4220 Spiritus

361 4244 595 4304 Domini
635 4242 886 4318 replevit
919 4242 1129 4300 orbem
1169 4233 1476 4298 terraru'm.
1515 4257 1545 4294 n
1572 4240 1753 4312 Cujus
1789 4243 1902 4300 Do·
1934 4261 1937 4264 ·

363 4338 533 4409 mini,
550 4338 664 4396 nisi
682 4337 863 4396 Patris
889 4342 947 4397 et
970 4335 1118 4408 Filii,
1138 4334 1246 4410 qui
1266 4339 1402 4393 sunt
1425 4349 1579 4393 unus
1601 4335 1902 4408 Dominus,

360 4433 426 4492 in
451 4437 740 4510 quantum
767 4431 914 4493 dant
936 4446 1124 4490 unum
1150 4445 1367 4488 munus
1382 4432 1411 4486 ?

846 4594 1127 4652 Articulus
1164 4596 1418 4665 quartus.
1491 4550 1501 4560 ’

434 4727 719 4795 Quartum
764 4721 1101 4793 denotatur,
1138 4735 1274 4779 cum
1311 4717 1524 4777 dicitur
1553 4734 1568 4775 ε
1606 4717 1907 4776 Secundum

362 4821 581 4878 verbum
602 4823 778 4888 tuum,
788 4814 955 4891 quod
982 4814 1200 4887 dixisti,
1226 4829 1363 4872 cum
1382 4811 1596 4871 Filium
1625 4811 1903 4885 genuisti3

365 4913 697 4972 secundum
731 4925 914 4986 quem
951 4911 1162 4967 cuncta
1196 4907 1341 4989 facis
1354 4949 1375 4980 ‚
1427 4906 1530 4982 qui
1579 4905 1908 4966 secundum

366 5011 557 5066 artem
582 5008 793 5063 cuncta
816 5002 979 5062 facis.
1026 5006 1154 5078 ipse
1184 5001 1379 5073 enim,
1418 5000 1748 5058 secundum
1790 5002 1909 5058 Au-

367 5100 670 5177 gustinum
708 5100 762 5174 ⁷,
800 5101 888 5157 est
922 5113 1018 5157 ars
1064 5093 1486 5170 omnipotentis
1534 5097 1592 5152 et
1633 5093 1912 5169 sapientis

435 5233 449 5260 ¹
475 5228 659 5291 Επεὶ,
685 5241 785 5294 111,
817 5231 895 5281 44.
922 5254 986 5265 -
1016 5226 1034 5257 ²
1058 5225 1205 5289 Gen„
1233 5235 1388 5284 xmn,
1414 5225 1492 5274 48.
1517 5248 1581 5261 -
1606 5222 1629 5258 ⁸
1654 5223 1911 5287 Isa.,·xr.1,

369 5304 501 5352 9.-
532 5302 549 5333 ⁴
573 5300 692 5364 lob,
720 5312 832 5365 xm,
857 5302 907 5352 2.
932 5324 996 5337 -
1023 5297 1045 5334 ⁸
1071 5300 1193 5353 lea„
1232 5307 1384 5359 uvi,
1413 5298 1461 5346 9.
1485 5321 1547 5333 -
1577 5294 1600 5330 ⁸
1625 5295 1768 5358 Sap„
1796 5306 1834 5360 1,
1862 5297 1910 5345 7.

3414 359 3530 421 403

2001 478 2103 535 Dei
2122 519 2143 550 ,
2172 476 2353 551 plena
2379 478 2649 538 omnium
2675 482 2970 542 rationum
2995 484 3320 553 viventium
3336 528 3357 559 ‚
3386 487 3534 546 sicut

2000 570 2276 629 scribitur
2305 571 2385 629 ab
2414 587 2508 631 eo.
2536 574 2637 630 Hic
2664 580 2853 647 potest
2876 578 3069 637 notari
3109 579 3234 639 sine
3260 582 3533 656 praejudi-

2001 667 2095 723 cio
2115 665 2284 723 verbi
2301 665 2506 737 divini,
2523 671 2578 725 et
2590 667 2856 741 humani,
2873 673 3022 731 trina
3036 677 3365 749 proportio,
3381 676 3537 736 Sicut

2002 758 2162 816 enim
2188 759 2441 817 verbum
2482 760 2811 820 humanum
2835 764 3171 826 humanitus
3203 769 3533 844 prolatum,

2004 858 2090 910 est
2110 869 2230 912 vox
2256 852 2642 926 significativa
2659 899 2680 924 ,
2708 855 2789 913 ita
2815 858 3066 918 verbum
3093 861 3372 923 divinitus
3397 881 3538 939 pro-

2003 946 2190 1004 latum
2218 950 2305 1004 est
2339 948 2539 1021 proles
2581 948 2716 1006 viva
2761 950 3075 1027 spirativa3
3117 972 3374 1030 quorum
3421 959 3542 1016 sin-

2006 1040 2147 1113 gula
2185 1045 2321 1099 sunt
2362 1040 2612 1114 singulis
2653 1044 3139 1117 proportionalia.
3178 1052 3370 1110 Prima
3403 1069 3543 1127 pro·

2004 1133 2200 1208 portio
2229 1138 2390 1209 patet
2415 1150 2489 1192 ex
2517 1151 2622 1208 ec,
2653 1135 2822 1209 quod
2858 1138 3006 1196 sicut
3042 1142 3294 1202 verbum
3332 1145 3544 1206 huma·

2004 1244 2186 1300 num,
2214 1229 2278 1287 in
2320 1232 2612 1303 quantum
2648 1246 2768 1288 vox
2785 1273 2805 1303 ‚
2854 1236 2941 1290 est
2980 1232 3043 1292 in
3067 1233 3315 1296 dicente
3333 1281 3352 1311 ,
3396 1241 3545 1299 sicut

2005 1322 2334 1395 procedens
2360 1323 2423 1380 in
2457 1339 2579 1381 non
2604 1325 2992 1400 procedente,
3024 1332 3081 1387 et
3119 1329 3203 1389 sio
3239 1331 3541 1409 distincte;

2006 1414 2087 1472 ita
2108 1416 2364 1473 Verbum
2388 1414 2657 1475 divinum
2668 1459 2689 1490 ,
2716 1418 2780 1476 in
2803 1424 3092 1494 quantum
3114 1424 3312 1496 proles
3326 1469 3345 1499 ,
3374 1432 3460 1485 est
3483 1428 3546 1487 in

2007 1511 2204 1582 Patre,
2234 1510 2383 1570 sicut
2416 1512 2750 1585 procedens
2793 1514 2858 1572 in
2893 1531 3019 1574 non
3053 1519 3410 1590 procedente
3428 1566 3449 1597 ‚
3492 1528 3548 1581 et

2007 1602 2092 1661 sic
2113 1603 2394 1677 ,distincte
2423 1610 2713 1680 quantum
2761 1609 2843 1666 ad
2873 1608 3304 1672 distinctionem
3346 1632 3548 1689 perso-

2006 1695 2234 1755 nalem:
2253 1698 2418 1772 quod
2445 1703 2682 1759 notatur
2706 1702 2770 1758 in
2788 1701 2893 1760 illo
2913 1704 3100 1763 verbo
3119 1708 3463 1781 evangelico
3485 1711 3542 1768 ⁸:

2012 1808 2041 1844 α
2069 1792 2329 1850 Verbum
2356 1797 2480 1852 erat
2517 1795 2679 1869 apud
2717 1797 2902 1854 Deum
2921 1840 2940 1870 ,
2963 1818 2995 1853 n
3030 1803 3316 1875 tanquam
3346 1819 3549 1879 perso·

2007 1884 2219 1944 naliter
2251 1886 2589 1946 distinctum
2620 1909 2634 1947 :
2667 1889 2728 1947 in
2771 1908 2894 1966 quo
2921 1892 3202 1955 refellitur
3240 1914 3403 1958 error
3444 1903 3545 1960 Sa-

2007 1977 2427 2052 bellianorum,
2454 1986 2834 2057 personalem
2863 1986 3298 2072 distinctionem
3326 2011 3549 2069 negan-

2008 2071 2175 2130 tium.
2205 2075 2477 2134 Secunda
2488 2080 2797 2152 proportio
2812 2084 2976 2155 patet
2997 2099 3070 2141 ex
3095 2100 3189 2157 eo,
3211 2089 3376 2161 quod
3399 2090 3548 2149 sicut

2005 2167 2259 2225 verbum
2287 2169 2615 2229 humanum
2634 2215 2654 2244 ,
2684 2172 2747 2230 in
2775 2179 3064 2249 quantum
3093 2180 3296 2239 vivum
3315 2224 3336 2253 ,
3364 2188 3451 2242 est
3485 2185 3547 2242 in

2008 2257 2260 2332 dicente,
2275 2262 2424 2321 sicut
2439 2264 2644 2324 vivens
2657 2267 2720 2325 in
2742 2257 2996 2342 vivente,
3013 2275 3070 2330 et
3086 2273 3513 2337 sicindistinete
3527 2298 3547 2353 ;

2007 2352 2090 2413 ita
2116 2356 2377 2415 verbum
2413 2359 2715 2435 divinum,
2761 2364 2824 2422 in
2862 2371 3150 2440 quantum
3178 2371 3386 2430 vivum
3405 2416 3424 2446 ,
3466 2379 3551 2433 est

2007 2447 2070 2505 in
2098 2451 2264 2508 Patre
2283 2494 2302 2524 ,
2334 2451 2484 2511 sicut
2508 2454 2713 2513 vivens
2741 2458 2801 2515 in
2827 2459 3061 2521 vivente
3080 2507 3099 2536 ,
3150 2466 3208 2521 et
3253 2466 3336 2523 sic
3370 2466 3550 2526 indis·

2008 2541 2182 2601 tincto
2205 2550 2495 2618 quantum
2517 2548 2597 2607 ad
2614 2550 3114 2614 indistinctionem
3141 2561 3549 2621 essentialem:

2008 2636 2177 2709 quod
2203 2642 2440 2698 notatur
2464 2641 2690 2703 ibidem
2734 2645 2795 2703 in
2832 2647 2938 2707 illo
2968 2652 3153 2711 verbo
3192 2672 3206 2711 ε
3252 2656 3396 2713 Deus
3434 2663 3551 2716 erat

2015 2731 2275 2804 Verbum,
2305 2737 2591 2810 tanquam
2613 2741 2992 2801 essentialiter
3015 2743 3418 2807 indistinctum
3448 2770 3463 2808 ε
3488 2751 3551 2810 in

2010 2839 2134 2897 quo
2160 2826 2444 2886 refellitur
2472 2845 2636 2889 error
2661 2833 3036 2911 Arianorum,
3065 2843 3436 2901 essentialem
3463 2845 3551 2903 in-

2010 2916 2853 2993 distinctionemtdiffltentium.
2876 2932 3061 2991 Tertia
3072 2936 3376 3011 proportio
3391 2944 3554 3013 patet

2011 3025 2085 3068 ex
2113 3028 2215 3086 eo,
2245 3015 2413 3088 quod
2440 3016 2589 3077 sicut
2612 3021 2865 3081 verbum
2890 3024 3248 3103 humanum,
3279 3031 3342 3090 in
3365 3049 3552 3108 quan-

2009 3108 2138 3164 tum
2165 3107 2616 3182 significativum
2635 3159 2655 3188 ,
2687 3117 2860 3177 estin
2889 3119 3116 3182 dicente
3136 3167 3153 3196 ‚
3197 3124 3346 3184 sicut
3371 3128 3549 3203 signi-

2008 3199 2194 3259 ficans
2221 3203 2282 3259 in
2307 3205 2673 3279 significante
2695 3254 2716 3283 ‚
2747 3216 2804 3270 et
2830 3213 2912 3272 sic
2938 3215 3147 3276 iterum
3176 3219 3546 3299 indistincte;

2007 3294 2090 3352 ita
2114 3296 2373 3355 Verbum
2400 3298 2704 3374 divinum,
2742 3306 2807 3364 in
2835 3313 3123 3382 quantum
3160 3315 3505 3389 spirativum
3528 3361 3548 3392 ,

2011 3389 2182 3447 estin
2209 3395 2372 3450 Patre
2389 3433 2411 3463 ,
2462 3394 2611 3453 sicut
2653 3399 2883 3473 spirans
2924 3403 2988 3461 in
3033 3405 3289 3480 spirante
3309 3454 3329 3483 ,
3375 3416 3432 3470 et
3469 3413 3549 3472 sie

2008 3482 2222 3542 iterum
2247 3484 2578 3548 indistincte
2607 3499 2897 3567 quantum
2938 3498 3016 3556 ad
3055 3500 3550 3566 indistinctionem

2008 3577 2374 3638 notionalem
2396 3600 2412 3639 :
2435 3587 2603 3658 quod
2624 3592 2862 3649 notatur
2879 3592 3103 3653 ibidem
3128 3596 3189 3654 in
3207 3596 3312 3657 illo
3336 3601 3547 3675 verbo,

2008 3859 2383 3921 notionaliter
2410 3864 2831 3929 indistinctum.
2855 3875 3029 3943 Quod
3058 3879 3217 3940 enim
3244 3880 3361 3940 ait:
3383 3883 3553 3958 Apud

2009 3955 2214 4026 Deum,
2260 3957 2512 4029 pertinet
2547 3961 2629 4018 ad
2671 3963 3107 4028 distinctionem
3146 3976 3550 4051 personalem3

2010 4049 2178 4120 quod
2206 4053 2405 4109 autem
2431 4053 2615 4112 dicit:
2648 4058 2717 4115 In
2737 4062 3015 4134 principio
3033 4105 3054 4137 ,
3084 4068 3336 4141 pertinet
3362 4069 3441 4129 ad
3467 4071 3555 4130 in·

2010 4139 2450 4203 distinctionem
2485 4148 2871 4212 notionalem.
2915 4156 3037 4215 Hoc
3076 4159 3433 4237 principium
3473 4168 3559 4223 est

2011 4239 2346 4296 communis
2372 4242 2615 4316 spiratio
2633 4288 2654 4319 ‚
2709 4249 3041 4309 secundum
3088 4269 3275 4328 quam
3301 4261 3468 4317 Pater
3502 4264 3560 4319 et

2010 4329 2190 4389 Filius
2234 4337 2371 4392 sunt
2412 4351 2602 4397 unum
2647 4340 3010 4417 principium
3063 4355 3332 4425 respectu
3372 4355 3555 4413 sancti

2011 4425 2278 4500 Spiritus,
2297 4432 2539 4492 testante
2563 4436 2889 4509 Augustino
2909 4437 2969 4498 ¹⁰.
2993 4444 3058 4499 ln
3079 4458 3203 4516 quo
3229 4447 3559 4508 retunditur

2012 4536 2179 4580 error
2204 4525 2562 4602 Graecorum‚
2587 4532 2971 4605 spirationem
3000 4537 3252 4598 activam
3274 4542 3383 4600 soli
3407 4546 3559 4604 Patri

2014 4621 2476 4685 attribuentium.
2538 4631 2670 4688 Hoec
2724 4632 2838 4691 tria
2882 4633 3166 4710 implicite
3216 4644 3562 4716 proenotavit

2013 4718 2414 4794 Evangelista,
2443 4737 2581 4782 cum
2609 4725 2691 4784 ait
2720 4744 2735 4784 ε
2763 4730 2831 4786 In
2850 4733 3130 4804 principio
3151 4740 3264 4794 erat
3295 4739 3521 4798 Verbum
3537 4762 3558 4813 ,-

2016 4828 2086 4871 ac
2125 4813 2171 4871 si
2219 4814 2438 4875 diceret
2469 4835 2484 4875 ε
2517 4821 2580 4876 in
2606 4824 2773 4880 Patre
2819 4831 2944 4881 erat
2980 4825 3160 4885 Filius
3209 4845 3330 4890 uno
3375 4834 3561 4895 modo

2017 4907 2323 4969 distinctus
2349 4955 2369 4985 ,
2399 4914 2507 4972 sed
2541 4914 2781 4975 duobus
2818 4917 3190 4982 indistinctus
3231 4941 3247 4983 ε
3292 4926 3564 4990 videlicet

2018 5001 2322 5063 distinctus
2342 5008 2768 5083 personaliter3
2798 5011 2903 5071 sed
2931 5013 3303 5079 indistinctus
3327 5024 3563 5085 natura·

2019 5177 2081 5190 --
2115 5152 2137 5187 '¹
2174 5155 2325 5218 Aug„
2362 5154 2425 5206 de
2448 5155 2604 5220 Trin„
2646 5156 2734 5208 lib.
2772 5158 2869 5225 Vl,
2924 5176 2971 5214 c.
3014 5177 3070 5225 x,
3120 5181 3175 5220 n.
3207 5172 3258 5221 Η
3284 5186 3304 5237 3
3333 5171 3384 5221 in
3420 5172 3564 5240 Gen„

2019 5218 2108 5268 lib.
2140 5221 2203 5284 11,
2232 5236 2279 5305 c.
2309 5234 2487 5307 vm.—
2509 5228 2528 5257 ⁸
2548 5228 2711 5291 loon„
2744 5242 2782 5294 1,
2813 5236 2858 5283 ¹.
2887 5257 2951 5271 —-
2984 5236 3007 5271 ⁹
3028 5236 3178 5305 ibid„
3205 5244 3318 5291 2.-
3346 5244 3388 5279 ¹⁰
3414 5247 3565 5312 Aug„

2020 5293 2079 5342 de
2109 5292 2436 5358 Trtmt.,11b.
2465 5299 2532 5362 V,
2561 5314 2608 5351 c.
2638 5312 2749 5367 xiv,
2777 5316 2833 5355 n.
2866 5309 2943 5356 15.
