4196 6294
751 502 872 563 626

751 633 872 697 hoc
913 630 1173 714 quidem
1217 629 1367 695 facit
1412 646 1524 712 per
1567 629 1880 712 triplicem
1917 632 2231 696 rationem
2264 653 2280 696 ε

506 746 703 792 ῡινίϋ··
748 740 955 822 primo
985 738 1157 803 enim
1191 735 1460 802 ostendit
1490 736 1742 801 divitias
1768 755 1898 801 non
1924 756 2061 802 esse
2089 755 2287 820 appe-

745 848 998 926 tendas,
1043 846 1194 929 quia
1235 862 1368 908 non
1413 843 1612 907 ditant
1657 862 2046 926 possessores
2087 863 2238 908 suos
2257 892 2280 924 ‚

744 954 894 1036 quia
920 972 1052 1017 nou
1077 951 1593 1017 transmittuntur
1626 950 1987 1032 frequenter
2027 952 2107 1015 ad
2136 970 2281 1033 pos-

742 1067 932 1139 teros,
965 1059 1050 1123 ibi
1081 1062 1165 1141 (v.
1200 1059 1293 1141 12)
1330 1077 1347 1121 :
1385 1058 1503 1123 Est
1528 1058 1664 1123 alia
1699 1059 2056 1137 infirmitas
2079 1060 2280 1140 pessi-

740 1185 848 1234 ma
864 1189 887 1239 ,⁰
915 1168 1100 1232 tertio
1120 1215 1142 1246 ,
1174 1166 1322 1250 quia
1356 1167 1719 1249 frequenter
1745 1164 2174 1230 devolvuntur
2201 1165 2281 1230 ad

740 1278 1108 1355 extraneoS,
1142 1275 1232 1340 ibi
1257 1276 1277 1310 ¹
1310 1295 1326 1339 ε
1370 1275 1485 1340 Est
1526 1272 1706 1340 aliud
1752 1274 2012 1339 malum.
2060 1272 2280 1338 Primo

740 1383 944 1464 igitur
992 1383 1328 1451 avaritiam
1385 1383 1732 1447 detestatur
1749 1430 1766 1458 ‚
1836 1381 1989 1464 quia
2038 1380 2279 1445 divitiae

738 1507 884 1572 quae
911 1492 1332 1573 appetuntur,
1377 1507 1506 1554 non
1547 1490 1878 1570 adiuvant,
1905 1504 2035 1552 'nec
2078 1488 2282 1552 ditant

736 1615 1143 1679 possessoreS,
1187 1597 1340 1680 quia
1381 1615 1514 1661 non
1557 1596 1914 1674 sufficiunt3
1960 1596 2234 1659 secundo
2256 1644 2274 1675 ,

737 1707 892 1789 quia
938 1725 1072 1772 non
1115 1711 1383 1789 prosunt
1402 1725 1424 1788 ;
1482 1706 1688 1783 tertio,
1745 1704 1895 1787 quia
1951 1704 2273 1784 affligunt.

738 1813 1125 1879 Detestandae
1181 1819 1329 1879 sunt
1388 1832 1549 1896 ergo
1606 1813 1843 1880 divitiae
1871 1861 1889 1891 ,
1943 1816 2007 1876 et
2059 1831 2279 1895 asper-

734 1919 988 1999 nandae,
1019 1922 1171 2004 quia
1225 1939 1417 1987 avaro
1467 1939 1598 1985 non
1652 1919 1998 1994 sufficiunt,
2044 1922 2112 1982 et
2155 1918 2277 1983 hoc

735 2046 970 2093 avarus
1003 2030 1269 2113 appetit,
1303 2029 1536 2094 scilicet
1562 2028 2038 2104 sufficientiam3
2081 2044 2273 2110 prop-

733 2140 905 2200 terea
922 2137 1071 2201 dicit
1094 2141 1386 2204 :Avarus
1417 2154 1547 2204 non
1583 2137 1944 2219 implebitur
1969 2138 2270 2219 pecunia.

733 2250 757 2286 ¹
792 2268 823 2306 α
858 2244 1239 2310 Insatiabilis
1267 2245 1489 2310 oculus
1515 2245 1750 2328 cupidi.
1781 2266 1812 2302 υ
1848 2242 2022 2307 Unde
2043 2242 2275 2307 Hiero-

733 2370 1011 2435 nymus:
1070 2376 1102 2414 α
1137 2352 1350 2418 Avaro
1399 2354 1607 2430 deest,
1646 2357 1780 2416 tam
1833 2353 2004 2436 quod
2043 2351 2268 2431 babet,

733 2477 926 2542 quam
965 2461 1139 2543 quod
1172 2479 1303 2526 non
1345 2461 1558 2526 habet.
1603 2483 1634 2521 n
1682 2461 1757 2525 Et
1799 2459 2037 2525 Seneca
2071 2483 2086 2524 :
2146 2483 2176 2520 u
2206 2458 2272 2524 Si

735 2566 832 2629 vis
856 2570 920 2631 te
960 2566 1223 2633 divitem
1259 2568 1462 2632 facere
1478 2612 1499 2645 ,
1536 2585 1668 2631 non
1705 2567 1993 2649 pecuniae
2030 2571 2126 2631 est
2159 2566 2273 2630 ad-

733 2674 1036 2754 dendum,
1069 2675 1180 2741 sed
1207 2674 1534 2757 cupiditati
1567 2674 2092 2739 subtrahendum.
2127 2695 2158 2733 ι)

811 2781 893 2847 Et
914 2784 1030 2865 qui
1057 2789 1233 2850 amat
1256 2782 1552 2861 divitias,
1572 2785 1690 2846 etc.
1715 2781 1830 2844 Hic
1857 2780 2133 2844 secundo
2159 2780 2269 2844 de-

731 2890 1024 2955 hortatur
1035 2891 1116 2955 ab
1131 2909 1349 2956 amore
1366 2882 1759 2968 divitiarum,
1782 2906 1931 2970 quae
1959 2907 2091 2951 non
2121 2905 2268 2969 pro-

733 3002 913 3076 sunl;
945 2998 1085 3062 ideo
1112 2997 1261 3062 dicit
1292 3020 1307 3061 :
1340 2997 1423 3062 Et
1449 2998 1565 3079 qui
1591 3001 1766 3062 amat
1780 2995 2078 3074 divitias,
2096 2996 2275 3076 fruc-

734 3111 871 3174 tum
897 3121 1027 3173 non
1064 3106 1270 3189 capiet
1314 3121 1397 3171 ea:
1425 3106 1518 3171 eis
1534 3128 1562 3181 ,·
1597 3108 1659 3168 et
1699 3104 1786 3168 ita
1820 3122 1948 3167 non
1976 3107 2267 3186 prosunt.

734 3219 758 3255 ⁸
792 3237 823 3275 α
840 3214 1010 3280 Nihil
1028 3219 1122 3278 est
1136 3214 1443 3296 iniquiuS‚
1463 3231 1660 3296 quam
1677 3230 1892 3276 amare
1904 3212 2266 3294 pecuniam.

733 3319 850 3385 Hic
874 3321 1154 3386 animam
1198 3340 1380 3385 suam
1428 3319 1718 3385 venalem
1764 3319 1976 3383 habet.
2007 3340 2036 3377 n
2085 3322 2157 3381 Et
2184 3318 2273 3381 ita

731 3428 894 3493 nihil
930 3433 1197 3513 prosunt
1243 3447 1438 3495 avaro
1483 3428 1758 3507 divitiae,
1807 3430 1961 3510 quia
1989 3427 2273 3490 animam

731 3535 840 3601 dat
880 3554 997 3619 pro
1045 3537 1345 3619 pecunia;
1396 3536 1565 3600 unde
1610 3536 1817 3617 inquit
1865 3533 2172 3598 Dominus
2198 3531 2267 3594 *ε

735 3665 767 3704 α
800 3642 963 3720 Quid
993 3643 1244 3726 prodest
1272 3643 1555 3722 homini,
1600 3644 1653 3705 si
1681 3642 2052 3706 universum
2088 3657 2274 3703 mun-

733 3751 889 3815 dum
922 3749 1242 3830 lucretur,
1282 3749 1515 3813 animae
1545 3767 1700 3815 vero
1749 3765 1884 3812 suae
1926 3747 2268 3811 detrimen-

733 3862 873 3923 tum
921 3858 1242 3939 patiatur?
1272 3878 1305 3917 ι»
1360 3855 1541 3939 quasi
1580 3856 1745 3920 dicat
1791 3878 1805 3917 ε
1857 3853 2058 3932 Nihi13
2103 3857 2166 3918 et
2192 3872 2274 3917 ex

732 3965 856 4030 hoc
882 3967 1070 4030 infert
1092 3966 1440 4032 vanitatem
1466 3965 1531 4027 in
1560 3964 1831 4028 amando
1849 3981 1974 4027 eaS.
1995 3961 2267 4027 Seneca:

745 4097 776 4136 c
803 4073 959 4151 Quae
1005 4078 1101 4139 est
1141 4074 1427 4138 maxima
1465 4075 1756 4154 egestas?
1806 4071 2148 4137 avaritia.»
2196 4068 2275 4134 Et

734 4200 819 4248 ex
845 4182 1128 4266 opposito
1168 4182 1469 4247 dicuntur
1512 4180 1813 4245 maximae
1858 4177 2102 4243 divitiae
2142 4196 2274 4242 non

733 4289 1089 4356 desiderare
1116 4289 1390 4355 divitias.

814 4398 898 4465 Et
912 4398 1025 4464 Ιιοο
1042 4412 1183 4481 erqo
1199 4397 1481 4463 vanitas.
1503 4395 1525 4431 ⁸
1556 4417 1586 4456 α
1601 4394 1757 4460 Ecce
1772 4394 1989 4474 homo,
2014 4394 2273 4476 quinon

735 4505 949 4588 posuit
972 4504 1175 4569 Deum
1210 4503 1567 4585 adjutorem
1608 4520 1831 4581 suum,
1862 4502 1972 4565 sed
1995 4500 2274 4584 speravit

735 4611 802 4675 in
841 4611 1245 4676 multitudine
1282 4591 1648 4675 divitiarum
1685 4628 1977 4688 suarum,
2017 4615 2079 4674 et
2113 4626 2274 4692 prae-

738 4718 938 4784 valuit
950 4720 1017 4783 in
1039 4720 1318 4786 vanitate
1335 4737 1472 4781 sua.
1499 4739 1530 4778 n
1556 4716 1817 4800 thuod
1845 4716 2008 4781 nihil
2025 4717 2273 4799 prosint

735 4826 975 4913 divitiae
1002 4826 1365 4909 possidenti,
1397 4825 1690 4904 ostendit,
1718 4825 1870 4907 quia
1889 4841 2272 4888 consumun-

731 4938 859 5016 tur,
891 4940 954 4999 et
980 4933 1140 4997 nihil
1168 4933 1313 5016 plus
1340 4933 1532 4997 habet
1560 4932 1884 5011 domium,
1909 4949 2108 5014 quam
2132 4949 2267 4996 ser-

730 5060 882 5120 vus;
931 5041 1070 5105 ideo
1133 5040 1283 5104 dicit
1336 5043 1422 5120 (v.
1476 5041 1572 5122 10)
1617 5061 1632 5101 ε
1697 5039 1812 5105 Ubi
1856 5037 2072 5106 mulcoe
2117 5043 2271 5105 sunt

727 5163 893 5231 opes,
921 5149 1113 5216 multi
1150 5150 1358 5232 etqui
1392 5146 1724 5215 comedunt
1756 5162 1898 5225 eas;
1935 5148 2026 5210 sic
2053 5148 2269 5211 omnia

790 5278 803 5305 ¹
835 5275 989 5337 infra,
1020 5287 1093 5339 vt,
1125 5280 1170 5326 1.
1202 5300 1261 5312 -
1287 5276 1310 5309 ¹
1341 5274 1510 5328 Eccli„
1543 5286 1649 5337 xw,
1682 5277 1730 5325 9.
1755 5300 1817 5312 -
1845 5274 1863 5304 ³
1887 5272 2064 5337 Eccli„
2102 5285 2156 5334 x,
2187 5276 2264 5324 10.

726 5371 787 5384 —
815 5348 839 5383 ὅ
863 5346 1066 5409 March„
1097 5358 1205 5411 xvt,
1233 5349 1309 5397 26.
1341 5372 1402 5384 —
1429 5349 1447 5377 ⁵
1469 5347 1610 5396 Psal.
1634 5358 1706 5409 LI,
1733 5349 1780 5397 9.
1811 5372 1872 5384 —
1894 5347 1913 5377 ⁶
1932 5344 2044 5408 Job,
2079 5356 2263 5407 xxxlx,

725 5419 807 5468 30.
833 5420 938 5455 —·⁷
969 5422 1131 5480 Prov„
1156 5429 1267 5479 xtx,
1301 5423 1346 5467 6.
1385 5445 1444 5454 -
1471 5417 1493 5452 ⁸
1520 5417 1700 5476 Eccli.,
1733 5429 1807 5477 xl,
1843 5420 1915 5467 10.
1945 5443 2006 5456 —
2032 5418 2055 5452 ⁹
2082 5416 2263 5480 Eccli„

726 5499 881 5553 xxx1,
909 5490 987 5538 2⁴.
1019 5514 1073 5524 -
1114 5489 1151 5522 ¹⁰
1188 5487 1310 5550 soh,
1345 5500 1431 5548 xv,
1471 5491 1550 5537 2¹.
1578 5513 1643 5525 —
1680 5489 1711 5518 ¹¹
1753 5491 1946 5551 Supra,
1989 5499 2053 5552 ιι,
2084 5490 2164 5539 23.
2203 5518 2257 5528 —

1763 495 2172 562 EXPOSITIO
2214 494 2295 561 IN
2337 492 2932 563 ECCLESIASTEN.

2397 637 2883 699 consumuntur.
2941 632 3119 698 Unde
3173 634 3410 699 Seneca
3458 654 3475 696 ε
3539 655 3572 694 α
3626 632 3944 697 cadavera

2394 738 2560 821 lupi,
2612 758 2850 805 muscae
2889 739 3050 817 mel,
3091 730 3375 822 praedam
3418 758 3553 803 non
3608 739 3936 804 hominem

2392 846 2679 928 sequitur
2706 848 2892 912 turba
2918 848 3058 912 ista.
3090 868 3122 908 ›)
3151 847 3228 913 Et
3251 848 3273 884 ⁸
3308 870 3323 911 ε
3363 870 3394 908 α
3422 846 3589 912 Pulli
3616 848 3754 929 ejus
3780 847 3935 911 lam-

2393 952 2557 1016 bunt
2582 956 2998 1035 sanguinem3
3030 960 3093 1021 et
3117 956 3232 1020 ubi
3259 957 3450 1020 fuerit
3481 956 3767 1034 cadaver,
3801 960 3929 1019 sta-

2391 1059 2506 1123 tim
2528 1061 2735 1140 adest;
2760 1086 2789 1122 t>
2827 1064 2999 1146 quia,
3027 1062 3377 1128 secundum
3402 1063 3574 1146 quod
3600 1062 3827 1127 dicitur
3852 1064 3873 1098 ⁷
3909 1086 3927 1126 t

2400 1189 2431 1225 α
2456 1165 2635 1231 Multi
2663 1147 3260 1251 colunt‘personam
3303 1170 3607 1252 potentis,
3636 1174 3699 1234 et
3737 1170 3931 1234 amici

2393 1278 2545 1339 sunt
2569 1276 2735 1340 dona
2756 1278 3113 1343 tribuentia
3150 1302 3180 1339 ι)
3213 1280 3299 1346 Et
3323 1278 3488 1361 quid
3510 1278 3769 1361 prodest
3788 1294 3935 1360 pos·

2389 1386 2645 1461 sessori,
2673 1387 2812 1451 nisi
2829 1386 2999 1469 quod
3017 1390 3221 1455 cernit
3239 1386 3519 1456 divitias
3534 1388 3730 1454 oculis
3742 1386 3933 1453 suis?

2389 1490 2570 1570 quasi
2597 1490 2761 1554 dicat
2787 1493 2951 1557 nihil
2986 1492 3128 1576 plus
3155 1493 3313 1573 sibi,
3356 1512 3552 1577 quam
3578 1493 3743 1573 aliis,
3775 1493 3931 1574 quia

2389 1598 2640 1661 tantum
2670 1600 2938 1665 comedit
2984 1602 3253 1683 quilibet
3277 1600 3584 1679 aliorum,
3614 1603 3930 1682 quantum

2387 1703 2520 1786 ipse
2567 1705 2743 1769 solus
2761 1724 2781 1785 3
2832 1712 2893 1771 et
2948 1707 3036 1771 ita
3079 1726 3212 1773 non
3246 1708 3438 1772 habet
3475 1709 3749 1772 fructum
3792 1726 3929 1790 prae

2386 1811 2557 1891 aliis,
2600 1813 2733 1877 imo
2778 1813 3115 1895 damnum,
3158 1815 3310 1897 quia
3356 1820 3684 1898 peccatum
3733 1816 3931 1881 habet

2384 1917 2564 2001 plus;
2613 1921 2783 1985 unde
2826 1921 2849 1957 ⁸
2897 1945 2913 1986 :
2969 1945 2998 1983 α
3032 1920 3098 1987 Si
3133 1922 3311 1988 dives
3349 1923 3582 2001 fueris»,
3625 1941 3758 1987 non
3785 1924 3932 1988 -eris

2384 2025 2695 2090 immunis
2742 2047 2781 2093 a
2826 2029 3073 2094 dilecto.
3117 2029 3185 2094 Si
3231 2034 3481 2094 secutus
3519 2030 3744 2112 fueris,
3792 2048 3930 2095 non

2383 2133 2814 2214 apprehendes
2845 2137 2956 2219 (a).
2983 2158 3014 2196 ι)

2464 2245 2563 2304 11.
2597 2241 2824 2309 Dulcis
2850 2251 2943 2310 est
2984 2259 3265 2310 somnus.
3296 2243 3413 2308 Hic
3446 2246 3630 2310 tertio
3656 2245 3932 2310 ostendit

2383 2345 2639 2411 divitias
2664 2349 3121 2430 aspernandas,
3155 2350 3307 2433 qnia
3332 2351 3656 2434 affligunt,
3703 2358 3767 2417 et
3810 2353 3928 2417 ho·

2384 2453 2624 2517 minem
2651 2455 2973 2537 quiescere
3001 2476 3130 2521 non
3159 2458 3578 2540 permittunt:
3610 2459 3783 2523 unde
3813 2478 3927 2524 au-

2380 2559 2594 2625 ferunt
2624 2580 2923 2627 somnum
2952 2570 3014 2628 et
3028 2567 3336 2647 quietem3
3368 2570 3704 2649 propterea
3729 2567 3924 2631 dicit:

2382 2670 2608 2735 Dulcis
2663 2678 2754 2737 est
2804 2687 3062 2738 somnus
3110 2676 3432 2754 operanti,
3489 2676 3627 2740 sive
3662 2691 3923 2757 panau,

2380 2776 2518 2842 sive
2556 2779 2827 2845 multum
2868 2779 3178 2847 comedat.
3212 2780 3291 2845 Et
3328 2781 3420 2845 ita
3445 2799 3711 2864 operans
3739 2788 3803 2846 et
3828 2781 3925 2845 la·

2380 2883 2645 2965 borans,
2696 2886 3035 2970 aliquando
3075 2890 3345 2971 quiescit
3374 2895 3419 2953 ⁹.
3461 2914 3493 2951 a
3520 2890 3801 2956 Somnus
3825 2909 3927 2954 sa-

2380 2991 2595 3056 nitatis
2652 2993 2722 3058 in
2777 2995 3038 3063 homine
3089 3015 3302 3080 parco.
3376 2996 3656 3062 Dormiat
3713 3017 3925 3081 usque

2381 3116 2592 3179 mane,
2622 3105 2686 3166 et
2707 3102 2923 3167 anima
2942 3104 3112 3168 illius
3129 3104 3545 3169 delectabitur
3561 3123 3709 3170 cum
3729 3105 3861 3170 illo.
3883 3126 3916 3165 n

2381 3204 2503 3271 Sed
2529 3226 2566 3272 e
2594 3214 2812 3274 contra
2838 3211 3014 3277 dives
3040 3231 3170 3277 non
3211 3215 3507 3296 quiescit;
3551 3215 3723 3279 unde
3768 3217 3920 3279 sub-

2379 3314 2510 3378 dit:
2549 3315 2873 3385 Saturitas
2901 3327 3117 3388 autem
3151 3319 3388 3389 divitis
3413 3337 3543 3389 non
3588 3324 3759 3389 sinit
3779 3340 3926 3389 eum

2379 3420 2654 3490 dormire
2701 3442 2724 3491 .·
2769 3426 2872 3491 vel
2929 3428 3080 3509 quia
3122 3428 3358 3492 multas
3408 3430 3599 3496 habet
3644 3431 3920 3511 divitias,

2380 3530 2615 3595 multas
2657 3551 2871 3614 curaS‚
2930 3553 3076 3616 quae
3128 3536 3428 3601 auferunt
3479 3555 3777 3601 somnum
3812 3538 3861 3577 ¹·
3901 3559 3921 3601 t

2389 3660 2420 3699 a
2450 3637 2709 3704 Sonitus
2735 3642 2998 3705 terroris
3024 3661 3274 3725 semper
3300 3644 3368 3707 in
3393 3645 3753 3724 auribuS,et
3770 3662 3927 3708 cum

2379 3764 2507 3827 pax
2533 3747 2642 3826 sit,
2682 3750 2818 3830 ipse
2844 3748 3103 3816 insidias
3130 3750 3487 3832 suspicatur
3503 3772 3522 3829 ;
3552 3773 3583 3811 n
3621 3752 3791 3816 unde
3821 3753 3871 3788 ¹¹
3901 3775 3919 3814 z

2388 3874 2419 3913 α
2462 3854 2681 3918 Cuncti
2736 3855 2868 3919 dies
2921 3858 3060 3938 ejus
3116 3856 3440 3922 laboribus
3494 3862 3559 3923 et
3611 3860 3926 3924 aerumnis

2378 3959 2548 4040 pleni
2578 3964 2759 4038 sunt,
2795 3980 2910 4025 nec
2950 3981 3064 4044 per
3089 3968 3342 4027 noctem
3380 3969 3593 4029 mente
3629 3965 3919 4048 requies-

2377 4068 2552 4148 cit31>
2588 4069 2691 4133 vel
2720 4068 2911 4133 etiam
2939 4071 3092 4152 quia
3122 4070 3405 4136 multum
3434 4073 3704 4138 comedit
3735 4077 3799 4138 et
3827 4074 3924 4138 bi-

2377 4175 2493 4254 bit,
2524 4180 2585 4238 et
2612 4194 2745 4240 non
2770 4176 3047 4257 laborat;
3081 4178 3221 4243 ideo
3250 4195 3380 4242 non
3402 4180 3925 4262 quiescit¹22avi-

2377 4282 2553 4363 gilia,
2584 4287 2647 4347 et
2673 4284 2947 4366 cholera,
2969 4288 3033 4350 et
3055 4290 3301 4351 tortura
3325 4288 3465 4352 viro
3486 4288 3797 4355 intrunito
3828 4311 3848 4352 ε
3881 4312 3915 4350 n

2378 4395 2442 4454 et
2465 4391 2555 4454 sic
2580 4410 2714 4474 prae
2744 4393 3025 4458 satietate
3046 4412 3173 4458 non
3203 4395 3489 4476 quiescit.

2456 4496 2579 4562 Sed
2606 4499 2921 4581 quaeritur
2948 4500 3027 4564 de
3053 4500 3196 4581 hoc,
3231 4501 3403 4583 quod
3429 4502 3578 4566 dicit
3611 4504 3921 4571 :Divitia

2375 4620 2506 4670 non
2529 4611 2801 4686 prosunt
2843 4609 3218 4687 possessori.
3255 4605 3419 4672 Nam
3459 4609 3626 4674 infra
3650 4610 3798 4675 dicit
3827 4614 3916 4677 ⁸⁸:

2386 4735 2416 4772 α
2443 4709 2665 4777 Utilior
2691 4715 2786 4776 est
2812 4714 3124 4796 sapientia
3150 4732 3299 4778 cum
3337 4714 3590 4797 divitiis,
3620 4723 3683 4782 et
3710 4719 3919 4800 magis

2374 4819 2628 4902 prodest
2671 4820 3033 4886 videntibus
3083 4823 3306 4887 solem.
3336 4845 3368 4884 n
3406 4822 3564 4887 Item
3613 4825 3763 4889 alibi
3806 4827 3918 4889 in-

2374 4929 2515 5010 quit
2550 4927 2591 4963 ¹⁸
2637 4950 2653 4989 ε
2693 4951 2723 4988 α
2753 4928 3120 5013 Redemptio
3168 4931 3404 4995 animae
3461 4932 3616 5012 viri,
3672 4933 3917 4998 divitias

2374 5038 2548 5116 ejus:
2579 5057 2611 5096 n
2634 5055 2790 5119 ergo
2818 5037 3034 5103 valent
3045 5038 3125 5103 ad
3143 5038 3577 5103 redimendam
3605 5041 3917 5106 animam.

2374 5139 2647 5208 Contra:
2681 5143 2881 5210 Omne
2897 5144 3059 5210 illud
3075 5195 3093 5226 ,
3124 5147 3296 5231 quod
3339 5146 3567 5212 melius
3593 5153 3687 5214 est
3713 5149 3923 5215 dimit-

2375 5314 2413 5351 ¹²
2440 5314 2616 5436 Eccgli„
2647 5327 2802 5379 και,
2830 5318 2910 5368 23.
2937 5343 3000 5354 -
3039 5316 3079 5351 ¹⁸
3115 5317 3280 5383 Infra,
3312 5329 3415 5381 vu,
3456 5320 3532 5369 12.
3570 5345 3634 5357 —
3671 5320 3715 5356 ¹⁴
3749 5321 3921 5389 Pmo„

2370 5399 2491 5451 xm,
2553 5422 2567 5438 .

2436 5492 2503 5557 (α)
2531 5491 2652 5543 eat.
2679 5490 2800 5542 edit.
2829 5490 3202 5554 apprehendas.
