4196 6294
1617 448 1981 517 PSALMUS
2022 448 2286 516 cxvnl.

354 581 668 642 dilectione
714 583 925 642 dieitur
951 584 1303 643 mandatum
1339 585 1801 645 antonomastice
1832 585 1903 660 (a)

354 677 566 753 triplici
582 677 830 736 ratione.
866 681 986 738 Hoc
1056 678 1215 738 enim
1244 680 1597 740 mandatum
1626 684 1712 739 est
1732 696 1902 739 man-

355 773 631 832 datorum
698 774 971 835 omnium
1045 775 1522 847 fundamentum,
1594 793 1905 835 ornamen-

354 871 480 926 tum
516 910 537 939 ‚
609 869 1107 944 complementum
1186 891 1199 928 :
1258 874 1621 946 quapropter
1691 870 1905 930 dicitur

356 961 704 1021 mandatum
755 963 1039 1038 primum,
1070 965 1417 1024 mandatum
1443 982 1704 1037 novum,
1732 981 1905 1023 man-

358 1057 567 1116 datum
633 1057 983 1116 maximum.
1054 1061 1130 1117 De
1182 1060 1379 1134 primo
1439 1061 1456 1095 ¹
1514 1079 1528 1117 ς
1607 1081 1635 1114 «
1690 1060 1905 1134 Diliges

356 1151 672 1210 Dominum
702 1155 884 1211 Deum
904 1155 1102 1226 tuum3
1133 1173 1162 1209 n
1195 1156 1252 1211 et
1275 1153 1459 1212 infra:
1490 1157 1655 1213 «Hoc
1683 1157 1772 1213 est
1786 1155 1906 1229 pri-

355 1262 522 1303 mum
549 1244 934 1304 mandatum:
986 1267 1015 1300 n
1073 1263 1208 1305 ecce
1236 1248 1585 1306 mandatum
1621 1249 1902 1324 primum.

356 1341 435 1397 De
462 1339 727 1397 secundo
755 1342 779 1375 ¹
810 1357 826 1397 ε
864 1359 893 1394 α
916 1341 1262 1400 Mandatum
1301 1357 1528 1400 novum
1575 1342 1656 1401 do
1709 1343 1906 1416 vobis,

356 1435 423 1490 ut
457 1431 713 1506 diligatis
738 1432 996 1492 invicem
1027 1452 1041 1492 ε
1072 1455 1099 1489 ι)
1135 1451 1267 1493 ecce
1290 1436 1639 1494 mandatum
1656 1453 1900 1496 novum.

358 1529 436 1585 De
463 1526 633 1584 tertio
662 1529 684 1563 ⁸
718 1546 732 1584 ε
771 1549 798 1579 «
827 1527 1039 1601 Diliges
1085 1529 1400 1587 Dominum
1428 1533 1615 1589 Deum
1641 1534 1808 1590 tuum
1823 1550 1843 1604 3
1873 1552 1901 1585 n

358 1623 417 1677 et
438 1619 592 1679 infra
622 1638 636 1677 ε
673 1621 835 1680 «hoc
857 1627 941 1680 est
967 1622 1250 1697 primum,
1280 1628 1338 1682 et
1363 1625 1693 1684 maximum
1736 1640 1907 1684 man-

360 1713 564 1773 datum
594 1733 609 1772 ε
641 1735 669 1769 ο
697 1731 832 1774 ecce
861 1717 1211 1776 mandatum
1242 1719 1593 1778 maximum.

846 1878 1131 1936 Articulus
1170 1885 1419 1951 quartus.

432 2004 605 2060 Actus
628 2003 826 2061 autem
853 2004 1351 2078 supereminentia
1404 2007 1753 2067 subnotatur
1803 2025 1911 2084 per

361 2095 485 2155 haec
510 2096 698 2155 verba
727 2114 743 2154 ε
772 2100 964 2155 Latum
990 2102 1189 2168 nimis,·
1231 2101 1398 2175 quod
1434 2105 1520 2160 est
1564 2103 1801 2176 signum
1828 2103 1909 2162 fa·

362 2189 592 2248 cilitatis
624 2209 638 2248 ε
666 2205 808 2249 nam
833 2191 1186 2252 mandatum
1214 2194 1426 2254 dicitur
1454 2196 1641 2255 latum
1665 2200 1910 2273 propter

358 2283 597 2344 facilem
625 2290 843 2357 actum,
873 2286 1026 2345 sicut
1050 2291 1205 2346 terra
1245 2288 1458 2348 dicitur
1499 2290 1618 2349 lata
1667 2294 1911 2366 propter

360 2378 595 2438 facilem
622 2379 968 2440 incolatum.
999 2383 1163 2440 Unde
1191 2384 1547 2458 notandum,
1567 2386 1734 2459 quod
1761 2385 1912 2444 sicut

361 2472 657 2533 invenitur
685 2479 841 2535 terra
866 2476 1008 2548 lata,
1033 2476 1229 2547 latior,
1257 2477 1541 2537 latissima
1550 2499 1569 2552 3
1614 2479 1697 2536 sic
1743 2495 1911 2554 repe-

361 2567 508 2627 ritur
537 2568 775 2629 dilectio
802 2570 1089 2645 tripartita
1125 2589 1139 2628 :
1169 2571 1307 2635 lata,
1364 2571 1556 2642 latior,
1603 2572 1906 2631 latissima.

360 2664 497 2720 Lata
524 2662 736 2721 dicitur
756 2663 991 2722 dilectio
1026 2665 1279 2722 carnalis
1294 2686 1313 2738 3
1331 2665 1524 2737 latior,
1548 2665 1782 2724 dilectio
1812 2683 1911 2724 so-

362 2756 525 2815 cialis
535 2776 554 2830 3
611 2757 717 2815 sed
768 2756 1055 2816 latissima
1073 2802 1093 2830 ,
1146 2759 1383 2817 dilectio
1439 2759 1776 2833 spiritualis
1832 2762 1910 2818 De

360 2850 576 2925 prima,
603 2850 709 2908 ubi
757 2851 1032 2910 scribitur
1060 2852 1135 2910 de
1181 2853 1382 2912 Sobna
1428 2853 1633 2927 templi
1678 2868 1910 2928 praepo·

362 2944 474 3002 sito
496 2942 519 2977 ⁸
548 2962 563 3002 ε
601 2963 631 2999 α
656 2946 833 3016 Quasi
858 2945 1044 3022 pilam
1071 2949 1258 3008 mittet
1298 2952 1354 3007 te
1400 2948 1683 3008 Dominus
1710 2949 1774 3007 in
1801 2953 1911 3008 ter-

363 3054 493 3098 ram
514 3039 697 3098 latam
724 3043 782 3098 et
806 3041 1165 3115 spatiosam3
1191 3043 1275 3100 ibi
1297 3042 1586 3101 morieris.
1607 3063 1636 3097 ι)
1652 3046 1757 3100 Per
1767 3043 1913 3101 Sob-

365 3147 505 3191 nam
562 3133 764 3209 templi
836 3136 1226 3211 praepositum
1281 3136 1541 3211 intellige
1602 3136 1913 3212 praelatum

364 3227 519 3285 circa
554 3227 881 3303 spiritualia
924 3230 1398 3305 somnolentum3
1426 3248 1534 3306 per
1574 3231 1760 3306 pilam
1788 3248 1913 3289 mo·

362 3320 568 3394 bilem,
599 3323 1018 3396 cogitationem
1044 3325 1407 3399 volubilem3
1438 3342 1545 3400 per
1578 3329 1796 3385 terram
1823 3326 1912 3384 la-

362 3420 506 3488 tam,
536 3417 917 3476 dilectionem
958 3419 1115 3478 circa
1171 3436 1410 3478 carnem
1459 3424 1516 3478 et
1561 3420 1914 3493 sanguinem

367 3513 707 3582 dilatatam3
735 3529 845 3587 per
873 3518 1153 3587 mortem,
1180 3514 1497 3589 spiritualis
1545 3515 1679 3573 vitae
1720 3515 1915 3589 priva-

368 3606 609 3664 tionem.
638 3610 798 3664 Tunc
824 3607 1003 3681 igitur
1033 3609 1136 3668 ille
1189 3608 1535 3685 praepositus
1581 3609 1751 3684 quasi
1790 3609 1914 3683 pila

365 3700 427 3757 in
454 3705 670 3759 terram
688 3701 870 3760 latam
886 3704 1152 3777 mittitur,
1176 3709 1233 3762 et
1252 3704 1337 3763 ibi
1357 3704 1628 3775 moritur,
1644 3704 1913 3778 quande,

363 3794 733 3869 permittente
759 3797 1030 3868 Domino,
1057 3799 1285 3873 proelati
1313 3798 1589 3872 cogitatio
1619 3798 1778 3856 circa
1819 3799 1913 3856 di-

366 3888 682 3948 lectionem
711 3891 1011 3949 carnalem
1040 3893 1124 3950 sic
1151 3892 1430 3966 volvitur,
1462 3892 1629 3967 quod
1678 3892 1913 3950 deside-

366 3984 523 4040 rium
542 3983 676 4041 vitae
704 3984 1026 4059 spiritualis
1080 3987 1372 4061 abjicitur.
1431 3990 1508 4044 De
1562 3986 1823 4045 secunda
1850 3987 1909 4043 ⁸:

373 4098 401 4130 α
429 4080 665 4135 Terram
704 4078 978 4138 dividetis
1024 4081 1200 4138 vobis
1242 4084 1398 4139 sorte
1431 4101 1445 4139 ε
1489 4081 1763 4156 pluribus
1808 4079 1914 4138 da-

370 4171 506 4228 bitis
558 4172 831 4232 latiorem
852 4218 869 4247 ,
923 4178 981 4233 et
1007 4175 1391 4250 paucioribus
1417 4175 1846 4249 angustiorem.
1880 4195 1908 4228 ι»

370 4264 547 4324 Plane
575 4266 847 4341 pluribus
875 4269 1049 4328 datur
1076 4273 1230 4327 terra
1256 4269 1453 4341 latior,
1509 4274 1567 4328 et
1614 4269 1914 4344 pauciori-

372 4359 483 4417 bus
510 4361 835 4434 angustior,
854 4361 994 4437 quia
1022 4362 1257 4420 socialis
1302 4380 1473 4422 amor
1501 4366 1586 4421 est
1610 4364 1672 4420 in
1701 4363 1914 4437 majori

372 4454 644 4513 societate
672 4455 881 4529 major,
896 4459 955 4513 et
980 4455 1042 4513 in
1070 4456 1287 4514 minori
1310 4457 1526 4516 minor.
1555 4460 1632 4515 De
1656 4457 1825 4515 tertia
1850 4459 1872 4493 ⁸
1899 4476 1912 4513 :

380 4552 903 4624 «inveneruntque
946 4565 1196 4623 pascuas
1223 4551 1434 4609 uberes
1490 4555 1547 4609 et
1578 4550 1756 4609 valde
1810 4551 1918 4609 bo-

373 4658 501 4715 naS,
532 4645 589 4701 et
614 4645 830 4700 terram
872 4642 1241 4715 latissimam,
1290 4649 1348 4703 et
1374 4645 1657 4720 quietam,
1673 4649 1729 4704 et
1766 4645 1919 4703 ferti-

373 4736 512 4795 lem.
544 4756 573 4792 ι
604 4736 775 4806 Quod
801 4736 1016 4809 legitur
1054 4738 1130 4795 de
1159 4740 1394 4814 pascuis
1426 4740 1797 4813 animalium,
1827 4740 1918 4797 in·

375 4829 657 4903 telligitur
685 4829 759 4886 de
799 4829 1040 4903 pabulis
1092 4830 1424 4890 animarum
1436 4852 1455 4905 3
1513 4833 1680 4909 quod
1721 4836 1919 4892 autem

377 4925 601 4983 dictum
625 4926 710 4981 est
736 4922 810 4981 de
834 4927 1008 4997 terra,
1032 4924 1304 4985 videlicet
1326 4927 1494 5001 quod
1523 4928 1596 4985 sit
1612 4927 1919 4999 latissima,

377 5018 545 5093 quod
571 5018 790 5093 quieta,
820 5017 985 5092 quod
1011 5016 1237 5091 fertilis,
1254 5024 1447 5093 potest
1474 5020 1591 5079 dici
1621 5021 1697 5079 de
1734 5021 1917 5080 dilec-

376 5113 535 5171 tione
554 5111 862 5187 spirituali,
903 5110 1127 5169 scilicet
1164 5113 1333 5187 quod
1380 5118 1465 5173 est
1493 5114 1706 5187 faciES,
1751 5116 1920 5191 quod

375 5224 601 5281 secura,
628 5207 794 5282 quod
820 5206 998 5265 utilis.
1027 5209 1106 5265 De
1156 5207 1256 5266 tali
1311 5208 1622 5269 dilectione
1671 5211 1921 5271 manda-

444 5336 457 5364 ¹
487 5332 685 5391 naith..
721 5346 853 5395 xxn,
884 5336 963 5385 38.
993 5358 1054 5373 -
1088 5334 1105 5364 ²
1131 5334 1299 5397 Joan„
1324 5348 1443 5401 xm,
1472 5339 1549 5387 3⁴.
1574 5364 1637 5375 —
1662 5338 1685 5373 ⁸
1711 5338 1918 5399 Manli„

379 5410 433 5456 ut
459 5419 630 5471 supra.
653 5432 715 5444 —
741 5405 761 5440 ⁸
788 5409 910 5469 lm„
938 5418 1071 5468 ¹111,
1099 5409 1172 5458 18.
1202 5433 1254 5446 -
1285 5409 1307 5443 ⁸
1333 5408 1506 5471 Num,
1541 5422 1729 5475 mm,
1755 5414 1834 5464 54.
1857 5437 1919 5451 -

3437 458 3550 519 441

2016 590 2145 645 tum
2162 585 2614 660 intelligendum
2636 603 2762 647 esse
2804 588 3191 662 dignoscitur.
3237 589 3402 649 Unde
3434 603 3558 649 non

2013 685 2243 741 tantum
2267 681 2476 751 latum,
2506 681 2613 740 sed
2635 681 2810 739 nimis
2828 682 3014 741 latum
3045 682 3274 742 dicitur.

2662 843 2920 910 Epilogus.

2087 963 2433 1020 Ostensurus
2455 978 2598 1036 ergo
2631 964 3128 1040 psalmographus
3155 965 3412 1042 desuper
3458 968 3560 1027 da-

2017 1060 2138 1115 tam
2164 1056 2389 1115 laboris
2417 1058 2938 1133 cumplacentiam,
2981 1075 3091 1133 per
3133 1059 3355 1119 fructus
3383 1077 3561 1137 appe-

2015 1150 2194 1208 tibilis
2238 1153 2296 1208 et
2350 1155 2513 1209 actus
2565 1151 2753 1211 facilis
2813 1152 3193 1225 evidentiam,
3239 1154 3320 1213 ait
3358 1173 3372 1212 z
3429 1156 3566 1215 Vidi

2014 1248 2192 1317 tinem,
2246 1250 2537 1320 quantum
2577 1246 2657 1305 ad
2703 1247 2926 1306 fructus
2966 1249 3297 1321 essentiam,
3324 1248 3560 1321 scilicet,

2017 1339 2309 1398 visionem
2331 1340 2628 1414 divinam3
2649 1343 2833 1400 Omnis
2851 1347 3340 1415 consummationis,
3365 1361 3558 1420 quan-

2016 1434 2144 1491 tum
2185 1434 2266 1491 ad
2307 1436 2434 1508 ejus
2475 1435 2915 1509 excellentiam,
2955 1437 3225 1496 videlicet
3269 1438 3564 1513 appetibi-

2016 1527 2239 1585 litatem
2285 1528 2662 1602 altissimam3
2722 1532 3068 1602 Mandatum,
3136 1536 3424 1605 quantum
3483 1533 3563 1591 ad

2018 1623 2181 1679 actus
2208 1621 2617 1694 substantiam,
2644 1626 2850 1697 utpote
2868 1623 3246 1682 dilectionem
3273 1624 3563 1684 charitati-

2017 1730 2191 1788 vam3
2222 1718 2404 1775 Nimis
2427 1719 2621 1788 latum,
2653 1721 2944 1791 quantum
2973 1718 3053 1775 ad
3099 1718 3289 1793 ipsius
3322 1734 3561 1794 supere·

2016 1809 2382 1881 minentiam,
2407 1813 2616 1884 utputa
2644 1809 2982 1870 facilitatem
3003 1811 3273 1871 nimiam.

2383 2054 2667 2110 CAPUT
2728 2054 3206 2115 SEPTIMUM.

2498 2238 2828 2284 vssnslcums
2864 2241 3086 2284 rmus,

2093 2384 2182 2438 97.
2215 2381 2486 2450 Quomodo
2506 2383 2681 2440 dile-‘ri
2698 2385 2865 2456 legem
2880 2389 3049 2457 tumn,
3073 2386 3312 2452 Domine,
3328 2388 3435 2443 etc.
3465 2388 3565 2445 Ca-

2019 2473 2277 2549 pitulum
2304 2476 2623 2550 septimum
2667 2477 2765 2535 hic
2813 2477 3124 2550 subintrat,
3173 2478 3341 2552 quod
3381 2478 3569 2538 fercu-

2018 2567 2147 2625 lum
2170 2568 2487 2643 septimum
2515 2571 2937 2630 subministrat.
2967 2575 3032 2631 ln
3057 2571 3267 2647 quinto
3310 2572 3570 2648 capitulo

2019 2661 2238 2719 sanitas
2254 2666 2341 2719 est
2368 2662 2546 2721 allata
2559 2683 2581 2731 ,·
2610 2663 2673 2721 in
2703 2668 2868 2723 sexto
2889 2664 3201 2724 infirmitas
3221 2670 3306 2725 est
3334 2666 3567 2740 ablata;

2019 2755 2082 2812 in
2110 2755 2361 2830 septimo
2390 2756 2642 2815 charitas
2680 2762 2769 2816 est
2805 2759 2989 2818 illata.
3028 2758 3334 2818 charitatis
3372 2764 3572 2820 autem

2022 2848 2230 2922 illatio,
2248 2854 2335 2908 est
2347 2850 2702 2910 infirmitatis
2720 2852 2965 2925 ablatio,
2982 2857 3042 2911 et
3056 2853 3318 2912 sanitatis
3331 2853 3532 2914 allatio
3552 2876 3566 2914 :

2020 2944 2183 3001 unde
2210 2948 2372 3019 patet
2399 2945 2763 3005 ferculorum
2818 2947 3128 3023 dispositio
3185 2947 3402 3006 ordine
3428 2965 3573 3008 con-

2020 3040 2208 3096 sueto.
2250 3038 2415 3097 Circa
2474 3040 2911 3099 distinctionem
2952 3041 3193 3117 capituli
3246 3044 3570 3118 prosecutis,

2021 3132 2460 3192 consideranda
2513 3138 2597 3193 est
2663 3134 2972 3211 dispositio
3023 3137 3317 3198 charitatis
3370 3158 3385 3197 :
3440 3156 3574 3215 quae

2019 3226 2187 3301 prius
2207 3227 2377 3286 ardet
2429 3229 2697 3302 interius,
2743 3231 2892 3289 sicut
2933 3231 3194 3290 ostendit
3235 3233 3573 3293 octonarius

2020 3319 2278 3395 primus3
2309 3326 2745 3398 consequenter
2798 3325 2958 3384 lucet
2993 3326 3265 3399 exterius,
3297 3328 3444 3386 sicut
3478 3343 3573 3385 os-

2019 3413 2210 3473 tendit
2230 3416 2553 3475 secundus.
2585 3420 2650 3475 Et
2681 3417 2824 3493 quia
2852 3419 3103 3478 charitas
3130 3420 3346 3479 ardens
3372 3424 3460 3480 est
3482 3422 3574 3480 in-

2021 3506 2386 3568 flammativa
2439 3510 2731 3569 viscerum
2791 3511 3161 3587 interiorum,
3209 3513 3460 3574 charitas
3484 3516 3574 3574 lu·

2023 3618 2162 3661 cens
2190 3608 2275 3662 est
2302 3604 2583 3664 nutritiva
2614 3622 2838 3681 pascua
2880 3608 3321 3683 proximorum;
3351 3625 3569 3669 conve-

2020 3696 2250 3756 nienter
2302 3699 2615 3758 inchoatur
2665 3702 3003 3760 octonarius
3046 3702 3276 3777 primus
3331 3704 3409 3762 ab
3461 3704 3574 3763 hac

2020 3789 2232 3864 littera,
2275 3793 2439 3866 Mern,
2478 3810 2611 3868 quae
2647 3794 3056 3871 interpretatur
3100 3799 3322 3855 Viscera
3365 3814 3572 3857 secun-

2022 3883 2171 3942 dum
2196 3887 2574 3947 Ambrosium
2601 3890 2643 3962 ⁷3
2675 3889 2973 3947 secundus
3015 3891 3214 3949 autem
3258 3891 3336 3949 ab
3383 3890 3576 3952 littera

2021 3978 2173 4048 Nun,
2202 3995 2335 4054 quae
2352 3980 2767 4056 interpretatur
2782 3987 2989 4041 Pascua
3011 4000 3211 4056 eorum,
3242 3985 3573 4045 secundum

2022 4073 2289 4145 eJ‘usdem
2336 4076 2758 4135 testimonium.
2800 4076 3179 4151 Distinguitur
3218 4094 3420 4138 rursus
3457 4081 3576 4156 pri·

2022 4184 2156 4226 mus
2184 4172 2543 4245 octonarius,
2571 4173 2712 4248 quia
2740 4157 3234 4231 charitas‘ardens
3256 4173 3463 4234 dilatat
3487 4175 3576 4233 in·

2022 4261 2405 4336 telligentiam
2423 4310 2442 4338 ,
2492 4266 2643 4324 sicut
2682 4267 2949 4338 ¹declarat
2995 4268 3409 4342 quaternarius
3460 4268 3576 4343 pri-

2023 4372 2189 4430 mus3
2238 4362 2295 4417 et
2348 4365 2579 4420 serenat
2623 4361 3042 4421 conscientiam
3062 4404 3082 4434 ‚
3129 4362 3278 4422 sicut
3316 4362 3577 4422 declarat

2024 4452 2339 4512 secundus,
2362 4455 2473 4513 Sed
2503 4460 2561 4514 et
2581 4456 2810 4531 primus
2827 4454 3318 4530 subdistinguitur
3343 4460 3575 4531 quater-

2023 4545 2255 4619 narius,
2287 4549 2429 4623 quia
2467 4549 2718 4608 charitas
2757 4550 2974 4609 ardens
3002 4550 3210 4608 dilatat
3234 4549 3574 4608 interiorem

2024 4638 2358 4717 hominem,
2401 4650 2684 4721 tanquam
2709 4646 2967 4705 reddens
2994 4645 3273 4703 eumdem
3299 4645 3363 4703 in
3387 4644 3576 4703 medi·

2025 4741 2244 4801 tatione
2282 4740 2678 4815 potentiorem
2697 4784 2716 4814 ,
2767 4740 2829 4798 in
2873 4739 3191 4798 tentatione
3234 4739 3575 4814 prudentio-

2023 4852 2174 4907 rem,
2197 4836 2260 4893 in
2288 4834 2617 4893 eruditione
2644 4834 3168 4909 perspicaciorem,
3196 4832 3259 4890 in
3287 4831 3577 4891 consulta-

2024 4931 2184 4990 tione
2214 4928 2807 5003 circumspectiorem,
2835 4927 2983 4985 sicut
3006 4930 3168 5002 patet
3193 4942 3301 5001 per
3326 4926 3575 4987 totidem

2025 5040 2307 5083 versuum
2344 5022 2554 5081 seriem
2591 5022 3067 5097 subsequentem.
3103 5021 3331 5079 Primus
3367 5037 3573 5080 versus

2026 5118 2107 5177 ad
2144 5118 2402 5193 primam
2441 5116 2850 5175 dilatationem
2891 5115 3291 5189 intelligentias
3330 5119 3575 5190 spectat,

2024 5213 2175 5272 sicut
2207 5212 2637 5287 quadripartita
2664 5209 2845 5268 sectio
2878 5210 3176 5268 sententiae
3215 5226 3337 5268 suae
3358 5209 3573 5283 signat.

2025 5331 2047 5365 ⁸
2081 5331 2097 5379 1
2128 5329 2377 5394 Ραναὶίρ.,
2408 5340 2476 5391 tv,
2510 5331 2587 5380 40.
2619 5353 2683 5366 —
2712 5329 2729 5358 ⁷
2755 5327 3018 5392 Ambros,
3047 5326 3101 5379 in
3127 5326 3267 5379 hunc
3299 5327 3569 5392 psalmum.

2088 5410 2163 5475 (a)
2194 5410 2336 5463 Edu.
2363 5411 2475 5463 Vm.
2506 5408 2982 5463 antonomastatice.
