4196 6294
3454 572 3525 623 lx

339 688 595 775 gustino.
619 692 669 752 ¹.
697 684 872 765 Q'uid
901 685 1165 753 multis?
1189 683 1265 749 In
1288 679 1659 765 huiusmodi
1696 697 1889 764 opere
1913 698 2050 748 non
2073 680 2288 747 solm
2310 680 2476 746 nihil
2501 682 2597 753 est
2616 726 2635 763 ,
2665 682 2842 767 quod
2866 686 3157 753 sanctum
3185 685 3518 757 3011an-

337 811 551 872 turam
593 803 905 870 dedeceat
920 850 940 881 ,
989 802 1101 868 sed
1135 799 1337 867 multa
1373 799 1612 882 potius,
1641 816 1788 882 quae
1817 799 1958 883 eius
1985 800 2242 864 zetatem
2256 848 2279 879 ,
2327 797 2694 865 institutum
2716 849 2737 883 ,
2782 800 3119 884 ingenium
3139 853 3159 886 ,
3206 804 3485 875 indolem
3499 855 3521 888 ,

342 922 765 999 eruditionem
781 970 802 1002 ,
833 924 900 986 et
927 918 1283 986 doctrinam
1308 918 1679 1002 praet’erunt.

423 1043 485 1105 Α.
516 1038 676 1104 Hinc
700 1042 831 1117 est,
863 1037 1035 1122 quod
1059 1038 1270 1120 ipsum
1295 1036 1586 1114 εἱανιιηι,
1616 1032 1823 1099 nobile
1839 1081 1864 1113 ,
1894 1033 2177 1117 insiqne,
2207 1050 2282 1098 ac
2310 1033 2672 1116 genuinum
2697 1032 3168 1102 Bonaventurae
3204 1054 3406 1122 opus,
3445 1058 3527 1106 ex

342 1176 457 1224 ore
480 1161 697 1222 tamen
724 1156 872 1238 eJus
896 1159 1236 1239 exceptum
1252 1202 1270 1233 ,
1303 1157 1368 1219 et
1406 1155 1797 1235 reportatum
1823 1199 1841 1230 ,
1874 1151 2170 1216 adserant
2189 1183 2230 1230 ,·
2256 1153 2322 1215 et
2356 1153 2668 1216 testentur
2697 1151 3026 1234 totuplicia
3065 1159 3484 1223 monumenta
3501 1204 3523 1237 ,

343 1276 541 1341 etiam
566 1273 1003 1341 vetustissima
1023 1319 1043 1352 ,
1071 1275 1165 1337 tot
1188 1268 1700 1336 nomenclatores
1716 1315 1735 1346 ,
1765 1271 1860 1333 tot
1884 1266 2191 1333 editiones
2204 1316 2226 1348 ‚
2257 1271 2353 1333 tot
2379 1269 2798 1353 manuscripti
2824 1268 3066 1335 codices
3082 1319 3104 1351 ‚
3133 1274 3208 1337 ut
3232 1271 3422 1350 nobis
3446 1273 3526 1340 de

342 1410 424 1458 eo
450 1393 547 1458 ras
572 1410 707 1458 non
733 1391 817 1456 sit
840 1389 1152 1469 dubitare,
1181 1390 1622 1469 miremurque
1650 1384 1808 1449 illud
1833 1404 1873 1449 a
1897 1384 2264 1449 novissimis
2289 1384 2654 1450 Editor-ibus
2678 1388 2819 1469 post
2845 1384 3167 1452 Oudinum
3193 1388 3270 1453 ad
3298 1407 3529 1474 suppo-
3558 1469 3569 1480 .

344 1508 543 1575 sititia
564 1509 762 1575 fuisse
784 1508 1182 1590 ablegatum,
1211 1506 1295 1571 ob
1320 1502 1644 1572 arabicam
1679 1501 1751 1565 in
1777 1501 1959 1567 editis
1985 1519 2213 1567 vocem
2241 1502 2653 1584 trifurcatur,
2682 1504 2747 1567 et
2786 1501 2870 1566 ob
2901 1503 3209 1569 mendum
3241 1480 3323 1569 in·
3354 1524 3525 1572 anno

346 1632 545 1708 127⁴,
572 1627 712 1693 loco
736 1626 1111 1705 anaim-13,
1140 1642 1288 1708 quae
1313 1625 1531 1687 tamen
1555 1618 1675 1683 soli
1718 1618 1879 1683 vitio
1922 1617 2374 1698 librariorum,
2426 1636 2502 1682 ac
2535 1619 3094 1702 typographorum
3137 1621 3315 1687 facile
3363 1626 3526 1691 verti

341 1748 642 1827 possunt.
672 1743 866 1810 Multa
901 1742 1082 1808 enim
1119 1741 1445 1806 hahentur
1473 1735 1952 1802 mendosissime
1996 1735 2229 1819 scripta
2262 1738 2329 1800 et
2367 1733 2673 1818 impressa
2692 1783 2716 1815 ,
2753 1754 2885 1801 non
2930 1737 3192 1821 quidem
3213 1788 3233 1821 ,
3276 1743 3353 1805 ut
3377 1758 3528 1807 cum

342 1860 677 1945 Alphonso
701 1878 742 1924 a
766 1858 980 1924 Castro
1019 1857 1382 1940 loquamur,
1422 1878 1455 1916 c
1484 1873 1568 1920 ex
1593 1854 1783 1937 culpa
1819 1851 2144 1929 Auctoris,
2174 1851 2286 1916 sed
2315 1870 2399 1917 ex
2440 1853 2595 1920 vitio
2625 1853 3022 1938 Scriptorum
3040 1906 3060 1938 ,
3088 1861 3153 1922 et
3179 1859 3529 1943 Impresso-

342 1997 527 2057 rum,
555 1977 667 2061 qui
690 1994 858 2059 saepe
884 1972 981 2055 ea,
1017 1992 1166 2058 quae
1198 1973 1530 2038 verissime
1555 1970 1789 2054 scripta
1816 1972 1988 2049 sunt,
2016 1968 2502 2036 mendosissime
2526 1975 2917 2040 transferunt
2942 1977 2988 2040 ⁹.
3005 1996 3035 2036 n
3056 1977 3334 2059 Accedit,
3358 1979 3531 2062 quod

344 2093 723 2164 Additiones
749 2091 842 2156 ad
861 2091 1273 2170 Luminaria,
1300 2090 1373 2154 in
1397 2090 1632 2173 quibus
1657 2090 1993 2173 praefatum
2018 2088 2328 2154 mendum
2354 2089 2728 2171 ostenditur,
2759 2092 3194 2160 desiderentur
3219 2094 3289 2159 in
3314 2095 3534 2179 pleris-

343 2231 481 2297 que
511 2211 840 2277 codicibus
875 2208 1332 2292 manuscriptis
1352 2255 1372 2288 ,
1403 2207 1704 2291 quodque
1730 2206 1930 2271 verbo
1958 2206 2348 2289 trifurcatur
2376 2207 2698 2290 persimile
2730 2208 2811 2274 sit
2834 2211 3108 2277 verbum
3138 2212 3530 2294 bifar-eatur,

344 2348 484 2414 quo
499 2378 527 2411 ,
556 2332 635 2393 ut
678 2331 856 2393 notat
899 2326 974 2393 P.
1021 2325 1350 2406 Sbaralea,
1381 2342 1542 2392 usus
1569 2326 1665 2389 est
1702 2323 1806 2392 vel
1830 2322 2189 2389 Alexander
2228 2322 2477 2390 Alensis
2491 2372 2513 2404 ,
2563 2324 2670 2392 vel
2712 2324 2904 2409 Hugo
2958 2325 3246 2395 Carensis
3283 2329 3536 2397 Ordinis

346 2445 860 2512 Praedieatorum
886 2451 932 2506 ⁸.

435 2569 497 2628 5.
533 2562 719 2642 Quod
742 2562 799 2627 si
833 2561 1253 2628 nihilominus
1279 2559 1542 2644 objicias
1564 2607 1584 2638 ‚
1612 2559 1987 2625 minoritam
2014 2558 2276 2643 quidem
2303 2559 2500 2624 fuisse
2533 2561 2731 2643 huius
2755 2561 2968 2645 operis
2993 2566 3321 2630 auctorem
3339 2613 3359 2645 ,
3405 2584 3539 2633 non

347 2686 576 2746 tamen
600 2680 1117 2746 Bonaventuram
1145 2677 1403 2743 Parisiis
1424 2653 1819 2757 morantem,
1853 2678 1965 2743 sed
1997 2675 2383 2742 Rhenanam
2409 2678 2757 2761 quemdam
2773 2725 2790 2755 ‚
2821 2679 3057 2745 scilicet
3085 2679 3357 2765 alicujus
3382 2701 3535 2749 con·

348 2802 591 2864 ventus
633 2796 804 2880 apud
834 2796 1146 2883 ,Rhenum
1183 2793 1459 2859 incolam
1473 2842 1493 2872 ‚
1541 2799 1875 2879 propterea
1914 2795 2087 2879 quod
2121 2794 2486 2879 expendens
2522 2792 2679 2858 illud
2712 2793 2997 2861 Matthaei
3009 2842 3031 2875 ,
3057 2815 3107 2861 x
3127 2844 3148 2875 ,
3197 2800 3237 2863 8
3270 2817 3286 2861 ε
3322 2797 3539 2865 Gratis

345 2915 721 2999 accepistis,
746 2920 949 2998 qratis
976 2912 1145 2993 date,
1168 2912 1567 2996 subjungat:
1600 2935 1631 2974 α
1654 2912 1863 2991 Quare
1887 2931 2022 2978 non
2040 2902 2295 2993 'vendis
2326 2931 2366 2977 o
2390 2910 2524 2991 sol,
2551 2911 2762 2977 lucem
2788 2916 3016 2978 tuam?
3058 2912 3264 2978 Gratis
3290 2917 3533 2999 accepi,

346 3032 562 3114 gratis
587 3033 1010 3096 communico.
1046 3029 1252 3107 Quare
1276 3048 1411 3096 non
1435 3029 1685 3110 vendis,
1713 3029 1954 3109 Rhene,
1973 3047 2209 3112 aquam
2237 3033 2443 3093 tuam?
2471 3028 2675 3093 Gratis
2697 3029 2935 3112 accepi,
2965 3030 3174 3113 gratis
3197 3031 3395 3098 fundo
3413 3031 3436 3069 ⁸
3462 3054 3527 3098 :n

348 3146 742 3231 respondeo,
770 3146 934 3212 nihil
968 3145 1229 3227 obesse;
1260 3147 1412 3231 quia
1456 3144 1908 3216 Bonaventura
1934 3144 2197 3213 Parisiis
2224 3144 2464 3228 degens
2510 3146 2790 3228 potuerit
2821 3145 3030 3213 dicere
3061 3168 3079 3213 ε
3115 3170 3146 3211 α
3171 3147 3378 3227 Quare
3403 3167 3539 3216 non

350 3264 609 3344 vendis,
640 3264 879 3344 Rhene,
907 3283 1140 3349 aquam
1156 3269 1334 3330 tuam
1355 3267 1388 3328 Ἰ
1407 3286 1437 3326 n
1463 3263 1725 3331 Rhenus
1752 3263 1928 3329 enim
1951 3263 2211 3347 quidem
2240 3266 2335 3328 est
2364 3261 2720 3329 Germaniae
2745 3264 2986 3330 fluvius
3010 3269 3153 3350 post
3175 3266 3538 3335 Danubium

351 3381 715 3461 maximus,
744 3382 855 3446 sed
879 3382 1181 3465 antiquus
1220 3380 1473 3461 Gallias,
1504 3400 1579 3446 ac
1605 3380 1962 3446 Germaniae
1988 3398 2028 3444 a
2054 3378 2338 3445 fontibus
2368 3380 2451 3447 ad
2486 3380 2648 3446 ostia
2686 3381 3023 3447 terminus.
3071 3381 3160 3447 De
3198 3383 3338 3466 ipso
3380 3401 3539 3468 ergo

350 3503 667 3581 tanquam
694 3498 960 3581 antiquo
989 3498 1205 3564 Galliae
1229 3497 1503 3563 termino
1549 3499 1713 3564 hene
1756 3497 1965 3581 potuit
1989 3495 2444 3563 Bonaventura
2484 3497 2652 3562 inter
2698 3496 2906 3562 Gallos
2955 3498 3239 3564 existens
3281 3499 3487 3567 dicere
3517 3524 3534 3566 ι

363 3638 397 3675 ι
424 3615 637 3693 Quare
661 3633 795 3681 non
824 3614 1069 3696 vendiS,
1103 3615 1343 3696 Rhene,
1369 3633 1603 3698 aquam
1632 3617 1813 3680 tuam
1831 3618 1863 3680 ⁴?
1885 3637 1915 3677 n
1947 3615 2127 3682 Addo
2151 3616 2322 3699 quod
2349 3616 2404 3679 si
2430 3617 2652 3680 auctor
2674 3614 2899 3681 fuisset
2926 3614 3299 3698 Germanus,
3329 3615 3541 3702 potius

349 3750 725 3798 sermonem
759 3734 1050 3800 vertisset
1075 3734 1155 3798 ad
1182 3733 1582 3812 Danubium,
1610 3732 1791 3798 velut
1816 3732 2114 3798 omnium
2141 3733 2496 3799 Germaniae
2521 3733 2871 3800 fluviorum
2896 3734 3279 3800 maximum.

437 3853 498 3913 6.
532 3848 603 3914 Si
629 3848 864 3914 dixeris
888 3849 1217 3916 modesfiae
1234 3899 1251 3930 ‚
1284 3869 1359 3915 ac
1383 3851 1738 3934 prudentiae
1778 3851 2061 3918 Doctoris
2088 3852 2416 3937 Seraphici
2455 3870 2819 3937 repugnare
2841 3899 2861 3932 ,
2897 3852 3070 3936 quod
3098 3853 3376 3921 habetur
3401 3874 3540 3922 ser-

347 3984 550 4033 mone
572 3984 757 4031 xxn:
795 3989 828 4028 α
848 3965 1035 4032 Modo
1074 3966 1388 4050 principes
1410 3970 1562 4032 sunt
1587 3967 1739 4033 socii
1765 3968 2016 4048 furum,
2046 3973 2115 4035 et
2149 3969 2492 4035 consiliarii
2537 3970 2607 4034 in
2634 3987 2903 4035 munere
2952 3969 3292 4037 consulunt
3319 3994 3338 4052 ;
3369 3992 3399 4032 n
3434 3990 3537 4038 re·

350 4084 684 4168 posuerim
712 4102 839 4167 ego
861 4131 878 4163 ‚
910 4085 976 4151 id
1001 4102 1139 4149 esse
1165 4086 1578 4168 desumptum
1603 4103 1688 4149 ex
1715 4084 1912 4165 Isaia,
1945 4087 2059 4169 qui
2089 4087 2182 4152 ait
2214 4110 2229 4154 ε
2264 4087 2597 4173 Principes
2626 4088 2726 4153 tui
2748 4087 3032 4168 infideles
3054 4135 3071 4166 ‚
3099 4089 3259 4154 socii
3280 4090 3538 4172 furum,

354 4220 580 4267 muner
603 4201 881 4287 diliqunt
903 4222 1181 4269 munera
1202 4251 1223 4283 ,
1251 4211 1608 4288 sequuntur
1632 4203 2077 4269 retributiones
2098 4204 2145 4269 ⁸.
2177 4204 2359 4282 Quod
2403 4208 2619 4270 autem
2635 4253 2653 4283 ‚
2687 4223 2881 4271 serm.
2914 4225 2981 4286 V,
3014 4210 3204 4270 antea
3239 4205 3488 4272 dixerat
3517 4229 3534 4273 x

361 4343 395 4380 ι
428 4318 733 4403 Princeps
758 4339 889 4386 non
913 4321 1098 4387 debet
1122 4320 1466 4386 utilitatem
1490 4338 1677 4387 suam
1704 4339 1995 4405 quaerere
2013 4370 2035 4402 ‚
2064 4321 2179 4387 sed
2204 4320 2676 4405 respublica...
2705 4322 2877 4388 unde
2907 4321 3096 4389 hodie
3122 4341 3368 4405 magna
3390 4323 3541 4390 abo-

352 4435 629 4501 minatio
651 4439 841 4502 estin
863 4437 994 4518 his,
1026 4437 1141 4520 qui
1166 4439 1454 4520 praesunt
1482 4455 1501 4501 ι
1528 4458 1561 4498 υ
1597 4437 1881 4503 dandum
1926 4440 2023 4503 est
2047 4437 2485 4521 depravationi
2511 4438 2839 4523 temporis,
2865 4458 2995 4523 quo
3021 4445 3283 4506 sanctus
3310 4439 3538 4510 Doctor

352 4551 498 4616 haec
525 4551 926 4636 loquebatur.

436 4673 494 4735 7.
526 4669 586 4737 N
590 4669 859 4755 nmquid
884 4669 1108 4735 saltem
1133 4669 1217 4736 ab
1243 4669 1533 4753 eiusdem
1558 4670 2030 4738 Bonaventurae
2058 4670 2378 4753 gravitate
2422 4672 2707 4738 alienum
2729 4722 2746 4752 ‚
2795 4672 2967 4756 quod
3010 4672 3316 4739 Sermone
3355 4673 3537 4756 vige-

348 4788 521 4858 simo„
538 4788 732 4853 tertio
758 4806 836 4853 ac
860 4787 1085 4854 ultimo
1133 4788 1211 4854 de
1252 4789 1438 4854 beato
1482 4788 1817 4856 Francisco
1856 4790 2309 4873 pronuntiatur
2341 4810 2357 4857 ε
2393 4812 2426 4852 α
2472 4789 2849 4856 Franciscus
2892 4789 3119 4855 habuit
3157 4789 3536 4873 sapientiam

347 4906 556 4971 asini?
578 4927 612 4967 s
646 4905 773 4972 Sed
800 4905 925 4970 hoc
949 4906 1472 4990 perpendendum
1496 4925 1630 4974 non
1655 4912 1962 4992 tanquam
1989 4926 2030 4972 a
2056 4907 2304 4992 reliquo
2334 4909 2520 4972 textu
2547 4904 2849 4971 avulsum
2866 4953 2884 4986 ,
2917 4904 3029 4970 sed
3055 4906 3159 4985 iis,
3204 4924 3353 4990 quae
3381 4924 3536 4972 con-

341 5021 523 5088 tinuo
548 5022 948 5102 subduntur,
973 5026 1409 5107 conjunctum,
1440 5024 1736 5107 quodque
1764 5025 1850 5090 ita
1877 5028 2255 5110 spectatum,
2289 5025 2613 5091 laudatam
2640 5024 3111 5090 Bonaventurae
3143 5024 3536 5105 gravitatem

340 5138 600 5205 minime
624 5138 912 5205 dedecet.
958 5137 1068 5205 Sic
1091 5140 1265 5210 enim
1291 5141 1451 5206 asini
1478 5142 1792 5225 sapientia
1817 5142 1910 5209 ibi
1935 5142 2281 5228 exponitur
2296 5189 2320 5223 ,
2350 5145 2416 5210 et
2443 5161 2595 5211 vere
2622 5141 2980 5223 obedienti,
3030 5143 3220 5226 atque
3247 5145 3530 5209 contem-

396 5368 417 5403 ¹
438 5369 632 5420 rm.
668 5369 733 5418 a·
757 5366 904 5418 Psal.
934 5376 1120 5417 v11.—
1150 5368 1174 5403 ¹
1206 5367 1317 5418 Lib.
1359 5335 1471 5432 ιιι,7
1496 5368 1613 5420 adv.
1642 5368 1851 5435 Hares„
1878 5371 2041 5423 verbo
2076 5371 2390 5438 Baptismus,
2423 5371 2479 5423 in
2502 5372 2604 5424 fine
2633 5370 2816 5425 haeres.
2850 5382 2926 5424 lx.
2954 5393 3017 5407 —-
3048 5370 3073 5407 ⁸
3099 5370 3158 5422 ιη
3185 5370 3370 5421 psalm.
3405 5381 3455 5434 v,
3485 5371 3532 5420 ⁵.

330 5438 524 5494 rosera
550 5443 611 5494 in
650 5437 904 5493 psalmos
932 5437 1202 5490 Aiexandri
1232 5440 1296 5492 de
1329 5439 1449 5492 Ales
1495 5438 1678 5498 citatur
1710 5455 1743 5492 a
1779 5442 1950 5495 nauh.
1980 5442 2167 5498 Pisano
2207 5445 2268 5500 0.
2306 5445 2378 5499 ιι.
2420 5444 2474 5498 in
2511 5446 2681 5511 opere
2707 5442 2770 5495 de
2802 5443 2919 5497 Vita
2944 5444 2994 5495 ee
3020 5439 3229 5497 Mb.
3262 5442 3322 5494 B.
3348 5442 3421 5494 u.
3458 5440 3536 5501 ν..

325 5511 407 5564 lib.
431 5515 475 5581 1,
496 5513 667 5567 fruct.
706 5522 785 5576 11,
815 5522 939 5575 pag.
971 5507 1081 5560 152.
1110 5533 1170 5568 ψ-
1196 5510 1215 5540 ⁸
1241 5511 1406 5565 Serm.
1436 5521 1494 5563 11.
1525 5537 1587 5551 —
1613 5511 1636 5550 ⁸
1660 5511 1784 5577 1³0„
1815 5525 1855 5579 1,
1884 5517 1962 5568 23.
