4196 6294
1793 386 2048 454 CAPUT
2090 387 2169 452 II.

385 533 624 602 didici.
649 537 668 572 ¹
697 555 729 593 ιι
757 530 897 612 Ego
923 526 1015 592 fui
1042 525 1214 590 filius
1247 523 1444 607 patris
1472 524 1619 603 mei,
1650 523 1921 589 tenellus

383 646 448 708 et
475 640 847 722 unigenitus
880 653 1094 701 coram
1132 635 1336 697 matre
1363 650 1537 713 mea,
1569 636 1634 698 et
1659 633 1923 698 docebat

383 768 509 814 me.
539 771 569 808 n
592 747 672 812 Et
690 752 749 809 ²:
772 744 966 823 Visio‚
996 760 1125 826 qua
1151 740 1426 805 erudivit
1448 758 1599 804 eum
1632 749 1857 805 mater.
1880 763 1911 801 ι»

382 857 558 923 Hanc
583 871 745 935 ergo
772 850 1146 935 sapientiam
1166 847 1570 912 considerans
1595 866 1663 912 se
1681 848 1920 912 habere

378 967 447 1030 in
473 980 694 1028 rerum
729 959 1118 1044 naturalium
1154 956 1683 1037 investigatione,
1715 956 1868 1039 quia
1899 958 1921 993 ³

389 1097 420 1135 ιι
447 1070 795 1155 disputavit
821 1087 861 1132 a
886 1066 1071 1131 cedro
1098 1064 1326 1129 Libani
1353 1082 1561 1145 usque
1588 1065 1667 1128 ad
1693 1064 1915 1147 hysso-

375 1202 564 1267 pum;
593 1204 623 1241 n
648 1180 854 1246 voluit
871 1195 938 1241 se
955 1174 1293 1240 transferre
1319 1172 1401 1237 ad
1418 1173 1711 1251 moralia;
1744 1174 1917 1239 unde

376 1291 563 1357 dicit:
609 1287 898 1368 Dedique
951 1298 1057 1350 cor
1103 1298 1345 1360 meum,
1383 1285 1457 1347 ut
1489 1282 1715 1346 scirem
1752 1296 1912 1362 pru-

378 1398 702 1474 dentiam,
735 1393 1049 1477 quantum
1078 1389 1160 1454 ad
1196 1387 1510 1467 facienda,
1543 1392 1730 1469 atque
1776 1385 1917 1453 doc·

375 1508 650 1584 trinam,
708 1503 1021 1585 quantum
1077 1497 1159 1562 ad
1209 1495 1651 1577 cognoscenda
1664 1518 1680 1573 ;
1740 1511 1913 1563 erro·

372 1627 621 1695 resque,
668 1612 890 1674 contra
924 1604 1372 1689 prudentiam3
1417 1608 1476 1671 et
1520 1604 1911 1682 stultitiam,

372 1724 590 1786 contra
633 1715 986 1781 doctrinam
1002 1760 1020 1790 ‚
1064 1712 1217 1795 quia
1260 1729 1392 1775 non
1434 1713 1630 1777 scitur
1672 1710 1913 1793 aliquid

370 1828 644 1913 perfecte
658 1876 676 1906 ,
724 1825 849 1889 nisi
878 1825 1302 1904 cognoscatur
1340 1824 1479 1900 eJ‘us
1515 1821 1906 1904 oppositum3

369 1941 434 2002 et
470 1936 613 2000 haec
641 1933 798 1999 utile
824 1935 919 1998 est
956 1934 1145 2009 scire,
1177 1929 1432 2013 quando
1470 1930 1659 1994 modo
1700 1930 1910 1995 debito

365 2045 799 2127 inquiruntur,
833 2041 1004 2106 unde
1023 2045 1083 2103 *ε
1115 2061 1146 2100 <1
1175 2035 1869 2121 Accipite-disciplinam
1886 2089 1904 2118 ‚

365 2156 429 2217 et
467 2170 597 2215 non
628 2150 1006 2234 pecuniam;
1044 2147 1397 2213 doctrinam
1429 2146 1678 2227 magis,
1712 2164 1904 2229 quam

362 2278 599 2326 aurum
626 2259 863 2340 eligite.
895 2279 925 2316 υ

443 2373 544 2433 17.
589 2369 672 2433 Et
707 2365 965 2449 aqnovi.
1007 2361 1320 2445 Tangitur
1356 2362 1462 2426 hic
1514 2363 1901 2445 secundum,

359 2477 594 2542 scilicet
630 2476 700 2540 in
740 2475 941 2556 hujus
981 2471 1479 2537 consideratione
1494 2520 1515 2551 ,
1556 2472 1904 2555 spiritualis

359 2583 713 2649 afflictionis
741 2580 1060 2660 inventio,
1092 2580 1247 2663 quia
1272 2583 1512 2662 quanto
1540 2581 1736 2645 bomo
1766 2599 1902 2645 me-

355 2691 484 2759 lius
520 2691 807 2779 agnoscit
834 2691 1000 2753 bona
1035 2693 1100 2753 et
1135 2688 1333 2767 mala,
1363 2692 1539 2754 tanto
1568 2690 1777 2771 magis
1804 2691 1897 2753 af-

356 2800 633 2881 fligitur,
665 2797 920 2881 quando
961 2802 1162 2876 errat,
1202 2801 1459 2880 propter
1493 2797 1665 2879 quod
1701 2798 1893 2863 dicit:

355 2908 442 2975 Et
471 2909 728 2990 aqnovi,
751 2905 925 2990 quod
946 2907 1022 2971 in
1048 2905 1154 2972 his
1179 2921 1425 2989 quoque
1450 2910 1613 2972 esset
1638 2904 1810 2972 labor
1838 2910 1898 2973 et

355 3015 630 3096 afflictio
658 3015 949 3097 spiritus,
970 3014 1092 3078 hoc
1113 3013 1292 3077 estin
1312 3031 1534 3078 rerum
1560 3013 1891 3079 inutilium

354 3124 745 3207 cognitione:
781 3123 977 3202 labor,
998 3122 1231 3187 scilicet
1246 3121 1325 3187 ad
1353 3121 1812 3204 acquirendum
1833 3129 1888 3190 ⁸:

360 3257 392 3296 α
416 3234 903 3312 Existimabam,
935 3236 1009 3298 ut
1036 3249 1485 3313 cognoscerem
1510 3231 1633 3296 hoc
1650 3280 1668 3311 ,
1713 3232 1892 3296 labor

349 3346 616 3408 estante
644 3359 779 3421 me;
813 3365 843 3403 ι)
880 3343 1156 3424 afflictio
1179 3342 1474 3421 spiritua
1506 3345 1646 3422 post
1671 3342 1889 3424 acqui-

348 3452 674 3529 sitionem,
703 3450 805 3514 vel
846 3453 1106 3534 propter
1141 3449 1346 3530 culpae
1378 3449 1881 3532 detestationem,

350 3556 453 3622 vel
474 3558 628 3640 quia
651 3562 745 3623 est
764 3559 1006 3623 occasio
1028 3557 1347 3640 superbiae
1369 3563 1430 3621 et
1446 3558 1882 3640 impatientiae,

349 3665 654 3745 quoniam
684 3666 944 3730 scientia
978 3666 1177 3730 inflat.
1210 3664 1472 3748 Utrique
1502 3667 1883 3749 expositioni

348 3772 682 3836 concordat
708 3772 915 3837 littera
934 3791 1227 3856 sequenS,
1248 3791 1399 3838 cum
1415 3773 1627 3839 subdit
1645 3777 1730 3853 (v,
1748 3778 1847 3854 18)
1862 3793 1881 3840 ε

345 3882 438 3947 Εο
478 3881 650 3963 quod
690 3883 766 3948 in
800 3884 1002 3950 multa
1040 3885 1369 3967 sapientia
1407 3885 1613 3952 multa
1650 3887 1740 3951 sit
1772 3887 1877 3951 in-

342 3988 670 4072 dignatio,
701 3990 805 4055 vel
831 3992 1321 4057 contristationis
1354 3997 1573 4057 contra
1598 3994 1875 4076 culpam,

343 4097 445 4163 vel
489 4097 903 4180 impatientiae
949 4117 1035 4163 ex
1074 4099 1406 4180 superbia,
1453 4101 1607 4184 quia
1653 4103 1878 4184 magni

339 4203 665 4285 homines,
696 4223 845 4269 cum
876 4223 1006 4269 non
1036 4206 1271 4271 habent
1296 4208 1470 4289 quod
1495 4209 1751 4290 volunt,
1783 4212 1875 4275 fa-

337 4310 565 4391 cillime
590 4312 1036 4394 indignantur.
1053 4312 1233 4378 Unde
1261 4314 1492 4378 dicitur
1510 4316 1680 4398 apud
1697 4317 1809 4384 Job
1826 4320 1871 4399 ⁶,

334 4421 507 4503 quod
541 4420 707 4485 Elim
749 4425 884 4486 erat
911 4421 1336 4504 indignatus,
1368 4427 1431 4486 et
1469 4422 1591 4486 hoc
1628 4424 1779 4504 quia
1807 4444 1875 4490 se

331 4528 684 4611 sapientem
710 4531 1044 4611 reputabat
1076 4551 1091 4594 t
1123 4534 1186 4593 et
1213 4529 1353 4593 ideo
1381 4530 1709 4611 sequitur:
1748 4532 1874 4607 Qui

330 4634 524 4703 addit
575 4637 950 4718 scientiam,
1004 4636 1198 4704 addit
1252 4641 1312 4703 et
1357 4636 1665 4708 dolorem,
1720 4641 1873 4721 quia

327 4743 519 4809 homo
572 4745 909 4828 impatiens
962 4747 1200 4812 multos
1254 4747 1521 4811 sustinet
1581 4747 1866 4829 dolores;

327 4852 479 4935 quia
517 4871 710 4919 nemo
744 4859 868 4935 est,
908 4856 1011 4920 cui
1054 4858 1282 4918 cimcta
1325 4854 1405 4918 ad
1448 4857 1670 4919 votum
1716 4873 1864 4920 eve-

3458 409 3572 472 597

2031 524 2138 589 his
2168 529 2324 590 esset
2358 530 2582 607 passio
2608 533 2868 611 mentis,
2912 538 2975 597 et
3001 533 3145 600 ideo
3171 541 3338 603 recte
3365 543 3461 604 est
3484 541 3572 607 ihi

2029 631 2212 696 labor
2239 635 2303 697 et
2326 633 2581 700 afflictio
2618 637 2897 720 spiritus.
2936 640 3109 707 Unde
3136 642 3327 727 Hugo
3354 666 3371 710 t
3403 669 3436 707 α
3457 646 3572 713 Cu-

2030 738 2279 804 riositas
2322 742 2401 804 ad
2448 741 2922 825 inquisitionem
2967 768 3122 815 eum
3170 751 3563 838 impellebat,

2028 847 2328 928 superbia
2353 848 2432 912 ad
2469 853 2982 935 ostentationem3
3023 863 3086 923 et
3112 860 3255 926 ideo
3289 863 3568 944 dignum

2027 958 2193 1034 erat,
2225 959 2298 1018 ut
2328 955 2623 1021 timidum
2651 958 2829 1024 labor
2863 971 3209 1048 premeret,
3253 972 3319 1033 et
3352 970 3563 1037 curio-

2027 1080 2173 1125 sum
2201 1064 2526 1145 occupatio
2555 1065 2911 1150 dissiparet.
2940 1093 2971 1131 n
3005 1076 3214 1139 Potest
3238 1077 3435 1142 etiam
3461 1079 3562 1146 in-

2025 1170 2231 1252 telligi
2265 1171 2343 1234 de
2372 1170 2713 1237 afflictione
2740 1177 3162 1260 contritioniS,
3191 1184 3342 1265 quia
3367 1186 3563 1252 etiam

2024 1278 2138 1342 ubi
2183 1278 2388 1343 multa
2431 1280 2770 1362 sapientia,
2820 1285 3025 1350 multa
3072 1293 3167 1353 est
3208 1291 3563 1375 indignatio

2025 1389 2247 1450 contra
2272 1390 2628 1469 peccatum.
2657 1387 2904 1457 Glossa:
2937 1415 2968 1454 α
2989 1393 3236 1470 Quanto
3256 1399 3404 1480 quis
3430 1420 3563 1467 ma-

2021 1494 2126 1575 gis
2140 1494 2513 1576 sapientiam
2544 1498 2926 1580 assequitur,
2957 1505 3133 1566 tanto
3158 1504 3368 1586 magis
3392 1507 3563 1573 vitiis

2021 1601 2348 1685 subjacere
2386 1603 2781 1686 indignatur.
2814 1629 2845 1666 n
2895 1606 3253 1675 Bernardus
3291 1634 3307 1677 ε
3360 1637 3392 1674 α
3422 1614 3559 1679 Dis·
3657 1624 3663 1632 ’

2021 1709 2142 1773 cite
2168 1711 2492 1793 sapientiae
2532 1714 2900 1796 superbiam
2919 1765 2935 1796 ,
2970 1718 3202 1783 scilicet
3239 1720 3562 1804 indignari

2018 1817 2190 1883 vitiis
2207 1867 2225 1898 ,
2276 1824 2338 1884 et
2388 1826 2789 1888 contemnere
2832 1826 3225 1908 temporalia.
3256 1849 3288 1887 n
3343 1828 3423 1895 Et
3459 1833 3482 1869 ‘¹
3538 1851 3558 1897 ε

2020 1949 2051 1987 <1
2084 1925 2429 2011 Postquam
2457 1931 2780 1996 ostendisti
2809 1933 2997 2010 mihi,
3030 1936 3312 2015 percussi
3349 1938 3559 2005 femur

2017 2052 2258 2099 meum.
2294 2058 2325 2095 n
2361 2037 2455 2104 Et
2498 2040 2616 2120 qai
2646 2038 2841 2107 addit
2872 2043 3240 2120 scientiam,
3273 2045 3467 2115 addit
3502 2054 3561 2116 et
3660 2084 3665 2088 ·

2013 2140 2312 2223 dolorem,
2345 2144 2580 2209 scilicet
2605 2148 3015 2229 poenitentiae.
3037 2150 3060 2185 ⁸
3078 2172 3110 2211 α
3132 2150 3314 2216 Nunc
3335 2154 3557 2219 oculus

2013 2266 2198 2313 meus
2239 2250 2410 2316 videt
2442 2255 2503 2316 te
2534 2275 2549 2316 :
2598 2252 2830 2319 idcirco
2872 2274 2977 2321 me
3022 2257 3451 2341 reprehendo,
3491 2267 3555 2326 et

2011 2374 2140 2438 ago
2174 2355 2610 2441 paenitentiam
2634 2359 2704 2425 in
2730 2363 2946 2430 favilla
2970 2368 3037 2430 et
3059 2367 3291 2432 cinere.
3326 2389 3357 2429 υ

2528 2603 2865 2674 CAPUT
2933 2606 3029 2675 11.

2086 2798 2147 2856 1.
2177 2793 2350 2858 Dia-i
2384 2809 2492 2876 eqo
2541 2795 2617 2860 in
2663 2794 2848 2862 corde
2887 2812 3041 2865 meo.
3091 2796 3407 2881 Tangitur
3444 2803 3550 2868 hic

2004 2899 2265 2964 tertium
2285 2949 2302 2978 ‚
2340 2900 2572 2965 scilicet
2596 2906 2855 2986 propter
2886 2905 3402 2974 considerationis
3429 2915 3544 2976 tae-

2001 3006 2213 3087 dium,
2278 3009 2606 3073 conversio
2660 3009 2741 3074 ad
2802 3011 3280 3079 delectationem
3328 3034 3345 3080 2
3392 3019 3547 3101 quia

2000 3115 2270 3179 enimin
2296 3116 2748 3184 considerando
2787 3123 2924 3186 erat
2960 3120 3141 3188 labor
3164 3128 3228 3188 et
3253 3125 3532 3212 afflictio,

1999 3223 2141 3287 ideo
2166 3225 2473 3306 cogitavit
2496 3227 2620 3290 hoc
2645 3226 3010 3312 relinquere
3027 3280 3045 3311 ,
3078 3235 3141 3296 et
3168 3240 3540 3303 convertere

1997 3350 2063 3395 se
2090 3331 2171 3395 ad
2197 3332 2474 3411 deliciaS,
2507 3335 2579 3398 in
2604 3335 2839 3417 quibus
2858 3341 2952 3402 est
2965 3338 3325 3420 delectatio;
3356 3361 3541 3427 prop-

1995 3444 2095 3504 ter
2121 3440 2293 3524 quod
2323 3441 2554 3507 dicitur
2582 3465 2598 3507 :
2631 3445 2802 3511 Disci
2832 3461 2942 3528 eqo
2970 3449 3044 3513 in
3068 3447 3252 3515 corde
3280 3467 3439 3530 meo,
3471 3454 3535 3520 id

1994 3552 2108 3627 est,
2144 3549 2210 3610 in
2236 3548 2402 3612 hanc
2424 3549 2988 3617 considerationem
3027 3556 3255 3621 deveni
3279 3565 3536 3643 propter

1991 3657 2390 3738 spiritualem
2456 3658 2526 3722 in
2592 3643 3043 3726 considerando
3100 3664 3528 3733 afflictionem.

1993 3765 2169 3830 Unde
2196 3768 2467 3831 verbum
2482 3771 2664 3833 estet
2699 3770 3115 3836 consideratio
3134 3792 3266 3838 non
3292 3776 3534 3859 sapien-

1989 3874 2120 3954 tiae,
2151 3875 2259 3939 sed
2286 3876 2541 3956 acediae,
2558 3895 2704 3959 quae
2731 3896 2865 3943 non
2902 3879 3236 3946 inveniens
3248 3884 3529 3966 quietem

1986 3982 2286 4063 interiuS,
2328 3985 2562 4066 quaerit
2584 3986 2887 4052 exterius.
2909 3990 3077 4055 Dixi
3113 3990 3355 4071 igitur:
3398 3992 3526 4059 Va-

1986 4092 2162 4171 dam,
2185 4097 2244 4158 ει
2270 4093 2545 4174 affluam
2574 4092 2851 4175 deliciis,
2877 4100 2933 4162 et
2953 4098 3143 4177 fruar
3171 4097 3369 4167 bonis·
3411 4101 3530 4168 Va-

1985 4198 2159 4280 dam,
2192 4219 2233 4264 a
2258 4201 2424 4265 bono
2446 4201 2679 4266 scilicet
2705 4203 3074 4269 recedendo.
3101 4204 3308 4272 Homo
3325 4208 3527 4275 factus

1984 4312 2079 4373 est
2105 4313 2128 4349 ⁹
2165 4331 2197 4370 α
2215 4308 2478 4391 spiritus
2521 4310 2759 4375 vadens
2788 4313 2853 4375 et
2876 4330 3005 4376 non
3031 4313 3307 4379 rediens.
3336 4338 3369 4376 n
3404 4320 3521 4399 ΑΙ-

1983 4417 2187 4497 fluam
2224 4414 2509 4498 deliciis,
2558 4423 2874 4500 quantum
2924 4420 3006 4485 ad
3050 4421 3520 4490 multitudinem

1982 4523 2381 4605 deliciarum,
2415 4526 2652 4591 scilicet
2677 4528 3036 4594 carnalibus
3080 4534 3300 4596 contra
3341 4533 3522 4616 spiri-

1981 4631 2183 4694 tuales
2209 4630 2253 4671 ¹⁰
2284 4652 2355 4696 :a
2379 4631 2584 4708 Quam
2612 4634 2880 4716 pulchra
2924 4654 3013 4715 es,
3056 4641 3121 4702 et
3162 4656 3359 4722 quam
3404 4642 3516 4707 de-

1980 4756 2148 4819 cora,
2179 4738 2549 4805 charissima
2567 4740 2635 4804 in
2662 4741 2936 4808 deliciis!
2968 4766 2999 4804 n
3035 4744 3134 4809 Ab
3160 4746 3242 4810 iis
3261 4751 3519 4817 recessit

1978 4847 2057 4912 ad
2085 4848 2369 4912 carnales
2397 4849 2437 4887 ¹²
2470 4871 2486 4913 ε
2527 4848 2819 4917 «vocavit
2845 4851 3151 4919 Dominus
3175 4856 3257 4921 ad
3288 4858 3513 4924 fletum

325 4957 549 5023 niant:
607 4963 674 5024 et
721 4959 874 5025 huic
927 4960 1308 5044 expositioni
1364 4962 1701 5026 concordat
1745 4962 1867 5028 alia
1975 4960 2038 5021 et
2063 4954 2413 5039 planctum,
2443 4978 2473 5016 n
2507 4959 2663 5037 etc.;
2719 4963 2784 5023 et
2826 4966 2970 5043 post
3015 4984 3031 5027 ε
3089 4985 3120 5025 α
3150 4964 3309 5031 Ecce
3354 4985 3514 5049 gau-

326 5065 649 5134 translatio
695 5066 1105 5152 Hieronymi:
1151 5070 1404 5153 Aquom·
1442 5071 1750 5152 quoniam
1791 5072 1867 5138 in
1974 5064 2157 5128 dium
2183 5067 2245 5128 et
2269 5063 2489 5129 laetitia
2514 5065 2824 5148 jugulare
2850 5068 3160 5136 arietes-1>
3194 5074 3279 5141 Et
3319 5076 3511 5155 fruar

392 5264 403 5290 ¹
432 5261 598 5327 prov„
628 5275 703 5332 iv,
731 5266 778 5315 3.
802 5291 866 5305 -
891 5266 915 5302 ¹
940 5267 1109 5327 Pron„
1137 5278 1284 5331 xxxi,
1315 5273 1362 5319 1.
1385 5294 1445 5306 -
1471 5267 1495 5303 ⁸
1524 5269 1587 5318 ΙΙΙ
1618 5269 1758 5334 Req„
1786 5280 1861 5334 xv,

1973 5173 2179 5252 bonis,
2211 5176 2528 5255 quantum
2549 5174 2630 5238 ad
2655 5174 2937 5257 quietem
2966 5199 2982 5241 ε
3015 5197 3092 5244 eo
3141 5182 3314 5249 enim
3345 5183 3505 5249 frui-

324 5334 405 5383 33.
426 5359 491 5372 -
518 5336 541 5371 ⁸
564 5338 727 5402 Pron„
759 5352 877 5401 vm,
907 5343 984 5391 1ο.
1014 5366 1075 5380 -
1100 5340 1124 5376 ⁸
1146 5340 1283 5391 Psal.
1310 5353 1475 5404 Lxxn,
1506 5344 1584 5393 16.
1612 5370 1675 5380 -
1702 5343 1724 5377 ⁶
1747 5341 1861 5405 Iob,
1970 5334 1993 5370 ⁹
2024 5335 2156 5386 Psal.
2187 5346 2390 5399 uxvn,
2418 5337 2497 5387 39.
2523 5361 2581 5375 -
2615 5336 2655 5372 ¹⁰
2681 5335 2848 5404 Cant„
2881 5351 2974 5405 vn,
3000 5341 3046 5393 6.
3069 5369 3132 5381 —·
3162 5345 3195 5382 ¹²
3222 5348 3346 5415 Ira„
3373 5359 3504 5413 ηπ,

322 5416 500 5470 xxxu,
526 5409 574 5458 2.
604 5434 666 5449 —
696 5412 713 5442 ⁷
737 5412 941 5478 Jerem„
970 5423 1124 5476 xm,
1157 5415 1232 5464 19.
1261 5439 1326 5451 -
1362 5415 1381 5445 ·
1403 5413 1527 5476 lob,
1553 5425 1690 5480 mi,
1719 5416 1768 5464 6.
1794 5437 1859 5453 ·-

1975 5412 2049 5477 12,
2088 5412 2165 5458 13.
