4196 6294
483 2835 635 2879 Domi-

443 2909 546 2944 nu..

695 428 814 489 334

691 556 1010 632 spicaciam
1061 551 1564 625 intellectualem3
1620 553 1884 612 secundo
1914 596 1933 626 ,
1989 555 2235 628 propter

689 650 1117 727 perspicaciam
1159 646 1551 721 rationalem3
1579 646 1749 704 tertio
1770 689 1788 718 ,
1822 650 2069 721 propter
2093 661 2231 721 per-

690 744 1010 820 spicaciam
1036 742 1388 802 sensualem.
1424 740 1833 800 Intellectualis
1865 740 2235 816 perspicacia

667 831 670 836 ’
689 844 780 898 est
797 838 1175 914 superiorum
1192 834 1670 910 contemplativa,
1689 838 1746 892 et
1761 833 1901 893 ideo
1923 850 2233 909 compara·

690 937 784 993 tur
800 933 1024 1008 templo
1043 929 1412 991 sacerdotali.
1429 929 1751 987 Rationalis
1767 928 2136 1004 perspicacia
2149 932 2235 988 est

689 1027 1038 1086 inferiorum
1059 1024 1306 1098 regitiva
1319 1065 1339 1096 ,
1361 1027 1418 1081 et
1439 1024 1579 1082 ideo
1608 1027 1986 1098 eomparatur
2014 1024 2231 1081 throno

692 1121 900 1194 regali.
956 1119 1249 1179 Sensualis
1306 1116 1671 1194 perspicacia
1729 1121 1815 1174 est
1877 1117 2235 1175 exteriorum

693 1214 1153 1290 apprehensiva,
1194 1214 1251 1271 et
1292 1211 1430 1270 ideo
1476 1214 1855 1286 comparatur
1892 1211 2233 1285 spectaculo

687 1306 969 1383 generali.
1014 1310 1094 1365 De
1138 1307 1335 1382 primo
1380 1305 1638 1364 dicitur-¹
1673 1323 1689 1361 ε
1732 1322 1762 1359 α
1799 1305 2144 1363 Benedictus
2173 1321 2235 1361 es

687 1403 750 1461 in
778 1402 1000 1477 templo
1045 1406 1250 1460 sancto
1298 1400 1502 1473 gloriae
1543 1403 1677 1460 tuae.
1717 1419 1748 1454 >³
1779 1403 1899 1458 Hoc
1941 1400 2234 1474 templum

686 1497 1064 1571 spiritualiter
1084 1495 1448 1553 intellectum
1472 1498 1556 1553 est
1574 1493 1981 1552 intellectualis
2008 1494 2234 1568 perspi-

686 1594 853 1653 cacia
896 1592 1271 1668 superiorum
1319 1589 1795 1664 contemplativa.
1844 1593 1922 1647 De
1967 1588 2232 1648 secundo

683 1686 983 1763 siquidem
1027 1685 1304 1744 subditur
1340 1683 1568 1743 ibidem
1601 1681 1626 1714 ²
1657 1701 1673 1740 ε
1710 1703 1739 1737 α
1780 1683 2127 1743 Benedictus
2171 1699 2235 1741 es

688 1782 753 1839 in
799 1781 1015 1839 throno
1059 1779 1231 1852 regni
1273 1778 1382 1837 tui.
1429 1799 1460 1833 n
1490 1781 1596 1837 iste
1639 1777 1885 1835 thronus
1929 1778 2233 1836 moraliter

690 1874 1021 1933 intellectus
1049 1877 1136 1932 est
1158 1871 1463 1931 rationalis
1487 1872 1851 1947 perspicacia
1883 1871 2231 1930 interiorum

687 1968 958 2042 regitiva.
988 1970 1067 2025 De
1093 1967 1264 2025 tertio
1291 1965 1565 2025 scribitur
1599 1967 1822 2024 eisdem
1860 1965 2017 2025 libro
2044 1970 2104 2024 et
2128 1981 2229 2024 ca·

684 2063 878 2137 pitulo
904 2064 928 2100 ⁸
959 2079 975 2119 :
1003 2082 1032 2117 α
1049 2061 1392 2120 Benedictus
1419 2077 1500 2132 es,
1517 2061 1622 2134 qui
1643 2059 1885 2119 intueris
1910 2060 2225 2132 abyssos.»

688 2159 794 2215 iste
823 2157 1065 2215 intuitus
1106 2161 1193 2214 est
1229 2155 1518 2213 sensualis
1559 2158 1829 2229 aspectus
1869 2153 2229 2213 exteriorum

682 2250 1056 2310 sensibilium
1075 2248 1603 2309 innumerabilium
1627 2247 2111 2322 apprehensivuS.

1147 2407 1434 2465 Articulus
1474 2405 1752 2464 secundus.

751 2534 1091 2595 Secundam
1118 2532 1521 2593 conditionem
1548 2531 1850 2606 supponit,
1878 2545 2015 2589 cum
2048 2529 2221 2587 dicit:

682 2633 905 2687 Domine
917 2648 936 2702 ς
963 2628 1027 2686 in
1046 2644 1167 2703 qua
1180 2626 1461 2702 supponit
1478 2627 1676 2701 ipsum
1694 2624 2033 2696 Dominum,
2059 2627 2119 2682 et
2144 2623 2227 2681 sic

685 2723 1046 2798 largifluum.
1076 2722 1294 2780 Dicitur
1338 2721 1499 2780 enim
1528 2719 1843 2792 Dominus,
1875 2718 2046 2794 quasi
2087 2718 2227 2775 dans

684 2835 897 2876 munus.
934 2820 1002 2876 Et
1037 2819 1215 2888 nota,
1244 2815 1411 2891 quod
1450 2813 1663 2873 dicitur
1698 2812 1981 2871 Dominus
2014 2810 2224 2886 praeci-

683 2929 801 2988 pue
848 2914 1091 2987 propter
1129 2910 1342 2984 triplex
1387 2924 1605 2967 munus
1615 2949 1636 2978 ,
1660 2907 1938 2966 videlicet
1980 2909 2227 2980 propter

683 3011 849 3064 terrae
893 3004 1251 3064 fertilitatem
1266 3045 1286 3076 ,
1332 3003 1484 3061 aeris
1528 3002 1848 3060 claritatem
1874 3043 1894 3072 ,
1941 2997 2225 3073 temporis

681 3098 1184 3175 tranquillitatem.
1209 3097 1471 3156 Primum
1493 3110 1712 3155 munus
1738 3094 1913 3153 datur
1940 3092 2224 3151 divinitus

678 3198 924 3269 propter
968 3195 1236 3251 nostram
1288 3190 1810 3262 sustentationem3
1857 3188 2181 3246 secundum
2201 3229 2220 3259 ,

678 3291 926 3362 propter
969 3286 1304 3358 actionem;
1349 3285 1585 3342 tertium
1604 3326 1627 3357 ,
1668 3286 1912 3357 propter
1956 3284 2222 3340 contem-

675 3381 1024 3456 plationem.
1077 3383 1156 3438 De
1201 3380 1397 3453 primo
1447 3378 1661 3437 dicitur
1686 3376 1708 3410 ⁸
1755 3395 1770 3434 :
1824 3396 1853 3430 α
1898 3376 2010 3447 Qui
2046 3379 2257 3469 vocat¹

677 3491 868 3550 aquas
893 3472 1076 3532 maris
1086 3514 1106 3544 ,
1131 3477 1189 3531 et
1214 3471 1465 3530 effundit
1502 3487 1603 3529 eas
1643 3485 1824 3545 super
1859 3469 2075 3529 faciem
2104 3473 2220 3528 ter-

675 3585 786 3641 roe,
814 3569 1097 3627 Dominus
1122 3581 1343 3625 nomen
1365 3566 1522 3639 ejus3
1548 3586 1576 3620 n
1613 3565 1784 3640 quasi
1808 3564 1966 3622 dicat
1992 3582 2008 3620 ε
2044 3582 2075 3617 «
2107 3562 2219 3633 Qui

671 3665 850 3721 vocat
886 3678 1072 3736 aquas
1107 3658 1289 3719 maris
1329 3680 1357 3715 »
1404 3675 1512 3733 per
1551 3675 1847 3733 vaporum
1893 3657 2219 3716 exhalatio·

670 3773 846 3827 nem,
879 3775 910 3809 ι
935 3758 992 3813 et
1037 3752 1288 3812 effundit
1331 3769 1431 3811 eas
1474 3768 1651 3828 super
1690 3751 1903 3810 faeiem
1945 3755 2112 3809 terrae
2133 3793 2153 3823 ‚
2182 3772 2213 3808 n

670 3865 778 3924 per
804 3849 1073 3923 ipsorum
1098 3847 1524 3906 resolutionem
1544 3889 1564 3918 ,
1606 3865 1636 3901 α
1662 3846 1944 3904 Dominus
1989 3861 2216 3903 nomen

670 3944 829 4017 ejus,
855 3964 884 3995 »
918 3944 1160 4016 propter
1184 3944 1353 3999 terrae
1388 3940 1853 3999 foecunditatem.
1883 3941 1962 3998 De
2001 3955 2215 3998 secun·

670 4037 753 4094 do
782 4038 848 4092 ⁵:
885 4057 914 4089 ιι
942 4038 1071 4093 Haec
1110 4035 1253 4093 dicit
1290 4034 1573 4093 Dominus
1584 4077 1605 4107 ,
1635 4034 1739 4109 qui
1787 4033 1889 4092 dat
1913 4033 2111 4093 Solem
2152 4034 2216 4091 in

668 4130 895 4189 lumine
924 4129 1076 4200 diei,
1106 4128 1380 4187 ordinem
1406 4131 1579 4186 Lunoe
1611 4131 1669 4186 et
1691 4126 1995 4186 stellarum
2019 4126 2083 4184 in
2112 4127 2213 4184 lu-

669 4224 829 4282 mine
854 4222 1063 4282 noctis.
1089 4242 1120 4278 n
1157 4227 1234 4280 De
1263 4223 1430 4281 tertio
1459 4225 1481 4259 ⁶
1512 4240 1528 4281 z
1565 4240 1595 4276 α
1620 4224 1685 4280 ln
1728 4222 1865 4279 loco
1908 4221 2019 4280 isto
2048 4220 2213 4281 dabo

670 4334 880 4395 pacem
893 4361 913 4392 ,
945 4318 1088 4377 dicit
1113 4319 1395 4378 Dominus
1421 4318 1807 4377 exercituum.
1837 4338 1866 4373 »ι

1173 4477 1460 4535 Ατίίαιῑω
1495 4479 1712 4535 tertius·

736 4602 986 4661 Tertiam
1032 4601 1434 4661 conditionem
1478 4601 1794 4677 supponit,
1843 4617 1981 4660 cum
2023 4601 2206 4661 dicit:

664 4701 802 4757 Doce
837 4713 919 4755 me
936 4715 957 4766 3
1002 4696 1109 4754 ubi
1135 4697 1419 4771 supponit
1457 4712 1597 4754 eum
1637 4712 1761 4754 esse
1796 4695 2124 4768 doctorem,
2150 4702 2212 4756 et

663 4791 747 4849 sie
772 4790 1108 4849 lucifluum.
1147 4792 1216 4848 Et
1250 4792 1421 4861 nota,
1472 4789 1638 4863 quod
1668 4790 1876 4848 doctor
1902 4790 2008 4849 iste
2033 4790 2209 4849 docet

662 4884 965 4959 tripliciter
984 4903 998 4944 ε
1022 4884 1242 4957 primo,
1264 4882 1505 4941 interius
1521 4882 1868 4958 inspirando
1879 4904 1898 4956 ;
1917 4884 2207 4957 secundo,

662 4979 915 5037 exterius
937 4977 1271 5050 incitando;
1292 4977 1485 5050 tertio,
1506 4977 1747 5036 inferius
1773 4977 2202 5052 comparando.

661 5074 740 5131 De
768 5073 964 5147 primo
991 5074 1013 5109 ⁷
1056 5090 1072 5130 t
1127 5091 1156 5126 ιι
1201 5071 1479 5145 Spiritum
1511 5076 1683 5131 tuum
1708 5072 1939 5131 bonum
1967 5071 2205 5143 dedisti,

727 5220 745 5255 ¹
775 5219 927 5281 Dan„
967 5231 1060 5286 111,
1097 5222 1182 5273 53.
1217 5245 1281 5258 —
1322 5221 1341 5251 ²
1389 5220 1537 5283 thid„
1570 5222 1653 5272 54.
1680 5246 1743 5259 —
1776 5221 1795 5251 ⁸
1832 5219 1984 5284 thid„
2027 5221 2108 5271 55.
2142 5245 2205 5258 -

659 5293 678 5323 ⁴
707 5292 874 5356 Amos,
911 5303 996 5352 lx,
1032 5295 1082 5343 6.
1116 5319 1172 5332 -
1206 5294 1226 5325 ⁸
1262 5293 1469 5357 Imm„
1503 5305 1629 5343 xxxt
1654 5328 1669 5355 ,
1706 5294 1787 5345 35.
1815 5316 1880 5332 —
1909 5292 1932 5327 ⁶
1956 5292 2110 5357 4179„
2143 5303 2203 5355 11,

662 5367 739 5416 to.
771 5388 827 5401 —
858 5365 875 5393 ⁷
898 5363 942 5413 ll
975 5361 1148 5428 Ἐλκία,
1174 5374 1260 5428 lx,
1286 5367 1367 5417 2⁰.
1396 5388 1459 5405 -·
1483 5364 1508 5400 ⁸
1534 5362 1746 5430 naith„
1770 5375 1842 5430 xv,
1868 5366 1918 5416 2.
1946 5389 2010 5404 -
2039 5365 2058 5396 ⁹
2088 5360 2201 5425 Job,

1736 416 2148 485 EXPOSITIO
2192 415 2273 483 IN
2314 417 2848 488 PSALTERIUM.

2345 555 2448 628 qui
2476 555 2720 615 doceret
2754 573 2859 617 eos
2869 576 2889 630 ς
2920 579 2950 612 ι
2995 573 3130 617 ecce
3160 559 3427 618 doctrina
3464 561 3886 636 inspirationis.

2342 650 2421 706 De
2460 651 2725 710 secundo
2754 654 2777 688 ⁸
2821 670 2836 709 :
2871 671 2901 707 α
2941 653 3185 711 Docebit
3227 670 3338 712 nos
3378 653 3455 712 de
3494 655 3607 712 viis
3640 657 3783 728 suis,
3830 662 3891 714 et

2342 743 2568 802 ibimus
2595 745 2659 802 in
2688 746 2912 804 semitis
2938 748 3082 820 ejus,
3107 767 3137 801 ι)
3169 747 3288 806 viae
3314 749 3607 823 pertinent
3633 749 3714 808 ad
3736 767 3890 825 prae-

2342 841 2538 913 cepta,
2575 841 2795 898 semitas
2833 841 2914 899 ad
2955 841 3222 899 consilia.
3270 844 3348 900 De
3384 843 3557 907 tertio
3583 845 3606 878 ⁹
3643 862 3658 901 :
3708 866 3739 896 ιι
3775 846 3889 915 Qui

2342 931 2517 990 docet
2542 949 2655 1000 nos
2690 949 2870 1008 super
2891 935 3157 1007 jumenta
3194 940 3360 994 terras
3378 978 3394 1004 ‚
3425 942 3483 993 et
3507 953 3687 1012 super
3710 939 3887 996 volu-

2342 1042 2470 1084 cres
2500 1028 2633 1085 coeli
2659 1028 2854 1086 erudit
2872 1045 3017 1100 nos,
3045 1050 3074 1085 ι)
3105 1031 3275 1104 quasi
3305 1029 3562 1089 diceret:
3601 1033 3712 1100 Qui
3736 1032 3887 1090 docet

2340 1136 2437 1179 nos
2479 1138 2587 1194 per
2627 1124 3136 1198 comparationem
3167 1124 3248 1181 ad
3277 1125 3547 1197 jumenta
3571 1125 3885 1197 terrestria,

2342 1214 2548 1272 docebit
2595 1233 2691 1274 nos
2729 1233 2838 1292 per
2874 1218 3377 1292 comparationem
3413 1218 3494 1275 ad
3533 1217 3666 1276 coeii
3709 1218 3888 1276 vola-

2340 1309 2487 1368 tilia.
2518 1311 2681 1368 Unde
2707 1311 2984 1370 scribitur
3010 1311 3225 1370 eodem
3243 1312 3400 1370 libro
3431 1311 3504 1369 ¹⁰:
3535 1331 3563 1365 α
3588 1313 3889 1385 Interroga

2335 1402 2642 1476 jumenta,
2684 1410 2742 1462 et
2776 1404 3078 1463 docebunt
3110 1409 3197 1476 te,
3232 1409 3290 1462 et
3326 1405 3600 1464 volucres
3635 1405 3799 1476 coeli,
3830 1412 3888 1462 et

2339 1496 2689 1556 indicabunt
2716 1498 2844 1556 tibi.
2885 1519 2914 1554 s
2965 1502 3234 1557 Iumenta
3265 1498 3601 1572 significant
3637 1499 3884 1571 activos»,

2340 1589 2483 1663 quia
2519 1590 2721 1650 colunt
2760 1596 3016 1664 terram3
3046 1592 3320 1651 volucres
3357 1592 3691 1665 significant
3733 1607 3882 1651 eon-

2338 1680 2712 1758 templativos
2736 1685 2981 1758 propter
3004 1683 3295 1743 volatum.

2834 1841 3113 1898 Articulus
3150 1845 3403 1913 quartus.

2409 1966 2688 2033 Quartam
2731 1965 3136 2025 conditionem
3178 1965 3498 2041 supponit,
3528 1980 3667 2023 cum
3695 1964 3883 2023 dicit:

2336 2059 2759 2129 ‚iustificationes
2810 2066 2956 2118 tuas.
3012 2064 3157 2118 Ecce
3201 2060 3483 2134 supponit
3526 2062 3710 2117 Deum
3756 2075 3884 2117 esse

2329 2151 2779 2224 justificatorem
2811 2156 2868 2212 et
2901 2153 3293 2225 mellifluum,
3321 2153 3466 2227 quia
3488 2153 3709 2213 scilicet
3746 2170 3883 2227 gra-

2335 2245 2432 2302 tioe
2476 2245 2765 2305 beneficia
2818 2250 2955 2305 sunt
3005 2247 3311 2305 dulciflua.
3362 2249 3431 2306 Et
3481 2252 3624 2307 nota
3642 2289 3663 2319 ,
3715 2249 3882 2323 quod

2337 2339 2652 2398 dominicae
2671 2339 3116 2413 iustificationes
3142 2344 3280 2399 sunt
3304 2340 3682 2400 meditabiles
3700 2384 3719 2415 ,
3748 2358 3882 2399 can-

2335 2433 2582 2502 tahiles,
2622 2435 2960 2510 operabiles
2986 2455 3007 2492 ε
3047 2434 3417 2494 meditabiles
3444 2436 3741 2511 siquidem
3773 2452 3883 2510 per

2335 2527 2785 2601 discretionem3
2815 2529 3139 2587 cantabiles
3163 2545 3273 2604 per
3295 2529 3674 2588 devotionem
3694 2549 3714 2602 3
3744 2547 3883 2605 ope·

2333 2621 2556 2682 rabiles
2572 2639 2681 2696 per
2708 2623 3107 2683 dilectionem.
3138 2628 3216 2682 De
3242 2624 3439 2698 primo
3472 2630 3490 2662 ¹
3522 2645 3537 2683 ε
3573 2645 3602 2680 α
3626 2630 3691 2686 ln
3711 2625 3882 2699 ,iusti-

2332 2716 2710 2775 ficationibus
2753 2717 2869 2775 tuis
2907 2718 3262 2777 meditabor.
3303 2740 3331 2774 n
3383 2723 3463 2777 De
3509 2720 3772 2779 secundo
3816 2719 3879 2777 in

2335 2809 2551 2869 eodem
2573 2810 2805 2869 Psalmo
2832 2815 2855 2848 ²
2889 2830 2904 2869 :
2937 2831 2971 2867 α
2997 2813 3330 2871 cantabiles
3354 2813 3503 2871 mihi
3524 2817 3692 2873 erant
3712 2812 3879 2886 justi-

2332 2904 2426 2962 tiae
2452 2909 2567 2963 tuae
2591 2904 2655 2962 in
2688 2905 2822 2962 loco
2859 2905 3347 2979 peregrinationis
3379 2923 3554 2979 meas,
3586 2927 3617 2962 n
3650 2912 3761 2965 etc.
3799 2909 3878 2965 De

2331 2998 2501 3058 tertio
2532 2996 2761 3056 canitur
2796 2999 2859 3056 in
2897 3000 3115 3058 eodem
3140 3000 3372 3059 Psalmo
3400 3002 3445 3037 ¹³
3477 3020 3496 3058 ε
3532 3020 3562 3055 α
3595 3001 3878 3060 inclinavi

2333 3113 2437 3157 cor
2488 3112 2693 3158 meum
2742 3097 2823 3156 ad
2882 3097 3185 3158 iaciendas
3241 3097 3689 3173 justificationes
3746 3102 3877 3159 tuas

2330 3196 2575 3267 propter
2598 3191 3069 3251 retributionem.
3096 3212 3126 3249 ν

2976 3353 3232 3419 Epilogus.

2399 3475 2547 3533 Dicit
2572 3489 2713 3547 ergo
2740 3474 3033 3550 Propheta
3062 3474 3127 3533 in
3161 3473 3603 3550 poenitentium,
3629 3479 3873 3551 propter

2329 3585 2597 3629 amorem
2614 3569 2849 3642 justitias
2866 3610 2883 3637 ‚
2912 3568 3334 3643 suspirantium
3370 3584 3630 3643 persona
3659 3587 3676 3629 ε
3703 3571 3870 3628 Bene-

2328 3663 2508 3721 dictus
2546 3679 2636 3735 es,
2669 3663 3063 3737 supponendo
3101 3665 3287 3722 Deum
3321 3678 3447 3721 esse
3481 3661 3869 3736 laudifluum,

2328 3761 2617 3832 quantum
2658 3757 2739 3815 ad
2779 3755 2944 3815 bona
2983 3757 3304 3831 naturalia3
3348 3759 3603 3827 Domine,
3647 3772 3868 3831 suppo-

2325 3852 2528 3910 nendo
2548 3856 2733 3910 Deum
2759 3867 2885 3909 esse
2906 3851 3268 3924 largifluum,
3299 3855 3589 3926 quantum
3610 3851 3688 3911 ad
3706 3851 3870 3910 bona

2324 3945 2717 4021 temporalia3
2760 3948 2898 4003 Doce
2934 3962 3045 4011 me,
3084 3945 3480 4020 supponendo
3520 3949 3703 4004 Deum
3741 3962 3867 4004 esse

2324 4038 2636 4097 lucifluum
2656 4082 2673 4106 ,
2733 4042 3023 4113 quantum
3079 4039 3159 4097 ad
3202 4038 3363 4096 bona
3410 4038 3827 4098 intellectualia
3844 4059 3862 4112 ;

2322 4135 2744 4205 ‚iustificationes
2806 4136 2965 4203 tuas,
3029 4131 3428 4207 supponendo
3495 4136 3679 4190 Deum
3739 4149 3865 4190 esse

2322 4225 2684 4298 melinum,
2712 4230 3000 4299 quantum
3027 4225 3108 4283 ad
3137 4225 3303 4284 bona
3325 4225 3619 4286 virtualia.

2853 4444 3179 4491 vanstcums
3217 4416 3344 4490 xm.

2391 4606 2459 4661 In
2492 4603 2656 4660 labiis
2688 4605 2820 4659 meis
2842 4605 3220 4675 pronuntiavi,
3258 4605 3369 4661 etc.
3406 4603 3470 4660 ln
3502 4601 3861 4677 praecedenti

2321 4696 2698 4771 quaternario
2733 4695 2842 4752 fuit
2871 4695 3175 4770 proposita
3216 4695 3596 4755 beatitudinis
3629 4696 3731 4754 via
3774 4712 3862 4754 re·

2320 4790 2755 4865 gredientibuS,
2792 4805 2899 4847 seu
2933 4790 3379 4862 poenitentibuS,
3410 4804 3515 4864 per
3543 4805 3861 4864 compunc-

2317 4886 2541 4943 tionem
2574 4882 3023 4957 suspirantibus,
3062 4886 3126 4942 1n
3169 4884 3441 4958 praesenti
3478 4884 3857 4959 quaternario

2318 4978 2530 5037 eadem
2563 4978 2918 5052 proponitur
2969 4978 3439 5051 regredientssms
3459 5018 3481 5050 ‚
3523 4994 3630 5035 seu
3676 4976 3859 5052 poeni·

2316 5071 2574 5131 tentibus
2607 5086 2715 5145 per
2751 5071 3219 5129 consolationem
3252 5072 3698 5145 respirantibus,
3729 5073 3857 5128 Hoec

2316 5168 2515 5225 autem
2551 5162 2909 5239 consolatio,
2950 5165 3250 5225 mediante
3290 5164 3391 5223 Dei
3419 5165 3605 5224 verbo
3622 5207 3643 5237 ‚
3668 5165 3854 5239 perci·

2316 5301 2475 5352 xxxv,
2512 5292 2589 5342 ss.
2619 5315 2682 5328 —
2723 5291 2758 5322 ¹⁰
2789 5289 2903 5354 Job,
2935 5302 3041 5352 111,
3078 5293 3127 5342 ’1.
3167 5316 3228 5331 -
3267 5293 3306 5328 ¹¹
3338 5290 3483 5344 Psal.
3520 5290 3648 5355 hoc,
3688 5291 3766 5341 ¹6.
3792 5315 3855 5328 —

2319 5361 2357 5398 ¹¹
2386 5361 2537 5427 thid„
2564 5364 2643 5415 54.
2665 5387 2730 5402 —
2762 5362 2803 5398 ¹⁸
2831 5363 2983 5426 thid„
3011 5367 3122 5415 1¹2.
