4196 6294
1317 398 1396 465 IN
1441 396 2010 464 HEXAEMERON.
2050 399 2312 466 SERMO
2354 402 2457 469 vl.
3403 422 3483 485 65

342 540 542 601 natura
564 534 860 617 patiatur,
887 552 1035 618 quae
1056 533 1336 618 corporis
1351 551 1510 599 usus
1526 533 1797 618 requirit
1809 556 1827 612 ;

340 642 715 722 fortitudiniS,
745 661 879 707 non
910 642 1132 707 terreri
1168 641 1450 706 animam
1478 660 1516 705 a
1544 659 1828 725 corpore,

337 748 760 833 quodammodo
803 749 1000 814 ductu
1042 748 1483 832 philosophiae,
1534 750 1832 813 receden-

334 860 460 931 tem,
502 875 612 920 nec
649 856 1050 921 altitudinem
1092 857 1384 940 perfectae
1424 856 1501 919 ad
1552 874 1831 938 superna

332 964 669 1028 ascensionis
711 965 1005 1044 horrere3
1031 965 1296 1047 justitiae
1316 1012 1335 1043 ,
1366 965 1445 1028 ad
1474 982 1670 1028 unam
1699 966 1828 1028 hu-

323 1074 414 1153 jus
431 1072 714 1155 propositi
744 1072 915 1136 viam
946 1072 1298 1136 consentire
1319 1071 1616 1153 uniuscuj
1626 1089 1828 1154 usque

330 1180 549 1242 virtutis
588 1180 989 1263 obsequium.
1023 1202 1056 1241 a
1108 1181 1317 1264 Atque
1354 1180 1443 1244 ita
1485 1181 1558 1243 nt
1581 1228 1598 1256 ,
1628 1184 1701 1243 ut
1727 1200 1826 1244 se-

324 1286 569 1350 cundum
597 1287 723 1352 hoc
755 1291 891 1352 tam
922 1288 1148 1368 rigidae
1193 1286 1587 1352 diffinitionis
1631 1288 1825 1352 abru-

322 1399 509 1475 ptum,
537 1394 646 1458 alii
684 1415 906 1461 rerum
943 1396 1345 1479 publicarum
1372 1399 1647 1458 rectores
1677 1395 1827 1458 boni

319 1504 552 1566 omnino
573 1521 713 1569 esse
738 1523 872 1569 non
900 1505 1165 1587 possint.
1195 1503 1320 1568 Sed
1346 1503 1634 1568 Plotinus
1660 1503 1829 1568 inter

314 1610 708 1694 philosophiae
746 1614 1128 1696 professores
1168 1632 1318 1677 cum
1349 1611 1605 1676 Platone
1646 1612 1822 1694 prin-

313 1736 459 1800 ceps,
486 1721 552 1783 in
578 1721 743 1785 libro
769 1722 860 1785 De
891 1720 1278 1800 Virtutibus,
1307 1720 1551 1802 gradus
1576 1739 1823 1798 earum,

310 1845 443 1892 vera
468 1833 527 1894 et
550 1829 827 1894 naturali
856 1829 1164 1894 divisione
1199 1834 1265 1893 et
1295 1829 1538 1894 ratione
1566 1848 1824 1912 compo·

162 1935 461 2013 msitos,
492 1955 602 2020 per
643 1937 931 2002 ordinem
971 1936 1228 2018 digerit.
1278 1960 1309 1997 α
1358 1937 1663 2017 Quatuor‚
1722 1938 1822 2000 in-

148 2039 284 2132 ,gffi
305 2044 465 2125 quit,
494 2049 644 2109 sunt
681 2049 1145 2127 quaternarum
1180 2062 1419 2124 genera
1459 2045 1775 2109 virtutum
1804 2066 1819 2104 z

305 2169 373 2214 ex
409 2151 505 2214 bis
543 2152 774 2234 primae
815 2152 1091 2235 politicae
1133 2156 1443 2217 vocantur
1465 2201 1483 2231 ,
1528 2152 1822 2218 secundae

302 2261 675 2341 purgatoriae
698 2308 720 2340 ,
777 2262 981 2325 tertiae
1050 2260 1248 2324 animi
1303 2263 1442 2343 jam
1512 2262 1772 2343 purgati
1801 2311 1818 2339 ‚

299 2373 521 2448 quartae
555 2368 979 2451 exemplares.
1012 2368 1090 2433 Et
1117 2372 1270 2433 sunt
1308 2368 1579 2450 politicae
1609 2369 1819 2432 homi-

295 2476 415 2550 nis,
446 2476 598 2557 quia
635 2476 871 2541 sociale
907 2476 1146 2540 animal
1180 2479 1275 2540 est
1304 2497 1318 2540 ε
1358 2475 1462 2538 his
1507 2476 1659 2540 boni
1695 2476 1821 2542 viri

295 2577 659 2663 Reipublicae
703 2584 1088 2664 consulunt,
1141 2584 1335 2648 urbes
1380 2587 1674 2663 tuentur3
1718 2584 1820 2646 his

288 2689 559 2763 parentes
611 2690 1036 2767 venerantur,
1084 2686 1319 2751 liberos
1373 2689 1609 2765 amant,
1667 2704 1817 2767 pro-

282 2790 473 2856 ximos
495 2792 794 2875 diligunt
811 2816 828 2872 ;
861 2794 966 2857 his
1005 2794 1248 2859 civium
1276 2794 1544 2859 salutem
1578 2794 1817 2874 guber-

283 2904 445 2977 nant;
500 2900 610 2963 his
664 2902 874 2965 socios
917 2901 1371 2985 circumspecta
1415 2900 1818 2984 providentia

279 3011 639 3090 protegunt,
666 3010 854 3090 J'usta
876 3008 1249 3073 liberalitate
1280 3009 1634 3073 devincunt
1665 3030 1679 3071 :

367 3228 560 3296 Hisque
586 3229 674 3280 sui
700 3240 962 3280 memores
988 3228 1116 3278 alios
1141 3226 1310 3279 fecere
1336 3227 1585 3279 merendo
1610 3231 1641 3275 ¹.

334 3472 363 3509 ι
385 3448 465 3513 Et
491 3453 593 3514 est
620 3447 861 3530 politici
887 3446 1223 3528 prudentia
1250 3445 1331 3510 ad
1358 3446 1624 3511 rationis
1659 3465 1813 3511 nor-

270 3574 459 3638 mam,
486 3574 651 3642 quae
678 3557 918 3638 cogitat
936 3605 958 3635 ,
992 3573 1419 3638 quascumque
1446 3556 1625 3637 agit,
1657 3557 1809 3620 uni-

268 3682 431 3730 versa
456 3666 756 3747 dirigere
772 3712 793 3743 ,
824 3681 899 3727 ac
926 3663 1088 3726 nihil
1113 3666 1348 3745 praeter
1372 3667 1621 3727 rectum
1647 3663 1812 3729 velle

270 3774 351 3838 vel
387 3775 608 3839 faeere
630 3822 649 3852 ,
692 3768 1129 3852 humanisque
1168 3770 1415 3834 actibus
1437 3819 1454 3849 ‚
1496 3776 1809 3852 tanquam

262 3879 474 3945 divinis
526 3880 846 3958 arbitriiS,
894 3877 1249 3961 providere.
1302 3877 1663 3942 Prudentiae
1706 3878 1805 3942 in-

258 3991 389 4051 sunt
413 3989 617 4065 ratic,
651 3985 1033 4061 intellectus,
1065 3985 1570 4067 circumspectio,
1589 3987 1804 4068 provi-

259 4090 451 4158 dentia
465 4144 487 4175 ,
551 4093 850 4160 docilitas
871 4140 890 4171 ‚
948 4092 1182 4157 cauti0.
1244 4091 1657 4156 Fortitudinis
1712 4095 1809 4157 est

256 4200 537 4267 animum
567 4220 773 4285 supra
796 4201 1057 4285 periculi
1080 4189 1326 4265 metum
1364 4216 1582 4281 agere,
1615 4199 1806 4263 nihil-

259 4323 364 4386 que
388 4310 519 4373 nisi
553 4308 783 4393 turpia
810 4310 1059 4388 timere,
1093 4307 1366 4372 tolerare
1391 4306 1666 4385 fortiter,
1699 4307 1804 4370 vel

254 4430 576 4500 prospera,
601 4416 712 4481 vel
730 4416 1017 4481 adversa.
1048 4414 1379 4481 Fortitudo
1396 4418 1655 4497 praestat
1672 4432 1803 4477 ma-

258 4525 775 4602 gnanimitatem,
798 4524 1240 4601 constantiam,
1270 4521 1597 4600 fiduciam,
1629 4538 1803 4585 secu·

252 4629 517 4708 ritatem,
542 4632 1124 4713 magnificentiam,
1146 4628 1577 4708 tolerantiam,
1603 4628 1801 4691 firmi-

257 4738 636 4804 mammem
645 4739 949 4820 perantiae
970 4742 1066 4802 est
1087 4736 1251 4800 nihil
1274 4740 1569 4819 appetere
1587 4734 1799 4799 dimit-

254 4848 503 4912 tandum
522 4896 542 4927 ‚
588 4848 662 4911 in
684 4846 862 4912 nullo
895 4847 1106 4928 legem
1132 4844 1583 4918 moderationis
1610 4862 1795 4908 exce-

252 4950 401 5036 dere,
431 4957 571 5021 sub
592 4958 770 5038 jugo
791 4955 1056 5019 rationis
1078 4952 1489 5035 cupiditatem
1509 4950 1792 5017 domare.

254 5057 769 5147 ‘temperantiam
795 5062 1084 5144 sequitur
1110 5058 1417 5125 modestia
1436 5108 1450 5135 ,
1483 5077 1796 5123 verecun-

250 5165 357 5250 dia,
394 5170 828 5251 abstinentia,
870 5169 1143 5247 castitas,
1193 5167 1493 5232 honestas
1508 5213 1529 5246 ,
1570 5166 1795 5231 mode-

302 5415 313 5440 ·
341 5411 523 5480 virg„
553 5406 785 5474 Βηεειι,
812 5406 902 5459 nb.
930 5407 1021 5459 vn.

487 5516 655 5565 τω.
696 5517 791 5565 rx.

1946 535 2152 600 rantia
2166 538 2270 602 vel
2281 538 2648 621 moderatio,
2661 542 2952 624 parcitas,
2962 547 3288 629 sobrietas,
3302 553 3484 635 pudi-

1944 643 2112 708 citia.
2159 644 2431 711 Justitiae
2475 651 2569 711 est
2621 668 2877 717 servare
2924 655 3273 741 unicuique
3310 662 3483 742 quod
3511 673 3724 787 qgssfflss‘*

1943 766 2138 815 suum
2157 756 2271 816 est.
2287 752 2366 817 Et
2383 755 2460 819 de
2474 757 2497 836 j
2510 757 2725 821 ustitia
2739 760 2916 824 venit
2933 761 3314 846 innocentia,
3329 769 3483 831 ami-

1943 857 2109 937 citia,
2139 861 2491 939 concordia,
2518 864 2738 944 pietas,
2768 865 3023 949 religio,
3053 871 3338 952 affectuS‚
3361 875 3480 940 hu-

1941 966 2236 1030 manitas,
2269 967 2380 1031 His
2405 970 2754 1036 virtutibus
2773 1020 2788 1051 ,
2816 974 2920 1038 vir
2959 975 3165 1043 bonus
3196 981 3481 1064 primum

1942 1074 2065 1152 sui,
2096 1080 2288 1158 atque
2317 1075 2540 1142 deinde
2558 1080 2924 1161 reipublicae
2952 1088 3157 1149 rector
3184 1088 3477 1171 efficitur,

1934 1179 2108 1257 ,iuste
2133 1200 2206 1244 ac
2230 1183 2493 1264 provide
2524 1187 2892 1265 gubernans
2921 1190 3234 1274 humana,
3267 1195 3482 1263 divina

1939 1304 2069 1350 non
2101 1287 2417 1354 deserens.

2018 1418 2047 1455 υ
2085 1394 2413 1479 Secundae,
2447 1420 2606 1484 quas
2631 1407 3038 1485 purgatorias
3083 1414 3334 1491 vocant,
3367 1413 3479 1477 ho-

1938 1503 2135 1569 minis
2162 1512 2314 1570 sunt
2344 1510 2456 1592 qui
2503 1511 2702 1576 divini
2752 1531 2950 1596 capax
2995 1520 3109 1594 est,
3143 1518 3478 1603 solumque

1938 1611 2231 1675 animum
2274 1618 2415 1697 ejus
2453 1619 2834 1700 expediunt,
2880 1623 2994 1704 qui
3028 1624 3304 1691 decrevit
3343 1646 3411 1691 se
3441 1647 3480 1692 a

1939 1719 2219 1800 corporis
2283 1726 2664 1805 contagione
2721 1746 3035 1809 purgare,
3092 1736 3157 1795 et
3199 1734 3476 1815 quadam

1937 1826 2375 1893 humanorum
2418 1832 2613 1913 fuga,
2652 1835 2801 1898 solis
2847 1837 3163 1903 inhaerere
3215 1841 3472 1905 divinis.

1936 1932 2051 1998 Hae
2091 1942 2241 2001 sunt
2282 1939 2665 2022 otiosorum,
2702 1944 2812 2025 qui
2851 1964 2891 2007 a
2929 1965 3147 2010 rerum
3195 1949 3480 2031 publica-

1933 2059 2083 2105 rum
2139 2044 2383 2110 actibus
2437 2067 2504 2111 se
2560 2055 2974 2131 sequestrant.
3026 2054 3268 2119 Harum
3324 2058 3479 2141 quid

1934 2148 2212 2230 singulae
2239 2153 2468 2231 velint,
2502 2157 2794 2238 superius
2834 2162 3297 2243 expressimuS,
3329 2184 3477 2229 cum

1933 2256 2010 2320 de
2056 2258 2405 2325 virtutibus
2454 2263 3039 2348 philosophantium
3078 2271 3472 2353 diceremuS,

1931 2382 2093 2446 quas
2133 2368 2297 2432 solas
2334 2370 2595 2452 quidem
2638 2374 3119 2442 aestimaverunt
3158 2398 3295 2443 esse
3335 2382 3475 2446 vir-

1897 2501 1904 2513 ·
1931 2476 2123 2538 tuteS.

2009 2605 2040 2643 a
2066 2582 2293 2651 Tertiae
2309 2590 2461 2650 sunt
2479 2590 2740 2670 purgati
2756 2592 2890 2672 J'am
2915 2594 3323 2679 defaecatique
3343 2600 3475 2664 ani-

1927 2690 2054 2769 mi,
2109 2697 2173 2756 et
2221 2694 2303 2757 ab
2362 2696 2539 2759 omni
2596 2697 2797 2780 hujus
2854 2702 3078 2767 mundi
3134 2708 3473 2788 aspergine

1926 2815 2141 2879 presse
2184 2818 2469 2884 pureque
2514 2803 2764 2868 detersi.
2814 2804 2945 2872 lllic
2987 2811 3346 2891 prudentiae
3378 2819 3472 2879 est

1925 2903 2144 2971 divina
2169 2926 2316 2972 non·
2341 2910 2521 2991 quasi
2550 2910 2621 2974 in
2660 2912 2963 2979 electione
2990 2919 3311 3000 praeferre,
3359 2924 3468 2987 sed

1925 3011 2060 3076 sola
2086 3031 2305 3093 nosse,
2337 3021 2400 3079 et
2426 3016 2566 3080 baec
2593 3066 2611 3098 ,
2643 3024 2945 3102 tanquam
2978 3025 3138 3089 nihil
3164 3027 3337 3092 aliud
3364 3029 3465 3107 sit,

1924 3120 2184 3187 intueri.
2251 3122 2713 3208 Temperantiae
2753 3135 2848 3195 est
2892 3135 3173 3200 terrenas
3218 3138 3464 3220 cupidi-

1923 3234 2080 3295 tates
2119 3251 2248 3297 non
2283 3235 2633 3317 reprimere
2654 3284 2671 3314 ,
2716 3240 2825 3302 sed
2860 3243 3107 3322 penitus
3149 3244 3461 3314 oblivisci.

1922 3337 2340 3407 Fortitudinis
2393 3349 2490 3408 est
2556 3347 2880 3428 passiones
2915 3351 3230 3433 ⁴ignorare
3251 3402 3269 3435 ,
3330 3374 3465 3421 non

1919 3448 2111 3512 modo
2156 3450 2441 3532 vincere,
2481 3457 2556 3515 ut
2589 3455 2829 3519 nesciat
2860 3457 3081 3539 irasci,
3124 3463 3462 3546 cupiatque

1917 3556 2102 3622 nihil.
2133 3557 2167 3623 J
2172 3559 2403 3624 ustitiae
2431 3564 2528 3625 est
2552 3561 2641 3625 ita
2669 3581 2818 3627 cum
2847 3584 3125 3648 superna
3150 3574 3215 3633 et
3238 3571 3460 3638 divina

1918 3670 2131 3729 mente
2157 3666 2417 3748 sociari,
2445 3672 2520 3732 ut
2545 3677 2753 3735 servet
2792 3690 2939 3737 cum
2968 3693 3043 3739 ea
3073 3683 3454 3762 perpetuum

1916 3770 2123 3836 foedus
2153 3773 2482 3839 imitando.

1994 3900 2025 3937 ι)
2064 3878 2324 3955 Quartae
2361 3886 2515 3945 sunt
2551 3886 2976 3969 exemplareS,
3017 3908 3163 3973 quae
3203 3894 3270 3958 in
3314 3895 3452 3978 ipsa

1915 3985 2131 4050 divina
2156 3994 2367 4060 mente
2394 3991 2768 4072 consistunt,
2799 4014 2992 4078 quam
3021 3998 3302 4066 diximus
3329 4010 3451 4067 νοῦν

1914 4095 2163 4173 vocari,
2204 4114 2244 4159 a
2283 4116 2560 4179 quarum
2591 4104 2883 4185 exemplo
2928 4106 3191 4190 reliquae
3229 4130 3450 4178 omnes

1911 4220 2027 4285 per
2064 4203 2354 4268 ordinem
2394 4206 2707 4273 defluunt.
2748 4210 2907 4276 Nam
2948 4216 3003 4278 si
3040 4234 3260 4282 rerum
3297 4220 3448 4285 alia-

1910 4328 2092 4389 rum,
2138 4311 2340 4377 multo
2385 4315 2597 4396 magis
2639 4317 2953 4384 virtutum
2997 4323 3155 4388 ideae
3206 4344 3342 4393 esse
3377 4330 3449 4394 in

1911 4422 2125 4483 mente
2160 4419 2377 4485 divina
2411 4423 2778 4491 creduntur.
2822 4428 2953 4495 Illic
2989 4433 3327 4513 prudentia
3352 4444 3446 4502 est

1908 4525 2044 4608 ipsa
2072 4545 2254 4591 mens
2280 4529 2523 4595 divina.
2570 4531 3045 4619 Temperantia,
3078 4543 3247 4623 quod
3277 4544 3343 4608 in
3375 4564 3444 4611 se

1907 4638 2211 4716 perpetua
2236 4635 2585 4703 intentione
2608 4660 2915 4709 conversa
2940 4650 3054 4711 est.
3089 4646 3138 4713 F
3140 4651 3438 4732 ortitud0‚

1906 4741 2077 4822 quod
2105 4760 2356 4824 semper
2382 4744 2553 4810 idem
2581 4753 2708 4828 est,
2731 4769 2845 4816 nec
2873 4751 3211 4835 aliquando
3239 4764 3442 4825 muta-

1904 4853 2031 4912 tur.
2063 4847 2093 4913 J
2100 4850 2316 4914 ustitia
2361 4856 2575 4918 autem
2591 4902 2611 4934 ,
2670 4858 2842 4939 quod
2891 4865 3151 4942 perenni
3204 4866 3347 4949 lege
3401 4887 3441 4933 a

1888 4958 2287 5040 'sempiterna
2344 4962 2556 5043 operis
2614 4964 2715 5027 sui
2775 4968 3248 5039 continuatione
3307 4996 3438 5042 non

1862 5053 1868 5058 ’
1904 5064 2199 5131 flectitur.
2245 5067 2394 5133 Haec
2446 5075 2598 5135 sunt
2652 5078 3107 5155 quaternarum
3162 5087 3438 5165 quatuor

1901 5191 2141 5254 genera
2166 5175 2507 5257 virtutum,
2538 5198 2684 5263 quae
2714 5186 2946 5265 praeter
2971 5190 3200 5252 caetera
3226 5193 3433 5256 maxi-

1904 5299 2074 5346 mam
2128 5284 2196 5348 iu
2259 5287 2657 5367 passionibus
2683 5297 2697 5310 ‘
2713 5290 2949 5357 habent
3012 5294 3435 5364 differentiam

1902 5391 2024 5454 sui.
2057 5412 2088 5451 ι)
2126 5392 2467 5477 Hucusque
2496 5396 2805 5464 PlotinuS.

3158 5518 3196 5576 5
