4196 6294
1289 450 1369 523 m
1409 453 1975 525 semiannos.
2021 440 2282 525 samio
2324 456 2427 525 ιιι.
3371 458 3451 530 sa

274 593 540 677 ligantes
563 593 856 676 primum
888 609 1023 658 esse
1048 608 1258 656 unum
1279 592 1701 675 suppositum,
1733 601 1808 657 ιιι
1916 612 2170 658 summa
2211 594 2292 659 sit
2333 592 2599 661 dilectio.
2646 597 2755 661 Est
2798 601 3013 663 autem
3059 598 3309 663 dilectio
3346 616 3448 663 re·
3504 615 3690 661 moeso

276 700 541 785 gentiles
575 747 597 780 ‚
658 699 874 764 adhuc
923 698 1293 779 intelligunt
1344 698 1764 764 substantiam
1790 748 1807 779 ,

275 814 606 888 virtutem,
637 811 704 872 et
744 807 1219 890 operationem?
1254 823 1413 887 ergo
1455 806 1510 870 si
1547 807 1638 870 ita
1684 811 1810 888 est,

274 938 403 985 non
440 916 760 981 intellecta
810 914 1118 980 Trinitate
1150 961 1169 996 ,
1217 914 1319 980 vel
1372 898 1811 993 emanatione,

277 1029 365 1091 est
421 1023 782 1104 intelligere
836 1022 1345 1105 productionem.
1393 1021 1764 1105 Respondeo
1796 1044 1812 1087 ε

148 1161 256 1204 iam.
280 1134 635 1199 Intellectus
661 1132 900 1214 duplex
929 1136 1023 1197 est
1046 1179 1064 1210 ,
1095 1133 1411 1214 perfectus
1428 1180 1446 1212 ,
1475 1136 1539 1195 et
1564 1132 1815 1214 plenus,

105 1224 243 1340 a
280 1248 337 1309 et
357 1242 549 1326 plene
582 1241 942 1322 resolvens3
971 1245 1036 1306 et
1059 1241 1173 1305 tali
1213 1241 1537 1305 intellectu
1563 1260 1694 1305 non
1725 1246 1820 1307 est

279 1349 656 1430 intelligere.
709 1347 1041 1413 Secundus
1080 1352 1177 1413 est
1235 1349 1625 1431 semiplenus
1661 1368 1679 1428 ;
1732 1350 1821 1413 sic

284 1457 477 1522 intelli
486 1474 643 1538 gere
669 1456 1013 1539 semiplene
1042 1458 1251 1537 potest
1274 1455 1633 1520 intellectus
1656 1475 1823 1521 crea-

283 1571 419 1646 tus,
454 1566 547 1630 sic
572 1564 746 1648 quod
774 1563 1051 1630 resolvat
1076 1564 1145 1628 in
1172 1564 1387 1647 plura,
1418 1582 1563 1647 quae
1592 1566 1660 1629 in
1695 1565 1823 1629 Deo

284 1678 430 1739 sunt
485 1691 737 1750 unum;
792 1672 974 1736 aliter
1027 1689 1180 1736 non.
1231 1670 1388 1736 Item
1434 1672 1620 1736 tertia
1663 1673 1823 1737 ratio

284 1780 520 1862 speculi
551 1785 677 1861 est,
710 1778 864 1861 quia
887 1779 955 1843 in
982 1779 1107 1844 Deo
1133 1782 1229 1843 est
1249 1780 1412 1843 ratio
1432 1780 1824 1862 productivae

283 1888 663 1952 diffusionis,
724 1886 827 1951 Sic
885 1887 1044 1951 illud
1100 1905 1237 1953 esse
1282 1905 1535 1952 summe
1582 1889 1822 1953 bonum

288 2000 415 2075 est3
448 2013 610 2077 ergo
639 2013 893 2059 summe
919 1993 1220 2058 diffundit
1245 2013 1344 2075 se,
1372 1994 1609 2059 scilicet
1629 1993 1826 2078 tripli—

286 2105 460 2184 citer,
492 2104 833 2169 diffusione
874 2103 1332 2182 actualissima,
1375 2104 1823 2185 integerrima,

290 2211 581 2276 ultimate
613 2210 719 2276 vel
755 2209 1266 2288 ultimatissima‚
1297 2210 1453 2291 quia
1478 2211 1826 2276 actualissi-

290 2339 390 2383 ma
432 2337 689 2401 semper
733 2321 859 2396 est,
890 2335 1142 2400 semper
1186 2317 1344 2397 fuit,
1374 2336 1626 2401 semper
1667 2320 1826 2400 erit,

291 2445 539 2510 semper
561 2426 822 2508 genuit,
856 2443 1109 2508 semper
1130 2429 1421 2507 generat,
1447 2445 1700 2509 semper
1725 2447 1832 2509 ge·

290 2535 555 2598 nerabit.
598 2534 729 2599 Hoc
777 2552 910 2598 non
960 2536 1166 2616 potest
1218 2534 1457 2598 habere
1500 2540 1829 2614 creatura,

169 2692 180 2704 .
292 2643 457 2725 quod
488 2659 742 2725 semper
769 2641 884 2721 sit,
913 2657 1166 2722 semper
1199 2641 1433 2721 fuerit,
1474 2645 1539 2705 et
1584 2660 1834 2724 semper

293 2750 509 2814 futura
534 2749 615 2812 sit
644 2771 659 2814 ε
690 2766 846 2829 ergo
867 2766 1123 2812 necesse
1152 2755 1248 2813 est
1276 2752 1351 2813 ut
1376 2753 1627 2813 emanet
1647 2754 1831 2831 aeter-

292 2876 426 2922 nus.
460 2857 629 2920 Item
659 2856 1077 2936 integerrima
1104 2873 1236 2919 non
1275 2861 1371 2921 cst
1390 2848 1537 2920 'haec
1579 2857 1834 2922 diffusio

295 2968 357 3030 in
380 2970 718 3045 creatura;
746 2965 900 3049 quia
925 2964 1092 3030 Deus
1119 2983 1248 3029 non
1277 2966 1384 3030 dat
1411 2970 1619 3030 totum
1649 2966 1831 3029 deco·

294 3091 423 3139 rem
468 3073 857 3158 exemplaris
900 3076 1211 3137 creaturae
1264 3094 1281 3137 ε
1327 3072 1496 3136 unde
1540 3072 1663 3136 hoc
1705 3090 1837 3136 non

295 3182 391 3247 dat
404 3184 538 3248 nisi
565 3181 929 3264 generando
951 3181 1207 3247 Filium.
1231 3179 1408 3245 Unde
1429 3182 1450 3217 ²
1477 3198 1495 3243 ε
1529 3204 1560 3242 α
1585 3179 1832 3259 Omnia,

296 3290 493 3374 inquit
525 3290 749 3369 Filius,
772 3306 919 3371 quae
948 3288 1141 3352 habet
1167 3287 1377 3367 Pater,
1408 3306 1553 3351 mea
1582 3292 1734 3350 sunt
1758 3308 1774 3349 ε
1795 3308 1827 3345 »

295 3396 405 3463 hoc
427 3415 570 3462 non
595 3396 745 3459 dicit
770 3394 987 3478 aliqua
1012 3398 1325 3458 creatura.
1363 3392 1520 3457 Item
1548 3393 1689 3457 haec
1715 3392 1835 3456 dir-

296 3505 449 3571 fusio
471 3507 579 3570 est
593 3504 903 3582 ultimate,
928 3507 1002 3567 ιιι
1019 3502 1125 3566 det
1149 3501 1503 3584 producens
1521 3501 1836 3583 quidquid

297 3609 450 3677 Deus
492 3613 656 3678 dare
682 3615 918 3694 potest;
960 3613 1251 3673 creatura
1296 3611 1516 3672 autem
1559 3607 1839 3689 recipere

134 3742 277 3786 εει-ειη
297 3737 415 3784 ιιοιι
444 3724 664 3804 potest
688 3716 999 3802 quidquid
1033 3716 1199 3780 Deus
1225 3714 1377 3779 dare
1402 3719 1625 3797 potest.
1663 3714 1840 3779 Unde

135 3805 446 3913 „astent
488 3831 777 3912 punctus
821 3825 902 3889 ad
947 3825 1185 3889 lineam
1229 3823 1393 3886 nihil
1437 3823 1657 3901 addit,
1708 3841 1839 3889 non

147 3938 267 4043 gn.
296 3936 474 3999 etiam
516 3934 703 4000 mille
747 3931 951 3996 millia
987 3935 1419 4014 punctorum;
1467 3931 1558 3993 sic
1595 3930 1841 3995 bonitas

161 4058 191 4097 e
208 4061 243 4098 s
295 4049 604 4108 creamrae
626 4041 898 4106 bonitati
921 4039 1236 4103 creatoris
1262 4036 1428 4101 nihil
1454 4035 1658 4116 addit,
1689 4037 1843 4120 quia

157 4129 248 4165 η
294 4150 540 4216 finitum
564 4149 820 4214 infinito
838 4147 1002 4212 nihil
1027 4146 1222 4210 addit.
1243 4143 1419 4226 Ergo
1440 4162 1695 4209 necesse
1719 4150 1835 4224 est,

296 4263 363 4322 ut
400 4261 543 4324 haec
594 4255 851 4321 diffusio
893 4253 1245 4319 secundum
1290 4256 1497 4316 totum
1538 4271 1722 4335 posse
1760 4253 1843 4317 sit

295 4367 365 4431 ab
390 4367 652 4451 alique,
682 4363 855 4446 quod
880 4361 1056 4426 omni
1084 4362 1375 4425 creatura
1412 4361 1621 4441 majus
1665 4361 1838 4441 cogi-

297 4476 404 4538 tari
427 4477 694 4559 potest:
726 4474 789 4534 et
817 4469 1009 4534 etiam
1039 4469 1180 4551 ipsa
1208 4471 1501 4531 creatura
1530 4470 1842 4549 majorem

297 4600 353 4645 se
377 4583 674 4665 cogitare
701 4596 769 4642 se
806 4579 1033 4660 potest.
1065 4575 1189 4640 Sed
1227 4575 1298 4638 in
1325 4573 1486 4638 Filio
1513 4574 1843 4656 productio

302 4695 412 4769 eet,
442 4691 618 4754 sicut
659 4687 732 4750 in
765 4683 950 4749 Patre
994 4687 1114 4748 est.
1165 4681 1234 4746 Si
1280 4699 1439 4763 ergo
1470 4680 1654 4746 Patre
1680 4682 1844 4746 nihil

303 4801 501 4881 maius
552 4794 834 4877 cogitari
878 4796 1133 4876 potest,
1180 4807 1339 4871 ergo
1384 4808 1501 4854 nec
1542 4788 1724 4854 Filio.
1776 4789 1842 4854 Si

306 4902 473 4970 Pater
500 4906 708 4971 etiam
737 4902 1026 4966 ultimata
1067 4900 1409 4966 diffusione
1449 4917 1581 4963 non
1621 4917 1690 4963 se
1722 4899 1841 4963 dif-

306 5012 626 5093 funderet,
658 5010 972 5094 perfectus
996 5026 1127 5073 non
1165 5010 1352 5072 esset.
1380 5004 1620 5084 Quarta
1648 5005 1841 5071 diffu-

306 5118 387 5185 sio
410 5126 505 5186 est
530 5137 655 5205 per
696 5116 1010 5182 rationem
1048 5114 1444 5193 dilectionis3
1489 5114 1845 5179 necessario

309 5230 465 5293 enim
502 5229 800 5312 oportet,
843 5223 1014 5307 quod
1051 5224 1167 5289 ubi
1209 5223 1535 5290 beatitudo
1581 5225 1717 5303 est,
1757 5222 1845 5286 ibi

363 5399 381 5432 ¹
400 5397 563 5461 loen„
594 5406 710 5458 xvi,
747 5394 825 5444 15.
848 5416 905 5431 -·-
934 5391 958 5425 ¹
981 5388 1153 5452 Heba,
1177 5400 1214 5452 1,
1239 5393 1289 5440 3.
1313 5415 1380 5428 -
1402 5389 1426 5424 ⁸
1453 5388 1596 5450 Gen„
1627 5399 1689 5450 ιι,
1717 5389 1765 5435 6.
1785 5412 1847 5424 -

317 5467 464 5534 Hm„
496 5481 587 5532 mr,
621 5471 701 5530 ιο,
728 5470 812 5517 ιι.
843 5489 905 5501 -
932 5465 998 5527 (α)
1030 5462 1298 5514 caedit.
1335 5461 1457 5514 mic.

1918 701 2086 767 flexa
2116 751 2137 781 ,
2187 704 2540 768 connexiva
2561 753 2582 785 ,
2631 705 3028 770 charitativa.
3088 705 3452 773 Connexiva
3479 678 3655 735 ‘'¹¹³¹“

1919 809 2170 874 dilectio
2215 810 2544 892 perfectior
2581 818 2704 893 est,
2735 832 2864 897 qua
2894 812 3164 877 alterum
3211 813 3449 894 dilige,

1920 934 2119 998 quam
2165 917 2442 996 reflexa,
2487 937 2615 1001 qua
2658 940 2762 985 me
2806 921 3030 1002 dilige.
3072 920 3457 985 charitativa

1922 1027 2136 1086 autem
2176 1024 2508 1105 perfectior
2534 1027 2778 1090 caeteris
2804 1030 2929 1105 est,
2960 1043 3109 1108 quae
3140 1026 3334 1089 habet
3359 1024 3455 1088 di·

1922 1130 2158 1194 lectum
2209 1136 2273 1194 et
2323 1131 2744 1198 condilectum
2793 1156 2807 1197 :
2851 1151 3011 1215 ergo
3057 1133 3198 1197 haec
3249 1136 3344 1196 est
3394 1132 3461 1195 in

1925 1238 2180 1303 divinis.
2243 1238 2374 1302 Hac
2430 1258 2588 1321 ergo
2632 1241 2960 1306 dilectione
3014 1241 3202 1306 Pater
3252 1239 3464 1321 diligit

1924 1344 2198 1425 Filium,
2226 1351 2289 1409 et
2316 1352 2410 1409 est
2453 1347 2743 1412 infinitus
2788 1349 2996 1413 ardor.
3044 1349 3200 1413 Item
3242 1352 3337 1413 est
3375 1347 3465 1410 ibi

1926 1453 2178 1518 dilectio
2204 1454 2521 1535 gratuita,
2549 1456 2760 1520 debita
2777 1504 2794 1534 ‚
2824 1458 3158 1539 permixta.
3191 1454 3348 1518 Item
3371 1459 3467 1519 est

1926 1561 2015 1625 ibi
2044 1561 2297 1626 dilectio
2327 1581 2511 1645 pura,
2539 1563 2754 1646 plena,
2782 1566 3075 1647 perfecta,
3098 1568 3171 1627 ut
3198 1562 3467 1626 effluens

1928 1674 1991 1733 ει
2040 1669 2278 1734 effluxa
2332 1672 2400 1734 in
2440 1670 2629 1752 Filio,
2678 1678 2752 1737 ut
2806 1674 3056 1737 refluxa
3105 1671 3171 1735 in
3227 1669 3468 1753 Spiritu

1929 1783 2172 1843 sancto.
2207 1777 2303 1841 Ex
2332 1778 2468 1842 istis
2497 1780 2848 1844 rationibus
2894 1779 3195 1845 omnibus
3222 1780 3296 1842 flt
3334 1797 3472 1861 spe-

1931 1882 2151 1946 culum
2193 1881 2424 1946 nobile.
2476 1882 2584 1946 Est
2638 1890 2853 1949 autem
2913 1884 3085 1948 aliud
3144 1883 3474 1966 speculum

1933 1995 2403 2071 congregatum
2448 2009 2529 2053 ex
2570 1992 2809 2073 parvis,
2860 1991 3040 2056 Unde
3074 1995 3262 2070 nota,
3306 1990 3476 2074 quod

1932 2096 2077 2161 licet
2120 2101 2254 2162 tota
2300 2097 2575 2162 Trinitas
2633 2101 2717 2163 sit
2764 2101 2985 2164 lumen
3035 2099 3471 2181 intelligendi,

1937 2202 2221 2271 Verbum
2260 2211 2478 2270 tamen
2517 2208 2897 2272 naturaliter
2923 2208 3117 2271 habet
3160 2207 3476 2272 rationem

1937 2315 2357 2397 exprimendi.
2389 2315 2610 2379 Omnis
2653 2319 2870 2379 autem
2916 2322 3208 2379 creatura
3248 2314 3494 2378 clamat·
3571 2351 3713 2394 om..

1941 2424 2419 2504 generationem
2449 2428 2790 2503 aeternam,
2822 2426 2886 2487 et
2910 2423 3078 2487 hanc
3105 2424 3554 2517 exprimunt,
3506 2414 3617 2458 ‘⁸²²⁰
3653 2412 3697 2454 ‘¹¹
3687 2425 3719 2452 ¹·

1939 2536 2001 2596 et
2023 2535 2485 2612 repraesentant
2507 2531 2841 2596 duodecim
2870 2531 3338 2612 generationes.
3370 2528 3479 2593 Est
3513 2552 3566 2594 pr
3505 2475 3717 2581 ”¹¹:⁸02-

1941 2640 2114 2702 enim
2163 2640 2413 2723 primus
2460 2640 2692 2704 modus
2737 2658 2851 2722 per
2895 2640 3332 2720 diffusionem,
3386 2659 3481 2704 se·
3508 2606 3718 2709 ‘2311ssss

1942 2747 2186 2812 cundus
2222 2767 2335 2830 per
2365 2749 2871 2830 expressionem,
2903 2749 3130 2813 tertius
3168 2768 3282 2832 per
3329 2767 3475 2831 pro-

1941 2856 2351 2938 pagationem
2387 2876 2405 2920 z
2432 2876 2543 2940 per
2572 2857 3008 2936 diffusionem,
3033 2862 3106 2921 ut
3134 2857 3483 2940 splendoris

1943 2982 1983 3027 a
2010 2966 2185 3042 luce,
2206 2963 2310 3029 vel
2343 2964 2569 3029 caloris
2589 2966 2671 3029 ab
2701 2965 2854 3047 igne
2869 3014 2885 3045 ,
2911 2969 2987 3028 ut
3010 2965 3193 3028 fluvii
3223 2984 3262 3029 a
3290 2964 3480 3043 sonte,

1944 3073 2020 3135 ut
2047 3070 2272 3135 imbris
2303 3090 2343 3135 a
2363 3072 2536 3136 nube
2564 3072 2783 3155 plena,
2814 3073 2950 3138 sive
2985 3074 3219 3138 rorida.
3253 3072 3323 3136 ln
3362 3073 3486 3156 pri-

1946 3197 2052 3243 ma
2065 3179 2404 3244 diffusione
2422 3180 2631 3244 deficit
2644 3180 2999 3263 aequalitas,
3021 3183 3173 3264 quia
3190 3181 3484 3264 splendor

1946 3304 2077 3351 non
2105 3292 2401 3369 aequatur
2427 3287 2578 3352 luci.
2617 3287 2685 3351 ln
2713 3289 2992 3353 secunda
3019 3290 3226 3353 deficit
3252 3290 3484 3354 intimi-

1945 3398 2076 3474 tas,
2100 3394 2252 3477 quia
2280 3397 2452 3460 calor
2478 3413 2609 3460 non
2637 3401 2733 3460 est
2759 3396 3026 3460 intimus
3053 3385 3225 3478 igni,
3253 3397 3387 3462 sive
3415 3400 3488 3461 ut

1947 3502 2317 3566 informanti
2333 3549 2354 3579 ,
2386 3502 2522 3567 sive
2549 3507 2623 3568 ut
2647 3504 2990 3585 originanti
3019 3527 3035 3585 ;
3068 3508 3163 3568 est
3187 3505 3358 3569 enim
3381 3523 3488 3569 ao-

1947 3611 2182 3674 cidens.
2214 3608 2289 3673 In
2330 3610 2517 3674 tertia
2560 3609 2772 3674 deficit
2813 3610 3134 3691 simultas,
3167 3611 3320 3694 quia
3345 3610 3487 3675 fons

1946 3718 2251 3782 diffundit
2278 3736 2347 3781 se
2385 3736 2500 3800 per
2543 3722 2782 3800 parteS,
2815 3737 2944 3784 non
2983 3723 3153 3783 totus
3192 3719 3474 3784 insimul.

1950 3828 2025 3892 In
2062 3831 2291 3911 quarta
2333 3827 2541 3892 deficit
2573 3828 2908 3910 integritas
2926 3878 2942 3908 ‚
2990 3829 3140 3911 quia
3184 3847 3315 3893 non
3358 3832 3492 3893 tota

1949 3935 2173 4017 pluvia
2225 3935 2548 3999 excutitur
2590 3955 2630 3999 a
2668 3936 2878 4014 nube;
2916 3936 3049 4000 imo
3088 3955 3202 4018 per
3246 3940 3486 4018 guttas,

1948 4040 2195 4122 Jungas
2246 4042 2363 4105 has
2411 4047 2689 4124 quatuor
2739 4042 3130 4107 conditiones
3171 4044 3250 4107 ad
3293 4062 3490 4107 unam

1950 4150 2357 4214 diffusionem
2392 4199 2411 4229 ,
2462 4169 2609 4232 quae
2663 4152 2746 4238 sit
2796 4151 3147 4234 splendoris
3198 4151 3493 4216 habentis

1951 4261 2385 4343 aequalitatem
2403 4260 2655 4340 caloriS,
2677 4260 2968 4325 habentis
2993 4261 3401 4326 intimitatem
3431 4265 3496 4326 et

1952 4368 2546 4433 substantialitatem
2575 4368 2772 4432 rivuli
2792 4369 2929 4433 sive
2953 4369 3166 4449 fontiS,
3198 4369 3494 4434 habentis

1952 4477 2342 4541 simultatem
2384 4477 2643 4555 imbris,
2688 4476 2979 4540 habentis
3020 4479 3488 4558 integritatem3

1951 4591 2016 4649 et
2035 4585 2126 4647 sic
2152 4585 2351 4648 habes
2374 4584 2723 4665 vestigium
2745 4583 3175 4664 generationis
3210 4588 3486 4647 aeternae.

1953 4690 2132 4757 Unde
2176 4692 2375 4757 Filius
2436 4692 2777 4776 aliquando
2835 4696 3241 4773 comparatur
3288 4690 3494 4772 splen·

1952 4801 2130 4879 dori,
2160 4801 2404 4866 dicente
2433 4801 2632 4866 Paulo
2657 4808 2680 4841 ²
2709 4822 2724 4864 ε
2765 4823 2795 4860 α
2821 4798 2941 4875 Qui
2980 4817 3127 4863 cum
3171 4799 3255 4861 sit
3280 4796 3489 4880 splen-

1955 4909 2070 4974 dor
2111 4910 2375 4991 gloriae;
2421 4933 2452 4970 ι)
2501 4908 2841 4992 aliquando
2887 4908 3053 4972 rubo
3097 4906 3335 4989 Moysi,
3383 4907 3493 4972 ubi

1954 5019 2073 5082 fuit
2105 5036 2403 5102 expressa
2443 5035 2713 5101 persona
2751 5016 2937 5094 Filii3
2989 5015 3329 5098 aliquando
3365 5017 3494 5082 ssu-

1956 5121 2095 5200 vio,
2130 5119 2236 5186 vel
2261 5121 2447 5201 fonti,
2479 5126 2553 5185 ut
2579 5120 2652 5184 in
2680 5121 2899 5185 Genesi
2922 5119 2945 5154 ⁸
2977 5139 2992 5179 ε
3035 5141 3066 5180 α
3092 5116 3259 5182 Fons
3284 5138 3496 5186 ascen·

1954 5229 2143 5293 debat
2183 5228 2262 5293 de
2304 5232 2507 5308 terra,
2542 5232 2607 5291 ει
2649 5226 2882 5292 fluvius
2927 5225 3375 5307 egrediebatur
3419 5231 3499 5294 de

1955 5330 2173 5411 loco;1›
2199 5330 2539 5413 aliquando
2557 5331 2774 5408 imbri,
2794 5335 2867 5395 ut
2886 5330 2955 5394 in
2976 5332 3160 5398 Isaia
3184 5334 3206 5370 ⁴
3233 5355 3248 5397 ε
3280 5355 3310 5393 α
3334 5332 3501 5410 Quo-

1961 5440 2147 5505 modo
2182 5439 2498 5505 descendit
2547 5439 2752 5503 imber
2787 5440 2863 5503 de
2909 5441 3104 5520 ecclc,
3137 5450 3200 5504 ει
3236 5442 3385 5504 illuc
3420 5443 3495 5522 (a)
