4196 6294
473 3671 645 3741 Myste-

494 3744 611 3775 rium

452 3794 645 3866 Trinita-

667 479 747 539 38

671 613 870 678 randa
912 662 932 695 ,
975 631 1085 678 cor
1119 633 1307 679 suum
1349 615 1662 680 dederunt
1701 615 2061 699 philosophi
2083 664 2103 696 ,
2144 620 2207 680 et

665 720 861 785 etiam
892 721 1023 803 ipse
1053 720 1353 787 Salomon
1372 745 1387 802 ;
1408 718 1548 803 sed,
1580 723 1732 806 quia
1760 724 2006 788 curiose
2034 742 2208 789 scru-

666 828 960 906 tabatur,
1002 829 1144 894 ideo
1193 831 1394 895 dixit¹
1429 851 1447 894 :
1497 855 1528 891 a
1555 831 1789 896 Cuncta
1830 833 2101 897 lustravi
2138 831 2205 896 in

668 935 992 1017 sapientia.
1052 936 1193 1000 Dixi
1250 960 1265 1001 ι
1329 937 1593 1021 Sapiens
1649 940 1851 1003 factus
1902 958 2043 1003 sum
2068 988 2088 1019 ,
2144 945 2206 1003 et

669 1043 803 1125 ipsa
826 1042 1092 1125 longius
1134 1047 1389 1110 recessit
1422 1067 1463 1111 a
1507 1067 1632 1112 me.
1664 1069 1694 1107 n
1730 1047 1968 1113 Dicitur
1992 1052 2206 1112 autem

535 1202 589 1232 u,
670 1169 833 1234 opus
868 1153 978 1217 Dei
1015 1153 1342 1235 tripliciter
1389 1177 1405 1220 t
1467 1157 1677 1238 primo
1734 1156 1924 1221 modo
1978 1156 2207 1221 dicitur

589 1264 626 1293 ¹·
672 1261 963 1340 essentia,
995 1280 1416 1346 quaecumque
1444 1264 1527 1327 sit
1552 1263 1681 1342 illa,
1712 1265 1847 1328 sive
1877 1265 1945 1327 in
1972 1283 2208 1345 genere

672 1368 1074 1451 substantiae,
1116 1370 1252 1435 sive
1288 1372 1654 1450 accidentis;
1700 1374 1977 1437 secundo
2019 1371 2208 1437 modo

670 1476 905 1540 dicitur
930 1496 1031 1542 res
1058 1498 1139 1543 ex
1159 1480 1291 1543 suis
1318 1481 1632 1562 completa
1661 1480 2012 1563 principiiS,
2045 1481 2211 1545 sicut

670 1586 1049 1669 substantia3
1074 1590 1260 1654 tertio
1282 1590 1471 1654 modo
1490 1590 1719 1655 dicitur
1737 1609 1897 1674 opus
1913 1591 2021 1655 Dei
2041 1609 2212 1655 crea-

672 1697 819 1759 tura
846 1696 926 1760 ad
963 1696 1318 1777 imaginem
1344 1698 1453 1763 Dei
1494 1699 1675 1763 facta.
1719 1699 1924 1780 Super
1948 1698 2070 1763 hoc
2104 1698 2212 1761 tri-

669 1802 820 1885 plex
886 1821 1049 1884 opus
1113 1804 1335 1868 effudit
1405 1805 1766 1870 Altissimus
1838 1805 2212 1887 sapientiam

674 1928 881 1974 suam.
924 1909 1090 1974 Deus
1133 1911 1306 1975 enim
1335 1915 1506 1976 creat
1540 1931 1797 1977 omnem
1825 1913 2162 1977 essentiam
2189 1915 2213 1949 ¹¹

681 2039 715 2075 c<
733 2016 801 2080 in
827 2035 1150 2097 mensura,
1171 2037 1442 2083 numero
1463 2023 1524 2084 et
1540 2020 1839 2103 pondere.
1859 2041 1891 2079 υ
1914 2019 1994 2084 Et
2008 2020 2213 2084 dando

674 2123 730 2187 ei
760 2124 936 2202 haec,
984 2124 1095 2188 dat
1131 2125 1428 2206 modum,
1459 2128 1736 2210 speciem
1773 2132 1835 2192 et
1875 2128 2208 2202 ordinem:

676 2232 964 2309 modum,
995 2252 1125 2316 quo
1148 2238 1417 2314 constat;
1444 2237 1741 2319 speciem,
1766 2256 1895 2319 qua
1922 2237 2216 2301 discerni-

676 2344 815 2419 tur;
854 2340 1179 2422 ordinem,
1212 2333 1339 2425 q'uo
1365 2344 1704 2425 congruit.
1736 2343 1878 2408 Non
1920 2345 2091 2409 enim
2123 2349 2217 2409 est

676 2447 890 2531 aliqua
917 2449 1210 2526 essentia,
1241 2468 1389 2532 quae
1413 2470 1542 2515 non
1570 2451 1804 2515 habeat
1823 2470 2211 2535 mensuram,

679 2574 1050 2634 numerum,
1082 2562 1144 2621 et
1169 2557 1641 2623 inclinationem
1663 2580 1680 2637 ;
1715 2561 1868 2624 etin
1893 2562 1994 2625 his
2020 2565 2220 2626 atten-

677 2662 851 2726 ditur
877 2665 1246 2745 vestigium.
1291 2664 1423 2730 Hoc
1457 2668 1807 2747 vestigium
1850 2668 2024 2733 ducit
2052 2671 2121 2734 in
2149 2671 2219 2735 il-

678 2770 809 2835 lam
827 2771 1221 2855 sapientiam,
1246 2774 1316 2836 in
1334 2792 1461 2856 qua
1480 2779 1576 2838 est
1590 2774 1817 2839 modus
1836 2776 1971 2841 sine
1990 2777 2179 2842 modo
2197 2798 2214 2857 3

679 2898 1010 2957 numerus,
1027 2881 1163 2959 sine
1179 2901 1451 2946 numero
1470 2905 1487 2962 ;
1510 2885 1690 2965 ordo,
1713 2886 1850 2948 sine
1872 2886 2114 2949 ordine.
2145 2885 2218 2950 In

679 2987 1033 3050 substantia
1055 2993 1151 3053 est
1180 2988 1370 3054 altius
1394 2991 1746 3073 vestigium
1774 2992 2125 3075 sapientiae,
2157 2997 2220 3057 et

682 3093 920 3158 divinae
964 3095 1298 3160 essentiae:
1343 3097 1534 3164 habet
1588 3099 1761 3164 enim
1809 3101 2018 3164 omnis
2064 3100 2219 3165 sub·

684 3203 916 3265 stantia
942 3205 1308 3286 materiam,
1340 3207 1612 3271 formam
1624 3255 1644 3287 ,
1678 3209 2218 3291 compositionem.

687 3309 891 3373 Habet
923 3311 1274 3376 substantia
1304 3314 1621 3396 originale
1649 3316 2063 3399 principium,
2090 3319 2223 3382 for-

690 3419 856 3483 male
891 3420 1459 3504 complementum,
1500 3424 1848 3506 glutinum.
1894 3427 2097 3490 Habet
2124 3444 2226 3490 res

691 3528 900 3591 omnis
947 3528 1256 3611 completa
1304 3530 1720 3595 substantiam
1740 3579 1757 3609 ‚
1805 3533 2114 3598 virtutem
2164 3536 2228 3598 et

692 3638 1147 3718 operationem.
1174 3638 1252 3702 Et
1272 3639 1341 3702 in
1362 3639 1464 3703 his
1486 3646 1975 3724 repraesentatur
1996 3646 2228 3726 myste-

693 3747 864 3809 rium
892 3746 1252 3811 Trinitatis:
1277 3735 1482 3827 Pater,
1514 3749 1610 3826 ⁸ori
1622 3768 1709 3829 go
1734 3773 1749 3811 :
1772 3750 1991 3830 Filius,
2020 3753 2229 3817 virtus

529 3859 603 3903 ²¹⁸·
693 3858 756 3918 et
795 3855 1047 3919 forma:
1089 3854 1361 3936 Spiritus
1398 3861 1688 3935 sanctuS,
1737 3859 1892 3922 unio
1944 3864 2008 3923 et
2052 3878 2225 3924 com·

694 3980 884 4044 pago.
940 3961 1101 4026 Vere
1140 3967 1357 4028 autem
1396 3961 1708 4045 originale
1752 3966 2140 4051 principium
2193 3987 2232 4031 a

695 4069 945 4134 formali
972 4069 1429 4151 complemento
1458 4072 1893 4154 distinguitur,
1926 4093 2057 4139 non
2088 4075 2229 4157 qui-

695 4177 842 4239 dem
882 4176 1276 4240 distinctione
1320 4178 1713 4261 hypostatica
1735 4227 1751 4256 ‚
1785 4181 1995 4263 qualis
2042 4182 2233 4246 estin

694 4283 964 4364 divinis;
1000 4302 1117 4347 nec
1157 4284 1561 4364 accidentali;
1616 4288 1726 4351 sed
1767 4288 1920 4352 reali
1972 4289 2234 4354 distinc-

694 4392 869 4457 tione
893 4392 1371 4475 principiorum,
1394 4413 1671 4476 quorum
1697 4413 1903 4459 unum
1926 4398 2231 4478 activum,

698 4498 967 4564 alterum
1016 4500 1369 4582 passivum.
1425 4501 1502 4565 Et
1541 4502 1661 4566 hoc
1706 4503 1923 4568 tollere
1965 4523 2004 4567 a
2057 4524 2232 4570 crea·

1719 473 2390 546 ILLUMINATIONES
2430 475 2821 543 ECCLESIAE

2316 630 2462 697 que.
2493 611 2704 695 Igitur
2725 612 2933 678 solum
2960 612 3111 678 Esse
3137 612 3431 678 divinum
3448 617 3541 677 est
3559 612 3834 698 simplex,

2318 720 2386 783 in
2413 739 2542 803 quo
2592 739 2724 785 non
2768 720 2978 785 differt
3025 739 3198 798 esse,
3228 720 3389 784 bene
3433 737 3569 784 esse
3590 769 3610 800 ‚
3661 726 3723 786 et
3761 724 3843 789 sic

2318 846 2475 892 esse.
2509 827 2587 891 Et
2614 827 2755 891 haec
2782 830 2877 891 est
2903 827 3065 891 ratio
3094 845 3295 911 quare
3322 828 3474 892 Esse
3503 833 3599 893 est
3624 848 3846 897 nomen
3871 860 3965 901 em
3980 855 4047 900 nei

2318 937 2470 1018 Dei,
2501 938 2654 1020 quia
2680 937 2833 1002 Esse
2879 938 2989 1002 Dei
3040 942 3134 1001 est
3172 956 3363 1002 omne
3404 938 3563 1004 illud
3595 942 3762 1023 quod
3784 943 3848 1007 in
3916 920 4021 976 ‘¹⁰³⁶'

2318 1046 2447 1109 Deo
2474 1049 2588 1109 est.
2620 1044 2694 1108 In
2720 1049 3013 1109 creatura
3035 1048 3251 1108 autem
3270 1045 3481 1110 differt
3507 1064 3667 1123 esse,
3698 1049 3847 1113 bene

2318 1170 2484 1231 esse,
2518 1155 2581 1215 et
2611 1151 2704 1214 sic
2725 1169 2881 1216 esse.
2921 1151 3280 1233 Vestigium
3307 1153 3509 1235 hujus
3535 1155 3850 1238 sapientire

2319 1266 2414 1325 est
2437 1259 2811 1339 substantia,
2843 1261 3075 1337 virtuS‚
3109 1265 3174 1324 et
3199 1262 3498 1344 operatio.
3530 1260 3693 1327 Nam
3718 1264 3849 1329 vir-

2320 1372 2426 1432 tus
2463 1372 2555 1431 est
2587 1387 2624 1430 a
2675 1368 3065 1447 substantia3
3111 1369 3391 1451 operatio
3431 1388 3585 1434 vero
3628 1389 3667 1433 a
3710 1373 3855 1435 sub-

2322 1477 2591 1556 stantia,
2647 1475 2968 1540 mediante
3019 1476 3258 1539 virtute
3278 1524 3298 1555 ,
3353 1475 3520 1540 sicut
3572 1476 3769 1541 Filius
3821 1498 3860 1541 a

2321 1583 2528 1664 Patre,
2585 1582 2859 1665 Spiritus
2906 1586 3160 1647 sanctus
3200 1601 3239 1647 a
3285 1583 3495 1663 Patre,
3548 1585 3860 1650 mediante

2321 1689 2481 1755 Filio
2509 1690 2553 1754 ³.
2584 1689 2706 1754 Res
2742 1690 3177 1754 substantifica
3215 1709 3254 1754 a
3295 1691 3650 1755 substantia
3673 1693 3864 1757 habet

2323 1815 2497 1861 esse:
2533 1815 2571 1860 a
2596 1798 2847 1886 virtute·
2866 1796 3060 1860 habet
3087 1797 3352 1878 vigere;
3384 1798 3465 1862 ab
3501 1799 3863 1880 operatione

2321 1907 2518 1972 habet
2541 1907 2811 1971 efficere.

2404 2011 2564 2078 Nota
2590 2013 2803 2094 etiam,
2836 2012 3008 2094 quod
3036 2013 3239 2078 virtus
3255 2030 3387 2078 non
3413 2013 3670 2079 videtur
3698 2017 3866 2079 acci·
3953 2032 3969 2049 ·

2324 2121 2592 2186 dentalis
2617 2120 3004 2185 substantiae.
3038 2120 3211 2185 Licet
3236 2121 3411 2185 enim
3442 2120 3870 2205 Philosophus
3917 2155 3924 2163 ·

2324 2229 2489 2293 dicat
2532 2228 2705 2311 quod
2749 2227 3055 2292 naturalis
3098 2229 3377 2311 potentia
3421 2230 3504 2292 sit
3551 2230 3824 2312 qualitas
3843 2278 3864 2310 ,

2325 2342 2542 2400 tamen
2595 2335 2876 2418 loquitur
2931 2338 3284 2401 secundum
3330 2338 3502 2421 quod
3559 2339 3875 2403 naturalis

2325 2444 2606 2528 potentia
2641 2444 2791 2508 dicit
2818 2450 2840 2485 ⁸
2873 2446 3140 2510 modum
3188 2452 3680 2528 consequentem
3715 2448 3871 2511 sub-

2326 2555 2655 2629 stantiam,
2695 2552 2858 2616 sicut
2901 2558 3163 2636 apparet
3216 2554 3288 2617 in
3349 2554 3511 2619 duro
3556 2557 3620 2618 et
3667 2555 3874 2635 molli,

2327 2660 2614 2725 sanativo
2656 2664 2720 2724 et
2754 2660 3155 2741 aegrotativo.
3207 2660 3319 2725 Est
3360 2660 3552 2724 etiam
3592 2662 3882 2744 reperire

2329 2770 2690 2832 creaturam
2739 2768 3111 2832 rationalem
3134 2817 3155 2848 ,
3212 2768 3291 2832 ad
3349 2767 3705 2848 imaginem
3770 2768 3883 2832 Dei

2329 2875 2581 2940 factam.
2614 2876 2693 2940 Et
2719 2876 2860 2940 haec
2887 2876 3075 2940 habet
3104 2876 3459 2956 imaginem
3486 2876 3883 2952 naturalem,

2275 3024 2282 3029 -
2331 3002 2478 3066 quae
2533 2985 2812 3047 consistit
2856 2984 2925 3046 in
2971 2984 3301 3063 memoria,
3352 2983 3783 3064 intelligentia
3824 2989 3890 3048 et

2329 3092 2681 3171 voluntate,
2725 3092 2794 3156 in
2839 3092 3073 3174 quibus
3112 3092 3348 3157 relucet
3393 3092 3693 3157 TrinitaS.
3752 3092 3894 3158 Hac

2331 3205 2546 3265 autem
2578 3200 2864 3282 imagine
2901 3199 3229 3265 Trinitatis
3256 3200 3578 3282 sigillatur
3613 3202 3845 3264 anima
3872 3223 3888 3264 z

2332 3312 2396 3372 et
2422 3308 2490 3371 in
2516 3309 2637 3372 hac
2659 3307 3041 3389 sigillatione
3070 3308 3290 3391 recipit
3306 3307 3895 3385 immortalitatem,

2334 3416 2684 3480 secundum
2727 3416 2901 3498 quod
2941 3415 3011 3478 in
3038 3416 3350 3479 memoria
3390 3418 3641 3479 tenetur
3689 3421 3894 3480 aeter-

2333 3523 2527 3602 nitas;
2570 3522 3118 3605 sapientialitatem
3140 3571 3160 3600 ‚
3207 3522 3561 3585 secundum
3605 3523 3796 3604 quod
3828 3523 3902 3586 in

2336 3631 2752 3712 intelligentia
2792 3630 3069 3711 refulget
3095 3629 3361 3709 veritas3
3382 3629 3897 3711 jucunditatem,

2336 3739 2686 3803 secundum
2735 3738 2904 3821 quod
2942 3737 3012 3800 in
3039 3737 3364 3801 voluntate
3403 3736 3672 3800 delectat
3700 3738 3907 3803 boni-

2336 3851 2455 3911 tas.
2502 3845 2705 3909 Habet
2756 3845 2949 3909 etiam
2989 3845 3206 3909 anima
3248 3845 3602 3925 imaginem
3648 3864 3909 3928 quam-

2338 3954 2485 4017 dam
2515 3953 2885 4034 gratuitam,
2916 3971 3062 4036 quae
3091 3952 3375 4016 consistit
3402 3953 3471 4015 in
3499 3953 3644 4032 fide,
3685 3973 3813 4037 spe
3843 3959 3913 4018 et

2339 4061 2688 4124 charitate:
2738 4064 2803 4125 et
2841 4059 2980 4124 haec
3018 4058 3230 4125 solum
3268 4059 3586 4141 reperitur
3624 4060 3703 4123 iu
3733 4060 3916 4125 subss

2340 4169 2994 4234 stantiisresormatiS.
3029 4166 3234 4248 Igitur
3259 4170 3467 4231 totum
3501 4166 3918 4233 universum

2341 4282 2438 4342 est
2469 4278 2800 4361 speculum
2827 4276 3091 4359 plenum
3127 4275 3476 4340 luminibus
3526 4293 3917 4358 repraesen-

2341 4387 2626 4451 tantibus
2665 4385 2948 4451 divinam
2991 4383 3367 4465 sapientiam
3392 4430 3410 4462 ,
3469 4386 3533 4446 et
3581 4387 3685 4447 est
3734 4386 3923 4452 sicut

2343 4494 2531 4558 carbo
2557 4493 2821 4575 ignituS,
2855 4489 3189 4562 effundens
3216 4489 3449 4554 lucem.

698 4611 885 4687 tura,
941 4613 1035 4672 est
1091 4608 1309 4672 tollere
1356 4609 1436 4672 ab
1489 4628 1565 4672 ea
1613 4613 2238 4693 repraesentationem

464 4739 575 4808 1-:520
618 4737 675 4780 ab
702 4719 1049 4784 Trinitatis·
1094 4715 1223 4783 Nec
1256 4718 1425 4782 valet
1459 4717 1629 4801 quod
1657 4719 1874 4783 dicunt
1911 4720 2065 4786 falso
2094 4725 2235 4806 pbi-

2425 4606 2659 4686 Quarta
2707 4602 2913 4680 facieS,
2954 4603 3016 4664 et
3058 4603 3285 4682 quarta
3324 4600 3530 4663 forma
3557 4601 3926 4681 sapientia}
3989 4635 4170 4676 pom.

2345 4719 2443 4780 est
2468 4711 2856 4791 difficillima,
2880 4710 3032 4792 quia
3056 4712 3152 4773 est
3180 4707 3568 4772 nulliformis
3592 4709 3757 4773 :sed
3790 4712 3935 4778 hoc
3981 4702 4170 4815 ἐξὲξ

464 4799 679 4907 “bacam
705 4828 1147 4912 losophanteS,
1178 4827 1348 4908 quod
1383 4827 1651 4908 angelus
1677 4831 1739 4892 et
1767 4829 1983 4893 anima
2007 4831 2239 4899 idcirco
2346 4823 2600 4888 Videtur
2650 4817 3113 4882 destl'ucstvum
3166 4815 3666 4898 praeoeslssffiium
3707 4835 3726 4896 3
3776 4836 3936 4885 non
4044 4823 4140 4867 ¹³³³·

471 4935 570 4970 00m

480 4928 685 5032 ammi·
707 4940 1052 5021 composita
1077 4939 1397 5018 dicuntur,
1427 4938 1583 5020 quia
1598 4942 1756 5006 ,sunt
1783 4938 1865 5001 ab
1892 4937 2054 5003 alio:
2087 4959 2240 5006 nam
2345 4935 2566 4995 tamen
2594 4931 2709 4991 est·
2741 4924 2898 4989 13⁶¹ssst
2924 4924 3097 4988 enim
3126 4923 3466 5006 APOSfOIUS
3485 4923 3507 4959 ⁸
3538 4944 3554 4986 ²
3597 4947 3628 4984 (ί
3659 4923 3935 5009 Loqui·

707 5065 843 5112 esse
870 5046 950 5109 ab
978 5046 1128 5125 alio,
1155 5064 1287 5109 non
1310 5044 1456 5108 facit
1488 5043 2005 5126 compositionem
2040 5069 2055 5112 ε
2089 5051 2241 5112 tunc

707 5155 877 5218 enim
901 5152 1131 5230 Filius,
1166 5171 1316 5217 cum
1345 5152 1426 5214 sit
1461 5170 1501 5214 a
1529 5150 1742 5231 Patre,
1779 5157 1942 5217 esset
1983 5172 2239 5238 compo-

704 5263 898 5342 situs,
929 5266 992 5327 et
1024 5261 1298 5345 Spiritus
1334 5263 1588 5325 sanctus
1611 5309 1628 5339 ,
1659 5260 1771 5342 qui
1802 5265 1900 5325 est
1941 5263 2022 5326 ab
2063 5268 2239 5329 utro-

2348 5056 2496 5103 mur
2545 5034 2917 5118 sapientiam
2960 5032 3027 5095 in
3079 5031 3380 5115 mysterio
3422 5031 3940 5116 absconditam,

2348 5164 2545 5231 quam
2579 5160 2696 5206 nec
2735 5140 2950 5205 oculos
2992 5138 3185 5219 vidit,
3233 5157 3349 5202 nec
3383 5140 3556 5203 auris
3598 5141 3944 5226 audivit,

2349 5273 2468 5319 nec
2504 5252 2576 5315 in
2616 5267 2723 5314 cor
2755 5246 3035 5338 bominis
3078 5245 3358 5311 ascendit
3377 5267 3395 5323 ;
3436 5246 3623 5310 nobis
3673 5254 3949 5318 autem

769 5429 789 5464 ¹
828 5426 1009 5484 Eccle„
1037 5437 1143 5488 vu,
1184 5429 1263 5490 26,
1302 5428 1378 5477 24.
1409 5452 1472 5462 —
1505 5425 1523 5456 ²
1558 5427 1699 5490 Sap„
1733 5439 1819 5491 ιι,
1855 5430 1933 5477 21.
1962 5452 2023 5464 —
2048 5427 2071 5463 ³
2102 5427 2242 5478 Idem

2348 5421 2372 5455 ι
2397 5413 2569 5474 Arist„
2598 5409 2890 5473 Proedicam,
2923 5424 2970 5462 c.
2997 5410 3059 5462 de
3088 5409 3357 5475 Qualitate.
3385 5435 3450 5447 —
3475 5411 3494 5440 ⁵
3523 5409 3541 5459 l
3579 5408 3743 5477 Cor..
3779 5425 3855 5482 n,
3889 5419 3952 5485 7,

706 5500 858 5552 docet
887 5498 942 5550 in
976 5497 1066 5551 lib.
1095 5502 1138 5563 l,
1162 5499 1322 5567 Sene„
1356 5497 1473 5549 dist.
1512 5509 1608 5561 ιιι,
1635 5512 1683 5550 a.
1713 5509 1753 5563 1,
1780 5512 1835 5563 q.
1869 5509 1911 5563 1,
1939 5510 2032 5563 per
2057 5500 2153 5550 tot.
2182 5523 2243 5537 —

2350 5494 2399 5555 9,
2430 5490 2506 5539 ιο.
