4196 6294
456 2663 617 2708 Gimel.

427 2763 601 2807 Daleth.

461 3607 635 3653 Gradu·

444 3670 606 3725 quibus

418 3732 476 3775 ad
510 3735 634 3777 retri-

455 3794 601 3841 butio·

420 3869 523 3901 nem
538 3871 633 3914 per-

419 3922 610 3966 venitur.

698 438 815 497 340

693 563 1015 624 siderando
1062 563 1403 637 respirantis
1435 580 1450 620 z
1482 566 1546 620 lu
1573 563 2062 637 justificationibus
2088 568 2243 631 tuis:

694 675 828 717 ecce
856 657 1343 717 considerationis
1382 658 1628 716 materia
1665 659 1968 717 virtuosa:
1997 659 2242 716 Medita-

691 755 816 819 bar,-
846 769 980 811 ecce
1023 751 1218 809 forma
1256 751 1520 810 studiosa
1551 771 1566 809 ε
1599 755 1723 812 Non
1755 755 2073 821 obliviscar-3
2104 768 2238 809 ecce

690 864 869 905 causa
914 847 1139 904 motiva
1185 845 1504 904 affectuosa
1548 864 1563 904 ε
1602 847 1876 906 Sermones
1920 852 2067 918 tuos;
2103 862 2236 904 ecce

690 938 1124 998 consummatio
1150 939 1469 997 fructuosa.

1059 1179 1435 1236 CAPITULUM
1472 1178 1849 1237 SECUNDUM.

1153 1364 1488 1408 mslcums
1522 1363 1747 1407 multus·

758 1510 846 1564 ¹7.
866 1507 1121 1563 Retribue
1137 1522 1285 1562 servo
1304 1511 1415 1571 tue,
1436 1504 1663 1575 etc.',Hic
1682 1502 1886 1579 incipit
1901 1504 2231 1561 secundum

678 1600 1033 1675 capitulum,
1080 1600 1249 1675 quod
1302 1603 1612 1673 praesentat
1659 1598 1991 1656 secundum
2040 1596 2230 1656 fercu-

674 1692 823 1750 lum.
847 1700 908 1753 ln
929 1694 1126 1768 primo
1150 1693 1409 1766 capitulo
1430 1693 1540 1749 fuit
1558 1692 1859 1750 beatitudo
1887 1693 2223 1768 praemissa;

672 1787 736 1844 in
763 1787 875 1845 isto
904 1787 1214 1845 retributio
1247 1792 1334 1843 est
1377 1786 1689 1844 submissa.
1722 1787 1777 1845 Si
1808 1787 2021 1861 quaeris
2063 1786 2227 1843 ordi-

671 1882 764 1937 nis
810 1897 1055 1938 causam
1085 1922 1107 1951 ,
1150 1882 1228 1937 ad
1273 1880 1445 1936 illum
1493 1881 1834 1954 pervenitur
1881 1897 1990 1954 per
2030 1880 2221 1937 istam.

669 1974 830 2033 Istud
862 1974 1187 2047 capitulum
1214 1974 1591 2046 distinguitur
1615 1991 1722 2047 per
1749 1975 1909 2031 hunc
1947 1973 2219 2031 modum.

670 2069 972 2138 «iustorum
1001 2067 1078 2142 (α)
1108 2067 1415 2125 retributio
1460 2068 1624 2141 prius
1664 2067 1826 2142 ipsos
1870 2068 2081 2125 excitat
2116 2083 2225 2141 per

670 2177 960 2233 amorem,
982 2177 1242 2234 quorum
1263 2160 1534 2218 excitatio
1565 2160 1914 2222 describitur
1937 2161 1997 2216 in
2024 2160 2220 2234 primo

670 2254 997 2313 octonario.
1043 2258 1483 2329 consequenter
1506 2271 1610 2312 eos
1635 2254 1914 2312 exercitat
1927 2270 2034 2328 per
2051 2254 2221 2312 labo·

665 2366 828 2420 rem,
858 2365 1118 2423 quorum
1159 2349 1496 2407 exercitatio
1528 2349 1881 2406 describitur
1907 2349 1971 2405 in
2010 2364 2221 2406 secun-

667 2442 768 2501 do.
817 2448 883 2501 Et
926 2443 1215 2517 quoniam
1265 2444 1345 2501 ad
1389 2443 1845 2501 retributionem
1897 2442 2066 2500 illam
2110 2458 2221 2516 per

666 2539 940 2596 laborem
985 2538 1231 2596 intratur
1274 2536 1444 2612 quasi
1490 2554 1599 2611 per
1640 2538 1925 2609 Januam‚
1954 2536 2094 2594 inde
2134 2539 2221 2594 est

669 2632 836 2706 quod
866 2649 902 2689 a
930 2631 1118 2689 Gimel
1162 2631 1390 2702 littera,
1419 2648 1555 2705 quae
1595 2631 2008 2706 interpretatur
2049 2631 2217 2689 retri-

666 2726 836 2784 butio
861 2768 881 2798 ‚
907 2726 1230 2783 inchoatur
1275 2725 1613 2783 octonarius
1657 2726 1922 2800 primus:
1955 2730 2012 2783 et
2038 2742 2074 2783 a
2104 2727 2214 2784 Da-

665 2819 823 2891 leth,
850 2835 983 2892 quae
1019 2820 1431 2892 interpretatur
1462 2819 1687 2890 janua,
1717 2819 1978 2876 initiatur
2003 2835 2216 2876 secun-

666 2913 799 2970 dus,
853 2912 1233 2985 Distinguitur
1295 2918 1493 2970 autem
1545 2913 1774 2986 primus
1832 2913 2214 2985 octonariuS,

666 3008 808 3082 quia
851 3008 1000 3065 sicut
1049 3007 1283 3065 oculata
1326 3007 1446 3064 fide
1493 3005 1768 3064 videmus
1795 3049 1815 3079 ,
1865 3008 2216 3080 hujusmodi

664 3104 896 3163 excitati
943 3105 1298 3179 plerumque
1351 3103 1683 3162 fervescunt
1728 3102 1972 3161 interius
2016 3104 2079 3161 in
2123 3102 2213 3162 af-

659 3200 850 3274 fectu,
875 3217 1135 3275 quorum
1161 3201 1459 3258 fervorem
1494 3199 1757 3257 declarat
1798 3200 2213 3273 quaternarius

659 3295 917 3368 primus;
947 3294 1052 3351 scd
1080 3296 1387 3368 tepescunt
1413 3293 1665 3350 exterius
1693 3293 1756 3350 in
1788 3292 2029 3364 effectu,
2059 3310 2212 3368 quo-

659 3406 795 3449 rum
817 3394 1087 3464 teporem
1112 3384 1448 3445 manifestat
1485 3385 1802 3443 secundus.
1830 3387 2210 3460 Distinguitur

660 3483 1047 3543 nihilominus
1073 3485 1130 3539 et
1169 3485 1577 3556 quaternarius
1619 3481 1847 3555 primus
1879 3482 2210 3540 secundum

663 3583 917 3654 quatuor
952 3576 1173 3649 gradus
1185 3618 1203 3647 ,
1235 3575 1454 3650 quibus
1495 3575 1574 3632 ad
1609 3576 1911 3649 praefatam
1950 3577 2208 3635 retribu-

659 3675 883 3732 tionem
936 3671 1245 3745 pervenire
1302 3670 1505 3728 nititur
1549 3671 1845 3742 justorum
1912 3673 2204 3731 affectus:

661 3783 921 3842 quorum
945 3765 1174 3840 primus
1204 3767 1262 3822 et
1306 3780 1572 3822 summus
1601 3768 1686 3823 est
1713 3782 1971 3838 superna
2007 3766 2205 3825 delec-

659 3861 801 3919 tatio
825 3880 844 3932 ;
891 3860 1212 3932 secundus,
1255 3859 1484 3917 interna
1529 3859 1921 3932 illuminatio;
1971 3860 2171 3918 tertius
2184 3903 2205 3933 ,

659 3956 962 4014 meritoria
1007 3956 1193 4028 acti03
1238 3958 1511 4030 quartus,
1551 3955 1803 4027 gratuita
1848 3955 2108 4013 dilectio.
2142 3958 2207 4013 Et

660 4050 907 4125 quidem
949 4051 1028 4109 ad
1069 4067 1387 4125 supernam
1433 4049 1882 4108 delectationem
1908 4091 1929 4120 ,
1957 4066 2067 4124 per
2113 4051 2202 4107 in-

660 4150 889 4203 ternam
931 4144 1460 4216 illuminationem;
1508 4143 1587 4201 ad
1631 4143 1786 4200 hanc
1833 4146 2068 4215 autem,
2096 4160 2204 4217 per

659 4239 1024 4297 meritoriam
1043 4230 1363 4312 actionem3
1395 4239 1474 4296 ad
1499 4239 1655 4296 banc
1682 4241 1911 4309 autem,
1931 4253 2040 4311 per
2062 4254 2199 4310 gra-

660 4334 866 4392 tuitam
893 4334 1232 4408 pervenitur
1260 4333 1655 4392 dilectionem.
1679 4336 1746 4390 Et
1769 4332 1912 4406 quia
1940 4330 2041 4389 illa
2067 4336 2205 4390 sunt

656 4430 721 4488 in
757 4431 1066 4489 affectione
1106 4430 1336 4505 priora,
1367 4446 1499 4503 quae
1541 4430 1678 4484 sunt
1721 4426 2146 4486 affectabiliora
2182 4445 2198 4484 z

655 4526 793 4584 inde
822 4531 909 4584 est
937 4525 1102 4600 quod
1121 4524 1182 4581 in
1202 4524 1398 4599 primo
1418 4522 1708 4581 versiculo
1737 4526 1975 4579 notatur
2000 4521 2201 4582 fervor

657 4621 984 4680 affectionis
1031 4626 1299 4695 respectu
1346 4635 1614 4693 snpernae
1655 4617 2096 4692 delectationis3
2137 4620 2200 4676 in

655 4716 920 4774 secundo
951 4758 970 4788 ‚
1011 4720 1279 4789 respectu
1324 4713 1565 4771 internae
1609 4712 2093 4785 illuminationis;
2138 4714 2199 4769 in

653 4814 823 4870 tertio
833 4855 853 4884 ,
881 4813 1150 4886 respectu
1191 4809 1505 4868 meritoriae
1546 4807 1824 4879 actionis;
1856 4808 1916 4864 in
1947 4811 2194 4882 quarto,

651 4909 919 4979 respectu
971 4904 1238 4977 gratuitae
1292 4902 1641 4961 dilectionis
1689 4901 2021 4958 versiculus
2073 4900 2196 4975 pri-

649 5015 784 5056 mus
837 4999 1210 5071 distinguitur
1264 4997 1592 5055 secundum
1641 4995 1810 5069 quod
1858 4995 1980 5053 duo
2032 4994 2197 5053 bona

649 5093 1028 5150 retributoria
1081 5092 1502 5165 promittuntur
1534 5134 1552 5163 ,
1600 5092 1658 5146 et
1715 5088 1836 5146 duo
1895 5088 2195 5146 meritoria

647 5186 812 5243 bona
850 5188 1279 5261 praemittuntur
1301 5230 1322 5255 ,
1363 5200 1624 5260 quorum
1652 5182 2022 5258 praeambula
2058 5199 2193 5258 per·

713 5392 778 5454 (ᾳ)
807 5390 948 5442 Edit.
986 5391 1103 5441 Ven.
1131 5392 1370 5440 latorum.

1745 428 2164 496 EXPOSITIO
2206 428 2289 495 IN
2331 428 2857 495 PSALTERIUM.

2351 565 2538 622 tinent
2564 569 2683 622 tam
2708 564 2787 622 ad
2813 563 3180 634 interiorem,
3211 578 3395 637 quam
3423 562 3504 622 ad
3539 565 3888 624 exteriorem

2348 659 2635 732 salutem3
2692 658 2923 733 reliqua
2968 673 3112 715 vero
3166 659 3290 715 tam
3334 657 3413 715 ad
3466 657 3843 717 intrinsecam
3869 703 3887 731 ,

2349 769 2532 828 quam
2554 753 2636 811 ad
2663 753 3047 811 extrinsecam
3072 752 3430 809 servitutem.

2842 913 3122 969 Areia-ulus
3154 915 3392 984 primus.

2415 1038 2736 1098 Ostendens
2761 1055 2904 1113 ergo
2923 1039 3211 1118 Propheta
3230 1056 3302 1096 ex
3328 1037 3440 1097 viri
3463 1039 3602 1112 iusti
3628 1055 3884 1113 persona

2342 1134 2668 1192 affectionis
2695 1134 2991 1193 fervorem‘
3016 1151 3157 1207 erga
3192 1150 3510 1208 supernam
3547 1134 3883 1194 delectatio-

2340 1241 2478 1286 nem
2496 1270 2515 1299 ,
2542 1228 2686 1303 petit
2723 1229 2918 1303 primo
2955 1228 3249 1286 interioris
3275 1228 3534 1285 hominis
3559 1228 3879 1287 beatitudi-

2339 1334 2479 1378 nem
2515 1320 2593 1377 ad
2631 1321 2844 1379 stolam
2890 1321 3105 1379 animm
3151 1321 3538 1396 pertinentem
3560 1365 3576 1394 ‚
3625 1321 3827 1379 dicens
3859 1342 3875 1380 :

2337 1416 2591 1472 Retribue
2616 1432 2765 1473 servo
2803 1421 2932 1488 tuo;
2963 1415 3182 1473 scilicet
3210 1420 3500 1490 quantum
3530 1415 3608 1474 ad
3637 1416 3875 1475 interio-

2335 1523 2465 1566 rem
2509 1509 2849 1581 hominem,
2888 1527 3069 1584 quem
3094 1509 3359 1568 formasti
3400 1509 3507 1566 tibi
3534 1524 3772 1567 servum
3803 1526 3879 1567 ex

2337 1606 2525 1662 utero.
2573 1604 2735 1662 Unde
2774 1605 3132 1676 notandum,
3172 1604 3340 1679 quod
3382 1605 3663 1662 Dominus
3705 1605 3875 1663 retri-

3975 1626 4111 1669 Domi·

2336 1697 2494 1771 buit,
2524 1703 2813 1773 quantum
2840 1700 2919 1757 ad
2946 1699 3117 1757 istam
3141 1699 3618 1769 retributionem,
3646 1699 3880 1757 miseri·
3907 1700 3991 1730 ¹²¹²·
4009 1690 4110 1743 ΨΜ

2335 1793 2634 1864 cordiam,
2665 1794 3000 1862 veritatem,
3029 1794 3373 1851 bonitatem.
3404 1793 3687 1862 Retribuit
3712 1809 3876 1851 nam-

2335 1903 2450 1960 que
2478 1888 2978 1959 misericordiam,
3011 1905 3149 1946 cum
3172 1888 3377 1946 tribuit
3409 1904 3471 1946 se
3511 1888 3835 1946 tenendum
3853 1909 3871 1961 ;

2330 1981 2601 2039 retribuit
2629 1982 2964 2053 veritatem,
2989 1999 3126 2040 cum
3164 1983 3370 2040 tribuit
3408 1998 3470 2040 se
3506 1982 3871 2055 videndum3

2331 2076 2601 2133 retribuit
2627 2077 2989 2149 bonitatem,
3021 2093 3156 2134 cum
3196 2076 3401 2136 tribuit
3439 2094 3499 2135 se
3527 2077 3869 2136 fruendum.

2333 2170 2410 2227 De
2444 2171 2639 2243 primo
2667 2173 2729 2228 ¹:
2765 2189 2795 2225 ε(
2840 2174 3002 2229 Nunc
3048 2170 3330 2228 retribuet
3375 2171 3543 2229 vobis
3589 2171 3871 2228 Dominus

2331 2263 2828 2335 misericordiam,
2874 2285 2902 2319 n
2936 2265 3106 2339 quasi
3154 2266 3374 2323 diceret
3401 2283 3416 2322 ε
3447 2265 3594 2335 Quia
3639 2264 3868 2323 miseri-

2332 2358 2586 2416 corditer
2637 2358 2894 2416 tractatis
2968 2359 3282 2416 dominum
3344 2363 3604 2417 vestrum
3663 2365 3869 2417 terres-

2328 2456 2513 2525 trem,
2543 2470 2667 2512 non
2711 2453 2791 2510 ad
2818 2454 3061 2511 oculum
3087 2455 3399 2511 serviendo
3417 2495 3437 2523 ‚
3465 2453 3571 2510 sed
3594 2453 3869 2512 volunta-

2329 2553 2450 2608 tem
2475 2549 2575 2606 Dei
2605 2548 2909 2620 faciendo,
2937 2548 3183 2606 feliciter
3209 2549 3479 2607 tenebitis
3505 2552 3724 2623 Regem
3754 2567 3870 2608 coe·

2326 2642 2551 2701 lestem.
2584 2647 2662 2701 De
2698 2643 2961 2702 secundo
2991 2644 3264 2702 scribitur
3295 2643 3523 2701 ibidem
3544 2645 3566 2678 ²
3598 2663 3612 2702 ε
3649 2663 3678 2697 «
3706 2647 3868 2701 Nunc

2326 2738 2610 2796 retribuet
2639 2737 2813 2796 vobis
2842 2738 3122 2795 Dominus
3147 2738 3483 2809 veritatem,
3512 2757 3540 2793 n
3574 2738 3743 2813 quasi
3771 2738 3866 2796 di-

2327 2836 2525 2890 ceret:
2558 2835 2668 2890 Pro
2711 2831 2878 2889 fideli
2905 2832 3235 2890 visitatione
3275 2832 3504 2891 domini
3531 2832 3708 2890 vestri
3751 2836 3867 2889 ter-

2324 2927 2550 2998 restriS,
2577 2926 2867 3002 recipietis
2901 2926 3134 2985 felicem
3158 2925 3446 2984 visionem
3471 2928 3628 2999 regis
3656 2929 3863 2984 cccles—

2325 3021 2417 3076 tis.
2448 3020 2640 3078 Verba
2682 3036 2943 3095 namque
2986 3024 3121 3078 sunt
3159 3020 3347 3079 David
3374 3025 3583 3095 typum
3609 3021 3865 3094 gerentis

2325 3113 2494 3188 Regis
2538 3113 2784 3173 coelestis
2803 3158 2822 3188 ,
2873 3114 3103 3173 ratione
3150 3113 3391 3190 triplicis
3435 3115 3867 3189 interpretatio-

2325 3210 2459 3267 nis:
2510 3210 2692 3268 David
2734 3211 2895 3269 enim
2936 3212 3347 3285 interpretatur
3382 3214 3677 3268 misericors
3719 3253 3737 3282 ,
3778 3228 3865 3268 as-

2320 3308 2478 3375 pectu
2522 3305 2934 3377 desiderabilis,
2965 3310 3189 3363 amicus.
3221 3307 3344 3363 Rex
3382 3308 3578 3363 autem
3616 3305 3866 3363 coelestis

2323 3397 2535 3456 dicitur
2562 3398 2893 3457 misericors
2904 3442 2922 3471 ,
2953 3398 3017 3456 in
3052 3402 3342 3474 quantum
3385 3399 3742 3469 tractabilis3
3775 3416 3867 3457 as-

2320 3497 2495 3566 pectu
2542 3492 2979 3567 desiderabilis,
3011 3492 3073 3550 in
3104 3497 3396 3568 quantum
3436 3493 3865 3568 contemplabi-

2319 3582 2391 3642 lis
2402 3606 2420 3658 ;
2443 3586 2687 3658 amicuS,
2707 3587 2769 3644 in
2793 3592 3086 3662 quantum
3108 3587 3489 3645 delectabilis,
3515 3592 3589 3645 De
3611 3588 3779 3646 tertio
3801 3590 3822 3625 ⁸
3841 3609 3860 3645 ε

2324 3702 2353 3732 «
2379 3680 2551 3738 Iustis
2577 3680 2976 3740 retribuentur
3006 3682 3187 3740 bona.
3220 3702 3249 3738 n
3282 3683 3607 3741 Retributio
3629 3683 3864 3741 bonita-

2316 3775 2389 3833 tis
2417 3778 2504 3833 est
2527 3775 2725 3834 fruitio
2755 3775 2971 3833 divinae
2993 3776 3313 3835 suavitatis·

2785 3935 3069 3992 Articulus
3107 3935 3389 3993 secundus.

2385 4062 2702 4133 Postquam
2728 4060 3007 4134 praemisit
3045 4061 3306 4135 primum
3348 4061 3575 4119 bonum
3605 4063 3858 4122 retribu-

2314 4152 2563 4224 torium,
2599 4154 2857 4226 petendo
2903 4155 3196 4213 interioris
3236 4155 3495 4213 hominis
3538 4156 3852 4215 beatitudi-

2313 4262 2452 4304 nem
2475 4248 2553 4304 ad
2580 4249 2796 4306 stolam
2822 4249 3031 4306 animae
3047 4251 3436 4323 pertinentem
3446 4270 3464 4323 3
3487 4266 3853 4325 consequen·

2312 4343 2400 4398 ter
2426 4340 2593 4399 addit
2615 4342 2966 4413 secundum,
2984 4343 3243 4417 petendo
3273 4343 3573 4401 exterioris
3589 4344 3851 4402 hominis

2312 4433 2742 4494 beatitudinem
2786 4436 2867 4494 ad
2910 4436 3125 4495 stolam
3165 4439 3429 4511 corporis
3469 4438 3807 4496 attinentem
3832 4482 3853 4512 ,

2312 4526 2561 4586 dicens:
2598 4533 2831 4601 Vivifica
2875 4547 2991 4603 me,
3039 4531 3258 4589 scilicet
3298 4535 3589 4605 quantum
3630 4532 3709 4590 ad
3747 4532 3855 4590 ho-

2309 4622 2533 4680 minem
2560 4624 2910 4681 exteriorem
2939 4666 2959 4695 ,
2987 4625 3373 4683 retribuendo
3422 4625 3475 4682 ei
3520 4626 3702 4684 vitam
3748 4626 3855 4683 im-

2309 4718 2647 4774 mortalem.
2687 4717 2801 4776 Sed
2841 4722 3012 4790 nota‚
3052 4719 3218 4792 quod
3260 4720 3396 4778 licet
3439 4720 3692 4777 indivisa
3739 4721 3857 4777 si‘nt

2310 4826 2494 4883 opera
2518 4811 2839 4881 Trinitatis,
2866 4811 3187 4870 vivificatio
3217 4818 3413 4871 tamen
3441 4814 3707 4889 corporis
3733 4815 3853 4872 sin·

2310 4903 2463 4974 gulis
2489 4908 2681 4977 potest
2717 4906 3092 4979 appropriari
3130 4907 3400 4981 personis
3432 4924 3447 4965 ε
3478 4908 3660 4982 quia,
3705 4908 3855 4966 sicut

2307 4995 2370 5052 in
2398 4998 2740 5069 evangelica
2765 5000 3005 5056 veritate
3046 4999 3325 5072 legimuS,
3355 5002 3612 5061 vivificat
3647 5006 3814 5061 Pater
3832 5045 3851 5073 ,

2306 5090 2566 5147 vivificat
2591 5091 2767 5148 Filius
2783 5135 2803 5165 ‚
2834 5093 3091 5151 vivificat
3132 5095 3377 5167 Spiritus
3405 5100 3659 5155 sanctus.
3687 5101 3852 5155 Pater

2306 5184 2527 5258 quippe
2549 5183 2810 5244 vivificat
2844 5187 3276 5260 configurando
3303 5192 3579 5265 potentiae
3592 5233 3613 5264 ‚
3658 5207 3852 5266 quan-

2370 5386 2383 5414 ¹
2416 5384 2457 5434 n
2486 5384 2627 5449 neq„
2651 5396 2714 5447 11,
2742 5388 2792 5436 6.
2819 5410 2882 5427 -
2911 5388 2935 5423 ²
2961 5386 3092 5440 ibid.
3119 5413 3183 5428 —
3208 5390 3229 5421 ⁸
3253 5390 3427 5453 Pron„
3455 5404 3579 5457 ιω,
3604 5395 3687 5443 2¹.

3906 1751 4108 1793 retribuat

3898 3040 4057 3082 David.
