4196 6294
1667 424 2032 493 PSALMUS
2075 425 2335 494 CXVIII.

402 566 774 642 flagrantiam
792 608 812 638 ‚
876 565 1101 623 laboris
1168 563 1678 638 complacentiam.
1735 565 1950 621 Versus

400 662 628 737 primus
667 660 748 720 ad
786 660 911 732 spei
948 658 1234 717 fiduciam
1262 647 1506 732 spectat,
1535 658 1596 715 in
1626 674 1750 732 quo
1791 657 1948 715 Psal-

401 755 767 830 mographus
805 754 992 828 quid,
1033 757 1089 810 et
1124 756 1367 832 propter
1396 751 1545 825 quid
1583 750 1950 811 confidenter

402 850 767 926 sperandum
809 848 920 917 sit,
951 846 1300 904 manifestat.
1348 845 1611 903 Universi
1652 845 1949 919 siquidem

397 943 540 1017 ,iusti
568 944 880 1017 expectant
906 957 967 999 se
997 940 1262 999 divinam
1301 940 1612 997 essentiam
1640 939 1948 1013 perspicue

403 1036 923 1111 contemplaturos,
951 1039 1008 1092 et
1027 1034 1482 1093 beneficentiam
1507 1036 1789 1107 perpetue
1816 1033 1946 1090 lau·

403 1133 646 1192 daturos
680 1150 696 1187 ε
728 1129 1013 1204 quoniam
1040 1146 1148 1204 per
1175 1130 1302 1202 ejus
1343 1128 1593 1201 gratiam
1619 1145 1681 1185 se
1711 1127 1945 1200 conjec-

401 1227 528 1283 tant
577 1240 614 1282 a
668 1223 872 1282 divina
924 1221 1397 1281 dissimilitudine
1453 1221 1840 1293 reformatoS,
1892 1226 1949 1278 et

403 1319 619 1376 divinoe
642 1317 1009 1375 similitudini
1030 1316 1449 1375 conformatos
1475 1319 1789 1390 Propterea
1814 1332 1943 1374 ver-

400 1429 500 1470 sus
527 1411 691 1469 istius
732 1411 1092 1470 continentia
1138 1415 1393 1485 quatuor
1420 1410 1677 1467 continet
1703 1410 1786 1467 eis
1816 1426 1945 1468 cor-

400 1506 821 1581 respondentia
851 1524 865 1562 :
907 1505 1181 1565 videlicet
1210 1508 1489 1562 oeternam
1526 1505 1740 1574 vitam,
1771 1505 1946 1576 grati-

401 1600 667 1659 tudinem
692 1599 1005 1671 infinitam,
1036 1599 1275 1673 culpam
1298 1598 1608 1656 mortalem
1634 1598 1946 1668 abolitam,

402 1699 459 1753 et
484 1694 666 1752 vitam
692 1693 984 1753 moralem
1011 1693 1306 1751 redditam
1339 1711 1352 1749 :
1394 1708 1655 1766 quorum
1682 1691 1946 1767 primum

398 1787 713 1863 respondet
768 1786 1253 1861 contemplationi
1272 1805 1291 1859 3
1336 1785 1664 1845 secundum
1710 1785 1944 1844 collau-

401 1881 625 1940 dationi
642 1901 661 1954 3
711 1882 943 1940 tertium
988 1881 1426 1955 reformationi3
1477 1886 1754 1957 quartum
1802 1898 1942 1940 con-

402 1974 766 2034 formationi.

888 2127 1168 2183 Articulus
1201 2130 1443 2200 primus.

468 2263 688 2318 Horum
725 2258 985 2335 primum
1022 2259 1329 2319 Psalmista
1364 2261 1627 2335 praecinit
1646 2302 1665 2333 ‚
1695 2261 1896 2320 dicens
1926 2281 1941 2320 ε

393 2358 463 2413 In
486 2359 761 2427 (simum,
780 2354 846 2412 id
872 2358 979 2426 est,
1001 2354 1065 2412 in
1083 2358 1301 2412 oeterna
1316 2355 1455 2413 vita.
1479 2357 1617 2424 Qum
1637 2360 1725 2414 est
1744 2360 1944 2415 autem

393 2452 609 2507 aeterna
653 2448 811 2519 vita,
862 2449 973 2506 nisi
1019 2447 1442 2522 contemplatio
1490 2448 1697 2507 divina
1721 2451 1751 2505 ‘i
1794 2450 1948 2509 sicut

393 2542 674 2617 scriptum
703 2544 789 2599 est
817 2544 866 2600 ¹:
904 2562 932 2596 ιι
956 2545 1085 2600 ilaec
1112 2545 1199 2599 est
1222 2544 1340 2599 vita
1364 2545 1602 2614 aeterna,
1632 2545 1698 2600 ut
1725 2559 1944 2617 cogno-

392 2641 558 2694 scant
594 2640 649 2694 te
680 2636 876 2694 solum
920 2639 1103 2694 Deum
1142 2653 1386 2708 verum,
1429 2640 1487 2695 et
1525 2653 1706 2711 quem
1736 2636 1943 2694 misisti

392 2733 590 2788 «lesum
640 2730 950 2788 Christum.
1009 2752 1037 2785 »ι
1096 2730 1198 2788 nic
1254 2732 1446 2804 potest
1499 2731 1719 2798 notari,
1776 2731 1943 2806 quod

393 2825 607 2900 legitur
629 2826 692 2883 in
709 2830 992 2884 oeternum
1011 2825 1419 2884 misericordia
1445 2826 1675 2884 Domini
1695 2827 1937 2899 servari,

393 2919 705 2992 aedificari,
737 2920 959 2977 cantari
991 2939 1006 2977 ε
1050 2921 1192 2994 quia
1216 2935 1427 2978 revera
1461 2919 1525 2977 in
1566 2920 1940 2994 sperantibus

394 3016 658 3071 servatur
667 3033 686 3086 ;
712 3012 772 3070 in
795 3013 1391 3087 contemplationibus
1412 3015 1484 3087 (a)
1507 3014 1829 3072 aedificatur
1837 3034 1855 3087 3
1878 3014 1942 3072 in

394 3107 872 3167 collaudantibus
902 3110 1186 3166 cantatur.
1228 3111 1304 3165 De
1350 3108 1546 3182 primo
1574 3108 1845 3182 psallitur
1872 3112 1894 3145 2
1921 3129 1935 3169 ε

402 3222 430 3256 α
501 3203 565 3260 ln
638 3206 921 3260 oeternum
998 3201 1251 3259 servabo
1326 3202 1411 3259 illi
1473 3202 1938 3261 misericordiam

390 3311 587 3355 meam
600 3316 617 3369 3
660 3300 691 3351 π’
736 3311 872 3353 ecce
927 3294 1333 3354 misericordia
1378 3295 1441 3353 in
1485 3299 1765 3355 aeternum
1817 3312 1939 3355 ser-

388 3390 609 3449 vanda.
660 3392 739 3448 De
766 3390 1027 3448 secundo
1073 3390 1344 3448 scribitur
1382 3392 1404 3428 ⁸
1436 3409 1451 3448 :
1487 3412 1516 3447 α
1551 3393 1616 3450 In
1656 3395 1939 3450 aeternum

390 3484 799 3544 misericordia
823 3484 1214 3542 aedificabitur
1234 3484 1296 3541 in
1318 3485 1480 3543 coelis
1494 3504 1513 3558 ;
1542 3506 1569 3541 ι)
1604 3502 1737 3543 ecce
1765 3486 1939 3543 mise-

390 3579 650 3636 ricordia
676 3578 737 3635 in
765 3582 1048 3636 oeternum
1076 3578 1448 3637 aedificanda.
1479 3582 1555 3637 De
1584 3580 1753 3638 tertio
1790 3578 1935 3651 legi-

389 3676 483 3729 tur
537 3674 559 3709 *
616 3691 630 3729 :
690 3691 720 3727 ι
774 3672 1197 3731 Misericordias
1252 3671 1482 3731 Domini
1536 3674 1599 3731 in
1652 3677 1935 3733 aeternum

391 3769 642 3829 cantabo
676 3788 689 3827 :
727 3790 755 3825 ι»
793 3785 930 3827 ecce
959 3768 1364 3827 misericordia
1390 3769 1453 3826 in
1480 3772 1767 3828 aeternum
1796 3784 1934 3827 can-

388 3864 589 3923 tanda.

857 3935 1143 3992 ,articulus
1177 3936 1457 3992 secundus.

460 4052 793 4111 Secundum
813 4054 1012 4110 autem
1033 4052 1325 4126 Propheta
1350 4050 1618 4123 succinit,
1637 4050 1929 4110 subdens:

389 4149 511 4206 Non
537 4147 855 4218 obliviscar,
889 4150 953 4204 ut
995 4145 1259 4218 ingratus
1277 4165 1295 4218 3
1328 4145 1434 4202 sed
1474 4144 1840 4218 reminiscar,
1869 4150 1934 4205 ut

391 4245 609 4314 gratus.
638 4243 705 4298 Et
738 4243 879 4298 nota
928 4238 1097 4313 quod
1143 4242 1280 4295 tunc
1325 4237 1705 4299 obliviscetur
1732 4240 1933 4298 anima

391 4336 463 4393 de
518 4334 754 4393 miseria
806 4335 1104 4392 contracta
1123 4376 1142 4405 ,
1192 4333 1266 4391 de
1314 4334 1720 4392 erubescentia
1770 4338 1931 4392 tran·-

386 4432 576 4501 sacta,
606 4428 714 4486 sed
740 4443 864 4486 non
904 4427 979 4485 de
1020 4426 1208 4500 gratia
1248 4425 1360 4485 sibi
1396 4426 1581 4500 facta;
1612 4426 1754 4502 quia
1795 4444 1932 4502 pro-

386 4523 540 4582 fecto
572 4522 821 4580 miserioe
848 4521 1108 4579 succedit
1133 4521 1473 4593 beatitudo,
1518 4521 1933 4580 erubescentias

385 4616 768 4693 pulchritudo
787 4656 807 4687 ,
837 4616 1035 4689 gratioe
1064 4614 1361 4688 gratitudo
1392 4634 1407 4672 ε
1449 4615 1756 4674 beatitudo
1784 4616 1932 4675 abo·

386 4711 534 4771 lebit
583 4710 932 4778 miseriam;
991 4708 1372 4783 pulchritudo
1425 4709 1893 4768 erubescentiam
1909 4730 1927 4783 3

388 4807 494 4865 sed
525 4821 651 4864 non
685 4803 983 4878 gratitudo
1014 4802 1284 4875 gratiam.
1316 4806 1394 4861 De
1425 4803 1623 4877 primo
1646 4805 1668 4838 ⁸
1700 4822 1715 4861 ε
1753 4823 1781 4858 α
1810 4804 1932 4862 Eris

387 4899 634 4973 stabim,
664 4900 720 4957 et
745 4913 869 4956 non
909 4894 1174 4966 timebis;
1207 4895 1455 4955 miseriae
1503 4913 1746 4972 quoque
1776 4897 1930 4957 obli-

388 4992 623 5052 visceris
655 5013 670 5051 ε
715 5013 743 5048 n
791 4991 888 5050 hic
931 4989 1207 5050 asseritur
1253 4989 1479 5048 oblivio
1524 4991 1793 5050 miseriae.
1854 4996 1930 5051 De

387 5088 650 5147 secundo
694 5088 715 5124 ⁰
772 5103 787 5143 ε
843 5106 872 5140 α
923 5082 1295 5144 confusionis
1349 5084 1761 5144 adolescentiae
1818 5089 1932 5145 tute

389 5182 775 5253 oblivisceriS,
822 5182 880 5238 et
923 5176 1233 5252 opprobrii
1286 5177 1587 5238 viduitatis
1635 5185 1751 5240 tuae
1809 5196 1932 5240 non

455 5310 468 5337 ¹
495 5308 657 5366 loon..
691 5319 825 5369 xvii,
857 5307 907 5355 3.
935 5328 999 5342 -
1025 5302 1043 5332 ²
1072 5300 1211 5351 Psal.
1241 5313 1508 5370 Lxxxvm,
1536 5309 1615 5358 29.
1644 5333 1707 5345 —
1737 5307 1759 5341 ³
1781 5307 1931 5373 ibid„

392 5381 440 5430 3,
468 5405 529 5417 ...
557 5381 580 5416 ι
607 5380 760 5443 mid„
783 5381 832 5433 2,
859 5402 921 5415 —
949 5377 967 5407 δ
997 5372 1120 5441 Job,
1153 5384 1235 5437 xi,
1266 5377 1344 5426 16.
1377 5403 1431 5415 —-
1457 5378 1480 5414 ⁸
1506 5378 1625 5442 Isca,
1658 5391 1762 5445 ων,
1796 5382 1843 5433 4.
1871 5407 1934 5420 —

3479 435 3595 495 ⁴37

2055 563 2462 622 recordaberis
2508 564 2764 641 amplius
2803 585 2822 622 ε
2870 585 2899 621 »
2930 563 3026 624 hic
3066 564 3342 623 astruitur
3368 562 3596 623 oblivio

2056 657 2492 718 erubescentiae.
2536 662 2613 717 De
2640 661 2811 718 tertio
2838 662 2861 697 ⁷
2891 679 2905 718 ε
2945 680 2975 715 α
3002 658 3258 719 Gratiam
3285 657 3596 731 fideiusso-

2054 751 2137 807 ris
2171 767 2246 809 ne
2282 752 2649 812 obliviscaris
2659 773 2678 826 3
2711 753 2872 811 dedit
2913 754 3072 812 enim
3101 769 3212 827 pro
3250 755 3307 811 te
3335 752 3599 811 animam

2055 861 2226 903 suam
2254 865 2269 902 ε
2297 867 2324 902 >2
2358 846 2454 904 hic
2475 847 2850 906 dissuadetur
2876 846 3102 906 oblivio
3122 846 3343 921 gratim.

2565 1005 2850 1062 Articulus
2889 1008 3099 1062 tertius.

2124 1130 2378 1188 Tertium
2431 1146 2574 1189 vero
2627 1130 2892 1189 Psalmus
2947 1131 3241 1204 concinit,
3299 1132 3528 1191 addens
3579 1151 3594 1191 ε

2052 1226 2468 1296 Justificationes
2509 1229 2664 1296 tuas,
2707 1224 2773 1282 id
2808 1228 2931 1297 est,
2959 1223 3407 1286 reformationes
3446 1230 3595 1286 tuas.

2053 1318 2218 1376 Unde
2244 1319 2576 1376 notandum
2597 1361 2611 1385 ,
2648 1319 2813 1394 quod
2838 1317 3284 1392 ,iustificationes
3309 1320 3431 1379 istm
3465 1326 3603 1380 sunt

2054 1413 2227 1487 quasi
2270 1412 2741 1487 pacificationeS,
2785 1429 2891 1470 seu
2929 1412 3383 1472 salvificationes
3401 1456 3421 1485 ,
3475 1413 3600 1473 sive

2052 1506 2494 1579 revocationes,
2550 1508 2768 1582 quibus
2814 1507 3027 1565 animoe
3067 1506 3344 1581 judicatas
3389 1508 3598 1583 pacifi-

2054 1604 2263 1659 cantur
2281 1645 2300 1673 ,
2334 1601 2624 1659 damnatae
2669 1601 3102 1670 salvificentur,
3128 1600 3401 1675 relegatoe
3427 1617 3601 1661 revo-

2053 1698 2279 1753 cantur.
2303 1697 2382 1752 De
2401 1696 2596 1769 primo
2616 1697 2638 1732 ⁸
2659 1714 2673 1752 :
2704 1717 2730 1748 «
2754 1696 3083 1769 surgebam
3103 1695 3184 1754 ad
3202 1695 3602 1755 confitendum

2053 1789 2160 1846 tibi
2179 1804 2357 1863 super
2378 1788 2605 1861 judicia
2626 1789 3059 1862 justificationis
3078 1792 3218 1860 tuae,
3247 1810 3274 1844 η
3309 1793 3603 1863 quantum

2052 1883 2134 1941 ad
2158 1883 2369 1941 animae
2390 1881 2667 1956 judicatae
2694 1883 3188 1958 pacificationem.
3231 1886 3310 1943 De
3338 1885 3600 1945 secundo

2051 1976 2345 2051 Propheta
2374 1976 2573 2051 psallit
2597 1974 2620 2009 ⁹
2650 1993 2665 2033 τ
2708 1997 2737 2030 α
2766 1978 3007 2036 Salvum
3033 1993 3130 2035 me
3156 1976 3286 2051 fac,
3313 1978 3601 2052 quoniam

2046 2070 2492 2142 justificationes
2536 2073 2667 2128 tuas
2722 2070 3010 2146 exquisivi
3029 2113 3051 2142 ,
3097 2091 3125 2126 ιο
3183 2076 3472 2146 quantum
3519 2072 3601 2132 ad

2051 2165 2265 2223 animae
2293 2165 2584 2224 damnatae
2612 2164 3116 2223 salvificationem.
3150 2167 3228 2222 De
3257 2167 3423 2224 tertio
3449 2167 3600 2226 Psal-

2051 2259 2417 2333 mographus
2466 2257 2668 2317 scribit
2711 2258 2754 2294 ¹⁰
2793 2278 2808 2316 :
2843 2279 2873 2312 ι
2900 2259 3067 2317 Viam
3107 2259 3600 2332 justificationum

2052 2356 2287 2412 tuarum
2311 2354 2531 2411 instrue
2560 2368 2694 2425 me,
2723 2373 2751 2409 ι
2787 2355 3077 2428 quantum
3106 2353 3187 2412 ad
3214 2353 3425 2413 animm
3451 2354 3600 2413 rele-

2053 2451 2202 2521 gatae
2227 2447 2686 2506 revocationem.

2545 2606 2826 2663 Artis-ulus
2863 2609 3109 2677 quartus.

2122 2733 2403 2801 Quartum
2431 2747 2673 2806 quoque
2691 2730 3189 2805 psalmographus
3211 2728 3293 2788 ait
3325 2746 3340 2785 ι
3371 2727 3515 2797 Quia
3540 2731 3601 2786 in

2048 2828 2188 2899 ipsis
2231 2828 2525 2896 vivificasti
2569 2843 2674 2892 me,
2716 2824 2990 2883 videlicet
3024 2824 3145 2883 vita
3183 2838 3309 2881 non
3352 2821 3595 2895 carnali,

2049 2919 2158 2978 sed
2191 2918 2456 2994 ,morali3
2513 2934 2638 2976 non
2692 2917 2969 2991 deformi,
3023 2917 3129 2975 sed
3184 2915 3480 2976 deiformi.
3533 2918 3601 2974 Et

2048 3018 2232 3085 nota,
2275 3013 2439 3088 quod
2479 3016 2628 3071 Deus
2655 3013 2916 3071 vivificat
2953 3011 3215 3071 animam
3242 3026 3351 3086 per
3376 3009 3597 3085 perfec·

2050 3112 2173 3167 tam
2210 3107 2634 3183 poenitentiam.
2679 3107 2861 3182 Hujus
2900 3110 3097 3167 autem
3141 3103 3416 3181 perfectio
3453 3119 3594 3164 con·
3643 3123 3839 3171 peruet-

2048 3203 2196 3262 sistit
2221 3204 2284 3261 in
2311 3203 2591 3275 ternario,
2621 3202 2789 3277 quod
2827 3206 2913 3261 est
2950 3200 3246 3273 contritio,
3281 3198 3594 3270 confessio,
3623 3188 3838 3297 wiw-

2049 3303 2107 3357 et
2134 3296 2479 3357 satisfactio:
2521 3295 2781 3372 ideoque
2810 3296 3109 3354 vivificare
3139 3295 3356 3368 legitur
3392 3296 3592 3353 Domi-

2048 3412 2162 3453 nus
2201 3394 2429 3467 judicio
2449 3437 2468 3465 ‚
2499 3392 2777 3467 eloquio,
2808 3395 2867 3449 et
2910 3388 3306 3450 tribulationis
3342 3388 3543 3447 medio
3575 3406 3590 3445 z

2050 3506 2309 3565 quorum
2333 3488 2596 3563 primum
2629 3487 2959 3563 respondet
2991 3485 3328 3545 contritioni
3329 3503 3360 3561 ,ς
3388 3501 3594 3544 secun·

2047 3583 2192 3641 dum
2212 3627 2232 3657 ,
2290 3583 2643 3641 confessioni
2661 3602 2680 3655 ς
2738 3582 2973 3641 tertium
2993 3625 3012 3654 ‚
3068 3578 3465 3639 satisfactioni.
3512 3581 3591 3637 De

2044 3680 2241 3753 primo
2271 3677 2482 3737 dicitur
2507 3678 2570 3735 in
2597 3677 2828 3736 Psalmo
2866 3677 2905 3713 ¹¹
2938 3696 2953 3734 :
2981 3697 3010 3731 ι
3044 3673 3451 3734 msericordias
3480 3676 3593 3731 tuae

2045 3773 2246 3830 multae
2265 3816 2284 3844 ‚
2341 3772 2587 3830 Domine
2608 3814 2628 3843 ,
2683 3771 3012 3831 secundum
3061 3768 3355 3842 judicium
3424 3771 3592 3825 tuum

2044 3865 2284 3924 vivifica
2312 3882 2443 3924 me:
2473 3886 2500 3921 ι)
2551 3881 2685 3924 ecce
2714 3863 3078 3924 contritionis
3113 3862 3437 3936 judicium,
3468 3877 3591 3935 quo

2039 3960 2341 4034 jndicatur
2369 3975 2407 4019 a
2434 3959 2684 4018 Domino
2717 3974 2819 4016 cor
2847 3956 3182 4016 contritum.
3214 3960 3294 4014 De
3328 3955 3590 4014 secundo

2043 4053 2317 4113 scribitur
2344 4070 2382 4112 a
2401 4053 2701 4113 Psalmista
2732 4050 2772 4087 ¹²
2804 4070 2873 4109 :a
2896 4050 3212 4126 Eloquium
3239 4052 3408 4108 tuum
3445 4048 3592 4107 vivi·

2043 4148 2245 4208 ficavit
2269 4164 2367 4206 me
2395 4166 2409 4205 :
2442 4168 2471 4203 n
2507 4163 2640 4206 ecce
2677 4144 3061 4205 confessionis
3097 4143 3437 4220 eloquium,
3467 4160 3590 4217 quo

2043 4243 2326 4302 Dominus
2361 4245 2598 4300 accusat
2627 4245 2884 4299 veterem
2921 4239 3227 4299 hominem
3263 4254 3374 4313 per
3397 4236 3592 4296 homi-

2042 4353 2181 4396 nem
2220 4352 2478 4408 novum,
2520 4339 2804 4409 tanquam
2836 4349 2944 4408 per
2968 4332 3258 4391 vicarium
3283 4347 3478 4390 suum.
3510 4333 3590 4389 De

2039 4428 2211 4490 te'rtio
2236 4430 2501 4505 psallitur
2526 4428 2591 4486 in
2616 4426 2894 4487 Psalterio
2933 4428 2978 4466 ¹⁸
3008 4444 3023 4484 ε
3059 4445 3091 4482 α
3117 4426 3173 4485 Si
3201 4424 3590 4484 ambulavero

2042 4525 2107 4582 in
2134 4524 2335 4583 medio
2368 4522 2793 4593 tribulationis,
2832 4519 3164 4580 vivificabis
3199 4535 3294 4577 me
3325 4537 3340 4577 ε
3379 4540 3408 4575 n
3452 4533 3588 4577 ecce

2041 4617 2438 4677 satisfactorias
2464 4615 2859 4676 tribulationis
2886 4615 3152 4673 medium
3166 4656 3187 4687 ,
3212 4613 3276 4671 in
3305 4629 3428 4688 quo
3457 4627 3586 4671 am-

2042 4712 2243 4783 bulat,
2273 4711 2375 4786 qui
2405 4710 2718 4783 condignoe
2753 4708 3111 4783 poenitentiae
3147 4722 3382 4765 crucem
3409 4706 3584 4780 baju-

2042 4804 2158 4879 lat,
2186 4821 2368 4879 quem
2390 4803 2673 4864 Dominus
2696 4802 3031 4875 mortificat,
3058 4805 3117 4862 et
3141 4799 3414 4860 vivificat.

2685 4962 2947 5029 Epilogus.

2114 5089 2181 5144 Et
2214 5086 2329 5145 hoc
2365 5087 2477 5155 est,
2516 5082 2684 5156 quod
2722 5080 2992 5157 psallitur
3034 5097 3143 5157 per
3185 5083 3538 5159 prophetam
3568 5102 3583 5142 ε

2043 5236 2065 5271 ⁷
2095 5234 2272 5298 Eccli.,
2303 5246 2458 5299 xxix,
2487 5237 2568 5285 2⁰.
2592 5260 2654 5273 —
2685 5233 2708 5268 ⁸
2739 5231 2879 5284 Psal-
2913 5233 3042 5296 hoc,
3074 5236 3154 5284 62.
3185 5258 3243 5270 -
3272 5234 3292 5264 ⁹
3322 5231 3467 5296 lbid.,
3505 5233 3586 5283 56.

2044 5333 2108 5346 -
2143 5308 2184 5342 ¹·
2222 5305 2367 5368 thid..
2409 5308 2489 5357 27.
2527 5332 2590 5345 —
2636 5306 2667 5335 ¹¹
2705 5304 2855 5368 thid„
2900 5306 3007 5356 ¹56.
3050 5331 3113 5343 —
3158 5305 3198 5340 ¹²
3239 5304 3389 5369 thid„
3422 5307 3500 5356 50.
3525 5328 3590 5343 -

2050 5380 2090 5416 ¹³
2114 5378 2252 5430 Peal.
2286 5389 2520 5441 cxxxvii,
2549 5379 2599 5430 7.
2618 5403 2680 5417 —
2709 5378 2778 5444 (a)
2805 5377 2923 5442 Leq.
2949 5376 3428 5444 contemplantibus.
