4196 6294
738 485 855 547 572

734 615 1281 700 compunctionis;
1310 611 1653 677 secundam
1676 658 1694 688 ‚
1743 611 1799 675 si
1834 611 1905 674 in
1948 611 2165 676 labore
2210 612 2273 674 et

734 724 952 790 dolore
970 770 987 805 ‚
1034 722 1140 788 vel
1182 721 1410 787 sudore
1452 717 1727 784 vesceris
1772 735 1938 801 pane
1984 720 2098 781 tuo
2129 766 2149 797 ‚
2210 721 2274 782 et

731 832 1104 915 poenitentia
1128 848 1360 912 corpus
1394 832 1583 892 tuum
1619 825 1922 890 afflixeris
1972 825 2103 904 (sed
2126 824 2270 889 haec

732 960 900 1024 aqua
925 938 1269 1022 sanguinei
1298 935 1524 1001 eoloris
1550 938 1646 999 est
1672 936 1932 1017 propter
1957 931 2267 1012 laborem,

733 1053 798 1114 et
819 1053 1076 1132 propter
1102 1042 1628 1127 concupiscentias
1654 1044 1905 1123 ignem,
1936 1058 2134 1125 quem
2163 1058 2273 1104 ex-

732 1156 990 1239 tinguit)
1013 1175 1031 1236 3
1060 1153 1344 1232 tertiam,
1391 1151 1447 1214 si
1465 1168 1698 1233 aquam
1730 1150 2057 1232 sapientise
2082 1151 2269 1230 pota-

731 1265 932 1344 veris),
958 1280 1104 1346 quae
1121 1263 1284 1326 bene
1303 1259 1495 1324 fluxit
1515 1259 1595 1323 de
1616 1258 1812 1323 latere
1839 1257 2066 1321 Christi
2094 1273 2271 1320 mor-

729 1373 846 1438 tui.
870 1371 991 1449 Qui
1015 1369 1161 1434 talis
1184 1372 1300 1448 est,
1318 1371 1609 1432 mortuus
1624 1370 1720 1430 est
1744 1365 2010 1430 mundo.
2057 1363 2272 1429 Prima

729 1498 898 1563 aqna
922 1497 961 1542 a
990 1476 1327 1560 praeteritis
1371 1473 1647 1558 peccatis
1694 1473 1895 1537 abluit
1940 1471 2265 1536 conscien-

726 1587 923 1666 tiam;
954 1583 1229 1649 secunda
1246 1631 1264 1660 ‚
1294 1586 1369 1647 ut
1397 1582 1615 1647 futura
1640 1597 1869 1646 caveas
1889 1626 1907 1657 ,
1945 1578 2271 1659 extinguit

727 1691 1329 1775 eoncupiscentiam3
1359 1688 1549 1754 tertia
1572 1737 1590 1767 ‚
1628 1689 1684 1752 si
1728 1688 1814 1751 ibi
1859 1687 2229 1770 perveneris
2245 1734 2266 1765 ,

726 1805 901 1885 potat
930 1800 1215 1864 animam
1244 1798 1584 1862 sitientem.
1615 1795 1778 1861 Nam
1806 1794 2090 1860 Christus
2107 1843 2127 1874 ‚
2157 1794 2271 1877 qui

727 1913 825 1974 est
848 1925 1043 1990 super
1067 1905 1197 1970 mel
1236 1904 1438 1969 dulcis
1458 1952 1477 1983 ,
1519 1904 1589 1967 in
1628 1903 1833 1986 patria
1860 1903 1982 1967 erit
2010 1909 2030 1944 ¹
2070 1925 2103 1964 α
2127 1901 2271 1966 fons

729 2034 916 2099 aquae
943 2014 1222 2078 salientis
1251 2011 1547 2076 invitam
1577 2015 1907 2076 aeternam.
1937 2034 1967 2070 ι)

809 2128 910 2188 10.
942 2123 1075 2204 Qui
1095 2121 1211 2185 das
1241 2120 1530 2186 salutem.
1559 2118 1675 2183 Hic
1700 2122 1959 2183 notatur
1980 2116 2270 2183 liberatio

728 2251 769 2297 a
795 2231 1022 2315 poema,
1053 2230 1222 2295 unde
1247 2231 1370 2294 hoc
1402 2249 1418 2293 ε
1452 2226 1837 2305 Redemistz’3
1869 2225 2121 2291 collatio
2144 2225 2272 2290 vir-

727 2342 881 2405 tutis
905 2386 923 2419 ,
964 2338 1135 2403 unde
1165 2358 1182 2402 ε
1218 2337 1350 2418 Qui
1389 2334 1505 2399 das
1548 2335 1845 2399 salutem.
1885 2332 2046 2398 Nota
2075 2332 2269 2398 etiam

727 2446 972 2511 liberati
1018 2444 1455 2509 fortitudinem
1473 2491 1492 2520 ‚
1535 2442 1706 2506 unde
1735 2461 1753 2505 ε
1786 2441 2005 2509 David
2016 2460 2033 2521 3
2090 2441 2268 2505 forti-

730 2553 966 2619 tudinis
1005 2551 1435 2616 humilitatem
1456 2599 1475 2629 ‚
1518 2568 1600 2613 ne
1649 2550 1732 2614 sit
1774 2549 1962 2613 elatio
1985 2595 2004 2626 ‚
2044 2549 2216 2614 unde
2249 2571 2264 2614 :

731 2663 1012 2728 Servum
1052 2666 1257 2723 tuam.
1287 2656 1450 2723 Nota
1483 2656 1673 2721 etiam
1694 2703 1716 2735 ,
1748 2655 1920 2738 quod
1960 2654 2031 2719 in
2073 2655 2266 2721 colla-

733 2769 907 2832 tione
937 2766 1258 2832 virtutum
1288 2769 1384 2829 est
1410 2781 1573 2847 opus
1602 2764 1978 2829 discretione
1995 2810 2019 2842 ,
2044 2764 2216 2828 unde
2248 2786 2264 2828 ι

736 2876 869 2957 Qui
893 2874 1011 2938 das
1052 2872 1327 2937 salutem
1366 2871 1622 2955 reqibas
1635 2919 1656 2950 ‚
1688 2870 1850 2935 bene
1890 2889 1958 2935 se
1994 2871 2270 2953 regenti-

732 2984 875 3049 bus.
906 2982 980 3047 In
1007 2981 1379 3046 liberatione
1405 2998 1444 3043 a
1472 2978 1740 3062 peccatis
1755 3027 1777 3059 ,
1809 2996 1970 3061 opus
2014 2983 2111 3043 est
2136 2979 2267 3044 for-

730 3091 1024 3158 titudinis
1054 3113 1069 3155 :
1101 3107 1254 3155 nam
1287 3087 1549 3171 majoris
1571 3090 1667 3152 est
1694 3087 1993 3171 potentiae
2024 3089 2268 3172 justifl-

727 3220 879 3267 care
895 3201 1192 3284 impium,
1211 3217 1408 3280 quam
1428 3214 1642 3262 creare
1661 3196 1894 3261 coelum
1919 3200 1983 3262 et
2001 3201 2261 3279 terram,

731 3310 945 3374 unde:
978 3306 1341 3375 Redemzzeti.

813 3422 914 3482 12.
943 3418 1134 3483 Sicut
1155 3413 1420 3480 novella·
1440 3413 1890 3497 plantationes.
1918 3413 2065 3479 Tria
2093 3417 2263 3491 sunt,

530 3566 664 3621 „lu-305
732 3542 878 3609 quae
915 3524 1121 3589 solent
1163 3521 1534 3586 hominibus
1577 3521 1804 3604 objici,
1837 3521 2072 3585 scilicet
2114 3522 2268 3585 astas

514 3627 673 3672 ’⁰¹⁰⁰‘-
725 3630 1033 3717 juvenilis
1053 3678 1072 3711 ‚
1121 3629 1254 3693 vita
1297 3628 1630 3710 culpabilis
1663 3676 1683 3705 ‚
1736 3627 1993 3692 scientia
2031 3627 2264 3691 tenuis.

735 3738 861 3804 Pro
887 3740 1093 3816 aetate,
1120 3735 1431 3819 responde
1454 3736 1478 3770 ¹
1510 3757 1526 3800 ε
1576 3758 1608 3796 α
1635 3733 1732 3798 Ex
1761 3752 1871 3799 ore
1899 3734 2264 3814 infantium,

721 3850 797 3911 ‘et
824 3844 1217 3910 lactentium.
1248 3865 1279 3903 n
1319 3842 1446 3908 Pro
1472 3842 1605 3907 vita
1650 3840 1955 3923 culpabili
1976 3889 1995 3921 ‚
2039 3841 2163 3906 hoc
2190 3845 2215 3881 ⁸
2244 3860 2262 3906 z

735 3973 769 4012 ι
807 3951 947 4017 Non
991 3952 1087 4015 est
1125 3950 1299 4015 enim
1339 3948 1535 4014 bomo
1561 3997 1580 4029 ‚
1627 3948 1739 4032 qui
1779 3966 1908 4013 non
1946 3952 2198 4032 peccet3
2228 3971 2259 4010 n

730 4063 795 4126 et
813 4059 837 4096 ⁸
869 4082 884 4126 ε
931 4083 963 4121 α
987 4059 1109 4138 Qui
1136 4060 1272 4124 sine
1300 4064 1553 4143 peccato
1594 4063 1711 4139 est,
1743 4059 1989 4141 primus
2015 4058 2089 4123 in-
2124 4077 2267 4124 eam

730 4167 942 4232 mittat
968 4166 1267 4250 lapidem.
1298 4189 1329 4227 n
1364 4166 1488 4233 Pro
1516 4166 1781 4232 scientia
1805 4166 1984 4232 tenui
2000 4214 2021 4246 ‚
2050 4167 2176 4232 hoc
2200 4168 2264 4232 ⁸:

739 4296 773 4337 a
800 4275 1061 4340 Infirma
1108 4275 1336 4339 mundi
1384 4275 1580 4356 elegit
1625 4275 1824 4353 Deus,
1867 4278 1943 4339 ut
1990 4293 2269 4358 quaeque

492 3438 696 3484 Homini-

504 3503 693 3547 boanda

730 4382 1078 4447 confundat
1115 4383 1322 4446 tortia.
1368 4404 1399 4442 n
1450 4380 1589 4446 Non
1634 4382 1805 4446 enim
1855 4382 1938 4446 ad
1974 4383 2269 4464 jacienda

707 4542 708 4545 ,
734 4490 885 4556 fidei
908 4490 1325 4555 fundamenta
1349 4489 1542 4571 elegit
1569 4489 1733 4555 Deus
1758 4489 2073 4556 versutias
2098 4491 2269 4555 Aris-

730 4596 977 4676 toteIiS,
1021 4595 1127 4661 vel
1167 4595 1358 4661 Tullii
1399 4596 1648 4679 lepores
1686 4597 2039 4662 verborum
2081 4597 2264 4662 lasci-

732 4705 967 4769 vientis
988 4702 1363 4788 eloquentiae
1380 4754 1399 4785 ,
1428 4708 1494 4769 et
1518 4705 1683 4769 fastu
1704 4705 2022 4770 rhetorico
2044 4705 2264 4771 condi-

735 4816 870 4877 tam
904 4811 1373 4896 eloquentiam;
1405 4811 1515 4877 sed
1542 4812 1860 4894 simplices
1874 4861 1895 4893 ‚
1926 4818 1991 4879 et
2016 4814 2262 4894 idiotas,

752 4925 815 4984 et
839 4921 1178 5005 piscatores
1195 4968 1212 4998 ,
1241 4922 1306 4983 et
1327 4919 1697 5002 hujusmodi
1724 4918 1920 4984 viros.

967 5163 1368 5235 PSALM'US
1414 5164 1685 5235 DAVID
1729 5164 2019 5237 CXLIV.

552 5364 693 5414 Argu-

824 5359 884 5417 1.
925 5349 1250 5441 Ezraltabo
1290 5363 1369 5418 te.
1411 5353 1665 5437 Septem
1709 5353 1979 5437 psalmi,
2016 5355 2130 5438 qui
2169 5372 2268 5420 se-

513 5427 711 5543 ”2233ss
748 5465 1039 5561 quuntur
1103 5466 1308 5543 agunt
1332 5464 1579 5527 tantum
1608 5460 1686 5528 de
1712 5460 1900 5527 laude
1926 5460 2072 5539 Dei,
2104 5463 2270 5533 etde

1775 471 2182 542 EXPOSITIO
2224 472 2306 541 IN
2346 472 2877 541 PSALTERIUM.
2954 509 2963 519 ·

2377 609 2727 694 septiformi
2751 610 2961 692 gratia
2983 659 3001 690 ‚
3032 611 3201 677 etde
3228 614 3470 696 septem
3510 611 3691 676 donis
3716 610 3922 694 Spiri-
3967 622 4157 679 palm

2375 723 2483 783 tus
2523 719 2721 783 sancti
2742 767 2763 798 ,
2793 737 2938 802 quae
2982 719 3152 784 dedit
3186 720 3498 785 Dominus
3526 738 3641 803 per
3669 723 3920 804 septem
3952 697 4161 803 Ἢ

2376 827 2798 909 apparitiones
2838 875 2856 904 ‚
2907 828 3143 910 quibus
3187 833 3330 911 post
3380 828 3920 906 resurrectionem
3989 811 4120 856 Μ

2376 934 2671 1016 apparuit
2717 957 2733 998 ε
2784 935 2851 998 in
2895 936 3107 1017 prima
3147 935 3550 1018 apparitione
3606 935 3913 1018 spiritum
3979 956 4147 1025 curi-s

2373 1042 2620 1106 timoris
2642 1091 2661 1121 ,
2691 1060 2841 1107 cum
2867 1042 3157 1125 Angelus
3183 1042 3561 1108 mulieribus
3586 1045 3909 1126 apparuit,
3979 1030 4154 1122 w

2376 1149 2667 1214 etractus
2690 1154 2786 1214 est
2809 1155 2998 1214 terrae
3029 1154 3237 1215 motus
3262 1170 3280 1231 3
3306 1150 3375 1215 in
3400 1151 3683 1214 secunda
3718 1150 3921 1233 spiri·
3967 1147 4153 1247 m

2373 1261 2516 1322 tum
2558 1257 2806 1341 pietatis
2821 1307 2839 1337 ‚
2888 1258 3145 1341 quando
3172 1258 3361 1325 Petro
3399 1259 3694 1342 apparuit
3728 1277 3919 1323 :ma-
3968 1267 4150 1311 amm.

2375 1382 2507 1447 gna
2530 1368 2744 1430 autem
2771 1366 2969 1449 pietas
3006 1367 3124 1431 fuit
3144 1416 3162 1443 ,
3192 1372 3265 1431 ut
3292 1366 3394 1446 ei,
3424 1366 3540 1450 qui
3567 1367 3920 1448 singulari-

2374 1477 2473 1537 ter
2512 1477 2861 1555 negaverat
2892 1521 2909 1551 ,
2955 1474 3370 1556 singulariter
3418 1478 3793 1557 appareret;
3850 1475 3926 1540 in

2366 1579 2560 1644 tertia
2600 1580 2897 1662 spiritum
2934 1581 3215 1646 scientiae
3251 1631 3269 1662 ‚
3320 1581 3577 1647 duobus
3616 1584 3927 1648 euntibus

2374 1688 2445 1751 in
2466 1687 2808 1767 Emmaus,
2839 1690 3097 1772 quando
3134 1690 3226 1754 eis
3266 1691 3604 1773 apparuit,
3634 1694 3699 1755 et
3723 1691 3927 1756 inter-

2374 1795 2742 1877 pretabatur
2784 1795 2854 1859 in
2897 1794 3244 1878 Scripturis
3271 1845 3291 1875 ,
3333 1815 3482 1880 quae
3527 1798 3607 1863 de
3651 1816 3727 1864 eo
3772 1798 3923 1880 ipso

2374 1907 2557 1968 erant
2574 1951 2591 1981 ‚
2621 1903 2929 1986 incipiens
2954 1922 2995 1968 a
3020 1904 3235 1987 Moyse
3269 1909 3332 1970 et
3359 1906 3611 1970 caeteris
3640 1906 3922 1989 prophe-

2375 2011 2483 2088 tis3
2510 2011 2579 2073 in
2621 2015 2845 2092 quarta
2872 2011 3170 2093 spiritum
3198 2013 3593 2077 fortitudinis
3612 2062 3630 2092 ‚
3661 2014 3922 2096 quando

2366 2118 2585 2201 januis
2612 2117 2840 2182 clausis
2879 2117 3145 2182 intravit
3187 2119 3267 2183 ad
3292 2119 3654 2204 discipulos,
3686 2123 3909 2185 osten·

2375 2224 2532 2288 dens
2572 2223 2664 2288 eis
2714 2225 2984 2290 vulnera
3008 2274 3028 2305 ‚
3080 2226 3243 2292 sicut
3285 2227 3486 2292 solent
3533 2228 3603 2292 in
3644 2228 3919 2310 signum

2374 2330 2758 2395 fortitudinis
2826 2332 3139 2398 foramina
3203 2335 3410 2418 clypei
3484 2336 3732 2400 ostendi
3773 2359 3790 2414 ;
3847 2337 3923 2401 in

2375 2437 2605 2522 quinta
2630 2439 2929 2521 spiritum
2954 2440 3195 2505 consilii
3221 2442 3459 2507 frustra
3485 2444 3879 2526 piscantibus
3896 2494 3915 2523 ,

2375 2548 2613 2630 quibus
2661 2549 2911 2613 mittere
2965 2549 3035 2613 in
3090 2549 3420 2615 dexteram
3474 2553 3727 2634 navigii
3784 2558 3923 2618 rete

2376 2655 2695 2721 consuluit
2739 2679 2757 2734 ;
2814 2657 2903 2732 in,
2938 2661 3119 2722 sexta
3179 2658 3438 2742 spiritus
3502 2661 3864 2727 intellectus
3896 2712 3918 2744 ,

2376 2764 2631 2846 quando
2657 2783 2968 2848 apparens
2993 2765 3061 2829 in
3108 2767 3318 2832 medio
3357 2786 3585 2833 eorum
3608 2818 3628 2849 ‚
3660 2772 3923 2853 aperuit

2376 2889 2636 2935 sensum
2656 2920 2674 2950 ‚
2706 2877 2779 2936 ut
2802 2871 3238 2953 intelligerent
3263 2872 3657 2958 Scripturas;
3683 2878 3756 2941 in
3783 2897 3926 2961 sep-

2375 2979 2535 3043 tima
2572 2979 2867 3061 spiritum
2906 2979 3262 3062 sapientiae,
3309 2982 3545 3047 scilicet
3576 2984 3643 3048 in
3672 2985 3778 3049 die
3807 3005 3922 3049 as-

2376 3086 2687 3151 censionis
2709 3134 2727 3164 ,
2757 3086 2910 3170 quia
2943 3105 3149 3170 usque
3192 3088 3271 3154 ad
3317 3089 3493 3154 illam
3529 3091 3699 3157 diem
3726 3094 3914 3176 quasi

2361 3212 2491 3278 per
2525 3194 2858 3258 stultitiam
2904 3194 3115 3260 salvos
3153 3196 3298 3260 fecit
3345 3197 3413 3262 in
3454 3212 3523 3262 se
3562 3200 3911 3266 credentes.

2377 3301 2662 3367 Christus
2685 3302 2916 3367 dicitur
2951 3320 3066 3367 rex
3084 3351 3106 3383 ‚
3137 3309 3199 3368 et
3227 3308 3326 3368 ter
3351 3310 3689 3372 coronatus
3726 3331 3755 3371 ε·
3776 3309 3911 3391 pri·
3943 3330 4146 3375 cum

2377 3429 2484 3476 mo
2526 3412 2743 3496 spinea
2787 3429 3021 3477 corona
3062 3430 3103 3476 a
3144 3431 3418 3479 noverca
3461 3434 3580 3481 sua
3609 3464 3629 3496 ‚
3681 3418 3917 3483 scilicet
3944 3398 4146 3501 “¹'AE

2377 3517 2747 3601 Synagoga,
2778 3536 3012 3584 corona
3038 3521 3340 3601 miseriae3
3370 3523 3490 3588 erit
3516 3524 3711 3589 etiam
3740 3544 3916 3590 coro-

2376 3625 2629 3691 nandus
2675 3645 2714 3690 a
2758 3630 2960 3691 matre
3014 3626 3292 3692 Ecclesia
3327 3678 3344 3708 ,
3393 3632 3651 3715 quando
3699 3634 3916 3699 veniet

2377 3735 2456 3799 ad
2476 3732 2796 3816 judicium
2824 3752 2974 3798 cum
3015 3737 3412 3802 senatoribus
3451 3740 3690 3821 populi,
3739 3759 3915 3806 coro-

2377 3860 2464 3906 na
2484 3841 2752 3924 justitiae
2778 3841 2801 3875 ⁸
2831 3864 2845 3904 :
2886 3864 2918 3902 α
2944 3840 3341 3922 Egredimini
3363 3893 3381 3924 ‚
3428 3847 3580 3911 flliae
3623 3846 3776 3913 Sion
3802 3899 3819 3927 ‚
3853 3855 3915 3913 et

2376 3949 2587 4015 videte
2630 3947 3035 4014 Salomonem
3080 3950 3149 4015 in
3194 3952 3549 4020 diademate
3595 3975 3714 4021 suo
3737 4006 3753 4038 ‚
3785 3976 3915 4041 quo

2377 4055 2703 4120 coronavit
2724 4072 2877 4121 eum
2905 4060 3108 4122 mater
3140 4076 3278 4123 sua.
3311 4081 3344 4120 n
3381 4061 3563 4127 Modo
3588 4064 3777 4129 etiam
3799 4083 3910 4130 co-

2376 4165 2640 4226 ronatus
2666 4166 2762 4226 est
2787 4181 2827 4226 a
2852 4166 3032 4245 patre
3059 4182 3179 4229 suo
3205 4185 3439 4233 corona
3468 4170 3717 4250 glorian,
3741 4173 3912 4237 unde

2376 4268 2499 4333 hoc
2527 4274 2550 4310 ⁷
2580 4291 2595 4332 ι
2638 4292 2669 4330 (ι
2697 4268 2910 4335 Gloria
2935 4276 2998 4337 et
3039 4272 3285 4340 honore
3330 4278 3641 4343 coronasti
3669 4297 3845 4344 eum.
3871 4303 3902 4341 a

2454 4376 2805 4443 Laudabile
2829 4398 3064 4445 nomen
3086 4389 3272 4446 tuum
3297 4384 3364 4447 in
3392 4386 3700 4451 soeculum
3715 4435 3735 4466 ‚
3757 4396 3819 4452 et
3847 4388 3916 4452 in

2369 4486 2677 4552 -soeculum
2700 4487 2935 4554 soeculi.
2969 4486 3226 4570 Triplex
3249 4491 3369 4555 erit
3393 4492 3461 4556 in
3492 4493 3675 4558 nobis
3697 4495 3915 4560 fruitio
3964 4511 4138 4555 meo

2378 4594 2489 4659 Dei
2521 4616 2536 4659 ε
2568 4611 2720 4658 nam
2747 4594 2942 4659 homo
2968 4596 3206 4663 videbit
3230 4599 3427 4665 Deum
3467 4601 3538 4666 in
3566 4604 3911 4685 creaturis,
3947 4573 4166 4679 ,3:32

2376 4702 2446 4766 in
2471 4701 2708 4784 seipso,
2739 4701 2807 4764 in
2834 4703 3144 4784 personiS,
3175 4706 3408 4772 scilicet
3436 4709 3738 4790 perfecte,
3769 4730 3916 4795 per-
3949 4699 4162 4756 μή·

2378 4808 2600 4874 fectius
2622 4857 2639 4888 ‚
2666 4809 3152 4892 perfectissime;
3186 4813 3359 4877 unde
3383 4815 3455 4879 in
3482 4815 3838 4898 Evangelio
3852 4820 3918 4884 ⁸:

2387 4939 2419 4977 α
2445 4916 2804 4981 Mensuram
2849 4918 3083 4983 bonam
3105 4969 3121 4998 ‚
3173 4925 3236 4984 et
3269 4922 3615 4987 confertam
3640 4973 3657 5004 ‚
3687 4927 3750 4988 et
3777 4943 3923 4992 coa-

2378 5025 2675 5108 gitatam,
2723 5029 2787 5090 et
2821 5026 3377 5108 supereffluentem
3427 5030 3532 5111 (a),
3582 5031 3826 5096 dabunt
3852 5032 3926 5097 in

2379 5132 2594 5197 sinum
2620 5135 2905 5197 vestrum
2938 5155 2954 5198 ε
2984 5153 3015 5192 n
3053 5134 3400 5200 confertam
3418 5183 3438 5215 ,
3486 5142 3805 5221 quantum
3841 5142 3927 5205 ad

2445 5252 2458 5280 ¹
2486 5249 2651 5308 Joan„
2686 5260 2756 5313 w,
2788 5251 2862 5300 14.
2886 5275 2950 5287 —
2977 5251 3001 5285 ¹
3025 5250 3163 5302 Psal.
3198 5263 3315 5316 vm,
3347 5254 3398 5302 3.
3422 5277 3487 5289 -
3511 5252 3535 5287 ⁸
3565 5254 3606 5302 11
3637 5254 3775 5319 Κεφ,
3805 5268 3927 5317 vm,

2383 5324 2459 5373 46.
2492 5347 2545 5358 -
2580 5321 2603 5356 ⁸
2626 5323 2792 5383 Joan„
2828 5316 2952 5384 vni,
2991 5324 3041 5372 7.
3068 5350 3132 5360 —
3156 5324 3219 5373 ιι
3250 5324 3387 5387 Con,
3417 5335 3462 5387 1,
3493 5327 3571 5375 27.
3601 5352 3663 5365 -
3699 5328 3721 5363 ⁸
3749 5329 3929 5391 cant..

2383 5407 2465 5459 111,
2495 5398 2572 5444 11.
2596 5419 2656 5430 —
2686 5394 2703 5424 ⁷
2731 5392 2870 5443 Psal.
2898 5405 3012 5459 vm,
3042 5398 3090 5446 6.
3111 5421 3175 5433 -
3199 5395 3223 5430 ⁸
3246 5397 3380 5457 Luc„
3415 5406 3488 5460 vr,
3515 5398 3594 5449 38.

2408 5520 2411 5525 .
2444 5475 2513 5541 (α)
2546 5474 2669 5526 Goet.
2698 5474 2819 5525 edit.
2853 5473 2987 5525 deest
3001 5478 3053 5526 et
3080 5475 3543 5541 supereffluentem.
