4196 6294
1614 423 1979 491 PSALMUS
2021 425 2283 492 cxvm.

826 627 1103 684 Articulus
1127 625 1407 684 secundus.

417 750 753 808 Secundum
778 750 1154 821 subnotatur,
1188 766 1326 807 cum
1351 748 1615 823 sequitur
1649 766 1663 806 :
1698 748 1891 806 Secun-

348 843 476 900 dum
502 845 928 902 misericordiam
959 849 1133 916 tuam,
1166 847 1408 901 Domine.
1438 846 1566 901 Haec
1597 846 1682 900 est
1719 841 1891 899 mise-

346 938 529 1008 ratio,
563 953 686 1012 qua
713 941 860 995 Deus
887 938 1342 995 misericorditer
1368 938 1624 995 intuetur
1654 935 1889 992 interio-

345 1045 473 1088 rem
499 1030 837 1101 hominem,
864 1036 1152 1105 tanquam
1180 1048 1351 1089 suam
1378 1030 1723 1103 imaginem,
1754 1045 1889 1103 quae

346 1123 683 1182 miseranda
701 1124 936 1183 videtur
962 1130 1203 1200 propter
1231 1124 1541 1194 amissam,
1561 1123 1658 1180 vel
1686 1122 1890 1179 remis-

344 1233 474 1275 sam
526 1217 992 1276 similitudinem.
1048 1223 1115 1276 Et
1166 1221 1339 1288 nota,
1385 1217 1545 1292 quod
1591 1216 1890 1274 invenitur

343 1312 750 1372 misericordia
769 1314 1227 1389 quadripartita3
1253 1315 1474 1373 scilicet
1500 1314 1887 1389 praevenienS,

346 1405 697 1479 adveniens,
728 1409 1181 1483 supervenienS,
1204 1414 1261 1467 et
1286 1409 1637 1467 subveniens
1660 1407 1889 1482 :prima

346 1501 633 1575 gratificat
652 1523 669 1574 3
697 1503 961 1561 secunda
1000 1503 1250 1562 ratificat
1268 1523 1285 1577 ;
1332 1503 1500 1562 tertia
1545 1501 1844 1560 beatificat
1862 1519 1881 1572 ς

346 1598 557 1669 quarta
583 1595 893 1668 glorificat.
927 1600 1005 1656 De
1027 1598 1222 1672 prima
1247 1615 1355 1673 per
1393 1597 1757 1656 psalmistam
1794 1594 1887 1651 di-

346 1688 493 1747 citur
514 1692 531 1726 ¹
556 1707 571 1747 :
596 1710 624 1744 α
641 1691 1064 1749 Fortitudinem
1091 1708 1289 1750 meam
1315 1692 1397 1750 ad
1423 1696 1477 1750 te
1509 1690 1839 1749 custodiam
1861 1709 1880 1761 ς

345 1783 488 1857 quia
514 1786 665 1841 Deus
693 1789 995 1859 susceptor
1021 1803 1191 1844 meus
1223 1805 1237 1844 :
1269 1789 1418 1844 Deus
1445 1800 1635 1854 meuS,
1663 1783 1887 1840 miseri-

344 1876 549 1935 cordia
577 1877 627 1949 ej
638 1894 704 1934 us
736 1879 1055 1951 praeveniet
1082 1896 1179 1937 me
1209 1898 1224 1936 :
1254 1901 1282 1934 n
1319 1895 1389 1937 ac
1415 1879 1463 1936 si
1507 1878 1666 1935 dicat
1694 1896 1707 1934 :
1741 1879 1885 1934 For-

343 1971 474 2029 titer
525 1971 634 2029 tibi
687 1972 906 2031 servire
952 1973 1228 2045 intendo,
1256 1974 1401 2049 quia
1451 1977 1549 2044 tu,
1596 1972 1671 2029 de
1719 1971 1885 2043 qu‘us

341 2064 702 2123 humanitate
744 2066 984 2124 confido
1013 2110 1032 2140 ‚
1075 2084 1171 2125 me
1215 2067 1538 2142 praevenies
1562 2110 1581 2140 ,
1634 2065 1883 2139 gratiam

341 2158 649 2217 influendo
682 2179 695 2216 :
726 2176 861 2218 ecce
903 2159 1310 2219 misericordia
1353 2160 1719 2236 praeveniens
1748 2174 1883 2232 gra-

341 2253 643 2312 tificando.
672 2258 748 2312 De
770 2255 1032 2312 secunda
1048 2271 1158 2329 per
1174 2255 1509 2329 Sapientem
1531 2254 1808 2312 scribitur
1825 2251 1881 2310 ¹:

347 2365 376 2400 α
403 2346 579 2405 Filios
606 2351 739 2406 tuos
767 2364 877 2425 nec
914 2348 1274 2421 draconum,
1306 2365 1415 2407 nec
1451 2351 1882 2407 venenatorum

340 2439 607 2498 vicerunt
632 2440 835 2499 dentes
863 2460 877 2499 ε
907 2442 1314 2501 misericordia
1356 2443 1517 2500 enim
1563 2447 1665 2501 tua
1705 2441 1883 2500 adve-

341 2534 508 2592 niens
533 2536 782 2593 sanabat
814 2536 947 2594 illos
962 2555 979 2608 3
1001 2557 1028 2590 n
1058 2538 1226 2610 quasi
1256 2536 1414 2594 dicat
1444 2555 1457 2592 ε
1491 2536 1620 2594 Filii
1645 2535 1732 2593 tui
1757 2550 1883 2593 non

340 2627 675 2687 deiecerunt
702 2628 930 2701 tentati,
962 2630 1105 2703 quia
1139 2630 1377 2687 fuerunt
1417 2635 1519 2688 tua
1548 2628 1880 2687 misericor-

340 2721 440 2780 dia
491 2722 801 2781 coniortati
851 2741 865 2779 :
918 2739 1050 2780 ecce
1097 2723 1505 2783 misericordia
1556 2722 1882 2780 adveniens

336 2816 704 2875 ratificando.
732 2820 809 2874 De
834 2816 1000 2875 tertia
1027 2833 1133 2892 per
1157 2817 1509 2892 prophetam
1536 2816 1880 2892 psallitur³:

343 2928 371 2962 «ι
394 2912 459 2968 Et
481 2909 679 2968 veniat
701 2927 879 2985 super
902 2927 996 2968 me
1026 2910 1433 2970 misericordia
1456 2915 1576 2983 tua,
1601 2909 1844 2969 Domine
1857 2931 1876 2983 ;

336 3005 591 3064 salutare
640 3010 843 3077 tuum,
869 3006 1199 3064 secundum
1247 3005 1560 3080 eloquium
1598 3008 1766 3062 tuum
1797 3024 1812 3062 :
1845 3026 1874 3059 n

337 3113 472 3158 ecce
517 3099 924 3159 misericordia
962 3101 1385 3175 superveniens
1433 3099 1832 3158 beatificando
1863 3119 1876 3158 ε

336 3192 419 3249 sic
446 3193 605 3251 enim
633 3197 790 3266 orat,
821 3195 925 3269 qui
953 3210 1126 3253 suam
1151 3193 1553 3252 infelicitatem
1573 3193 1879 3270 deplorat,

336 3291 394 3344 et
432 3286 771 3346 felicitatem
814 3288 1113 3362 implorat.
1164 3291 1241 3345 De
1282 3291 1494 3362 quarta
1540 3287 1753 3346 dicitur
1795 3290 1817 3324 ⁴
1860 3306 1874 3343 :

341 3402 369 3432 «
410 3380 807 3440 Misericordia
852 3385 955 3439 tua
1008 3382 1407 3456 subsequetur
1455 3398 1552 3439 me
1597 3380 1878 3439 omnibus

337 3473 549 3533 diebus
598 3475 730 3532 vitae
758 3492 935 3548 meae,
966 3479 1031 3534 ut
1069 3474 1396 3534 inhabitem
1436 3476 1500 3533 in
1549 3475 1733 3534 domo
1773 3479 1878 3534 Do-

335 3568 483 3625 mini
526 3568 588 3624 in
626 3568 1062 3641 longitudinem
1109 3568 1384 3627 dierum:
1426 3589 1454 3624 n
1489 3585 1624 3627 ecce
1655 3567 1879 3626 miseri-

335 3661 539 3719 cordia
567 3661 925 3720 subveniens
954 3661 1346 3735 glorificando
1378 3682 1394 3718 ε
1426 3662 1510 3720 sic
1534 3662 1695 3721 enim
1722 3664 1873 3735 orat,

336 3755 439 3829 qui
481 3754 560 3813 ad
588 3755 843 3828 gloriam
884 3758 1163 3814 oeternam
1204 3754 1515 3831 pervenire
1557 3755 1873 3814 desiderat.

832 3915 1109 3971 Articulus
1149 3915 1364 3971 tertius.

402 4036 657 4095 Tertium
693 4041 1036 4111 annotatur,
1067 4056 1207 4097 cum
1241 4038 1481 4098 additur
1517 4058 1531 4097 :
1576 4040 1877 4097 Secundum

324 4130 596 4201 ‚iudicium
622 4138 810 4202 tuum,
837 4132 903 4191 id
932 4137 1058 4204 est,
1095 4134 1423 4192 secundum
1451 4133 1875 4193 consideratio-

333 4239 472 4283 nem
496 4226 707 4299 judicii
735 4227 858 4296 tui,
899 4228 1069 4302 quasi
1096 4228 1590 4302 ponderationem
1619 4227 1878 4286 exercitii

333 4318 472 4377 mei.
545 4321 692 4378 Nam
755 4321 860 4395 qui
906 4322 1201 4394 judicium
1241 4322 1514 4381 divinum
1557 4322 1879 4396 prudenter

336 4413 699 4486 considerat,
725 4415 1067 4475 exercitium
1092 4417 1407 4492 proprium
1433 4416 1745 4491 ponderat.
1777 4415 1879 4474 Hic

336 4507 513 4567 debet
565 4511 790 4584 notari,
841 4513 1009 4586 quod
1051 4512 1322 4570 divinum
1362 4511 1657 4586 judicium
1702 4510 1881 4569 debet

333 4605 701 4678 praecogitari
720 4645 741 4676 ,
797 4606 1186 4679 praecogitans
1234 4606 1619 4679 interrogari,
1654 4604 1880 4677 justitia

334 4698 652 4772 praeparari
686 4717 702 4756 :
747 4715 1004 4773 quorum
1047 4700 1309 4775 primum
1344 4700 1595 4775 pertinet
1635 4699 1715 4758 ad
1758 4699 1878 4756 dis-

335 4791 686 4865 cretionem3
734 4793 1098 4866 secundum,
1138 4794 1218 4851 ad
1263 4794 1691 4852 discussionem
1702 4812 1720 4866 3
1763 4797 1878 4852 ter-

334 4884 482 4943 tium
501 4928 520 4956 ,
551 4885 630 4943 ad
659 4885 1058 4944 devotionem.
1095 4890 1171 4946 De
1206 4888 1401 4962 primo
1423 4889 1484 4945 ⁸:
1520 4891 1879 4947 «Revertere

335 4978 415 5036 ad
450 4978 793 5052 Dominum,
835 4985 892 5040 et
925 4985 1188 5039 avertere
1227 4981 1305 5039 ab
1345 4981 1625 5055 injustitia
1653 4987 1784 5055 tua,
1824 4985 1883 5039 et

335 5073 511 5131 nimis
552 5073 718 5132 odito
764 5075 1228 5147 execrationem,
1285 5080 1342 5133 et
1385 5093 1678 5149 cognosce
1713 5077 1883 5149 iusti-

338 5168 466 5242 tias,
497 5172 552 5228 et
573 5169 801 5242 jndicia
826 5170 925 5229 Dei
941 5192 959 5245 3
989 5192 1019 5228 w
1051 5171 1223 5248 quasi
1257 5171 1412 5231 dicat
1456 5193 1471 5230 ε
1515 5172 1596 5231 Ad
1613 5172 1881 5245 judicem

401 5295 420 5329 ¹
453 5294 593 5347 Psal.
636 5308 791 5361 Lvm,
842 5302 917 5350 11.
954 5324 1018 5338 —
1052 5300 1076 5335 ¹
1116 5299 1256 5364 Sap„
1299 5310 1418 5363 ιη,
1465 5302 1541 5350 to.
1575 5324 1639 5338 -
1679 5299 1698 5329 ³
1744 5299 1877 5352 Psal.

339 5365 458 5431 hoc,
486 5372 565 5419 tl.
591 5394 650 5407 -
679 5370 703 5405 δ
727 5370 863 5421 Ptol.
895 5383 1025 5432 xxn,
1056 5373 1103 5430 6,
1136 5373 1184 5421 7.
1209 5398 1271 5410 —
1295 5374 1317 5409 ⁸
1346 5371 1524 5435 Eccli„
1550 5384 1680 5435 xvu,
1707 5376 1787 5423 24.
1823 5402 1873 5411 -

3309 471 3316 482 ·
3421 429 3539 491 509

1997 564 2321 634 revertere3
2371 576 2409 619 a
2451 559 2808 634 proejudiciis
2851 561 3148 631 avertere3
3193 558 3540 632 praejudicia

1998 656 2284 714 detestare
2297 674 2315 728 ;
2332 654 2559 729 iudicia
2584 653 2872 712 meditare
2896 673 2914 710 ε
2941 669 3074 712 ecce
3091 651 3302 727 judicii
3322 668 3542 727 praeco·

1995 751 2219 823 gitatio.
2269 754 2347 808 De
2389 750 2651 809 secundo
2687 749 2709 782 ⁶
2747 767 2762 806 ε
2797 769 2826 802 «ι
2861 751 3005 807 Ante
3027 747 3322 820 judicium
3357 747 3539 806 inter·

1995 862 2145 918 roga
2198 845 2473 920 teipsum,
2522 848 2580 903 et
2631 844 2694 901 in
2748 845 3068 917 conspectu
3127 841 3222 899 Dei
3272 840 3539 901 invenies

1955 991 1968 1010 ,
1993 939 2511 1014 propitiationem3
2535 957 2563 991 ι)
2587 937 2758 1011 quasi
2788 936 2947 993 dicat
2973 938 3157 993 :Dum
3175 932 3380 992 divina
3405 950 3539 991 sen-

1993 1032 2178 1091 tentia
2203 1036 2589 1107 prorogatur,
2616 1030 2882 1088 humana
2909 1028 3266 1088 conscientia
3291 1028 3539 1086 interro-

1995 1131 2204 1200 getur,
2232 1130 2297 1184 ut
2341 1123 2708 1198 indulgentia
2746 1127 3022 1197 erogetur
3041 1143 3059 1195 ;
3090 1138 3223 1181 ecce
3260 1122 3541 1197 praecogi-

1994 1220 2169 1279 tantis
2207 1220 2610 1293 interrogatio.
2663 1223 2742 1278 De
2788 1219 2956 1278 tertio
3010 1219 3234 1277 ibidem
3285 1217 3540 1292 legimus

1991 1314 2178 1387 paulo
2206 1314 2475 1389 superius
2507 1317 2529 1351 ⁷
2575 1333 2589 1371 :
2626 1333 2655 1369 α
2699 1317 2842 1371 Ante
2878 1313 3175 1385 judicium
3201 1328 3350 1387 para
3368 1312 3538 1385 justi-

1992 1405 2171 1477 tiam,·
2198 1427 2228 1463 »
2266 1422 2400 1464 ecce
2423 1406 2660 1480 justitiae
2688 1405 3061 1482 praeparatio.

2486 1566 2768 1622 Articutus
2804 1568 3049 1637 quartus.

2069 1691 2355 1760 Quartum
2398 1688 2707 1748 denotatur
2726 1733 2744 1762 ,
2793 1706 2930 1747 cum
2979 1689 3191 1748 dicitur
3233 1709 3247 1746 ε
3310 1690 3538 1761 Vivificc

1992 1800 2095 1841 me.
2116 1783 2268 1842 Talis
2281 1783 2605 1842 vivificatio
2622 1789 2706 1842 est
2724 1782 3039 1856 vigoratio,
3054 1799 3160 1842 seu
3178 1781 3534 1856 fortificatiO,

1991 1893 2100 1951 per
2119 1894 2303 1952 quam
2321 1879 2506 1937 homo
2524 1878 2779 1937 exterior
2797 1878 3045 1937 efficitur
3062 1878 3141 1936 ad
3166 1877 3537 1952 operandum

1988 1971 2276 2044 vivacior,
2299 1989 2406 2030 seu
2422 1973 2648 2031 fortior.
2670 1971 2772 2030 Hic
2787 1976 2994 2030 notare
3013 1988 3353 2045 possumus,
3368 1971 3537 2045 quod

1990 2065 2180 2123 tribus
2214 2066 2410 2124 modis
2441 2066 2733 2138 vivificat,
2773 2065 2896 2122 sive
2946 2064 3179 2138 vigorat
3223 2066 3504 2124 Dominus
3513 2085 3534 2139 3

1989 2159 2211 2217 scilicet
2254 2159 2680 2234 promittendo,
2724 2159 3211 2231 transmittendo,
3241 2164 3298 2217 et
3322 2159 3537 2218 immit—

1988 2253 2204 2312 tendo:
2227 2253 2514 2328 promittit
2532 2253 2691 2311 enim
2711 2253 3042 2327 praemium,
3066 2252 3400 2311 transmittit
3419 2252 3542 2311 elo·

1992 2346 2487 2422 quium,immittit
2513 2345 2812 2404 solatium.
2840 2349 2915 2404 Dc
2948 2346 3143 2420 primo
3171 2346 3193 2382 ⁸
3222 2365 3236 2404 :
3284 2365 3314 2401 α
3340 2345 3537 2405 vivifi-

1991 2442 2151 2499 cabit
2175 2457 2287 2500 nos
2309 2444 2447 2516 post
2471 2439 2626 2499 duos
2656 2439 2783 2498 dies
2814 2458 2881 2497 :n
2910 2439 3115 2498 divina
3143 2440 3366 2516 quippe
3392 2440 3536 2498 vivi-

1990 2534 2188 2593 ficatio
2208 2539 2293 2593 est
2319 2538 2529 2593 nostrae
2558 2533 2968 2592 vivificationis
2991 2534 3290 2607 praesentis
3317 2534 3535 2592 excita-

1987 2629 2093 2702 tio,
2116 2633 2173 2688 et
2195 2627 2403 2688 futurae
2445 2627 2790 2703 pollicitatio
2822 2645 2837 2685 ε
2879 2643 3012 2686 ecce
3037 2627 3356 2686 vivificatio
3391 2644 3534 2703 pro-

1988 2723 2287 2781 mittentis.
2301 2725 2380 2780 De
2389 2721 2652 2780 secundo
2664 2721 2892 2779 canitur
2908 2724 2931 2757 ⁹
2948 2739 2963 2778 ε
2983 2741 3011 2774 α
3030 2721 3348 2796 Eloquium
3366 2725 3532 2780 tuum

1987 2816 2310 2875 vivificavit
2336 2833 2433 2874 me
2471 2834 2485 2872 ε
2524 2836 2551 2870 ι
2584 2831 2718 2873 ecce
2744 2813 3064 2873 vivificatio
3103 2814 3323 2874 litteras
3348 2819 3537 2874 trans-

1990 2910 2287 2969 mittentis.
2318 2913 2395 2968 De
2423 2909 2592 2968 tertio
2620 2909 2836 2967 dicitur
2864 2909 2909 2946 ¹⁰
2940 2927 2954 2967 :
2993 2927 3023 2963 α
3059 2908 3117 2968 Si
3145 2908 3534 2968 ambulavero

1987 3004 2052 3062 in
2077 3005 2280 3063 medio
2310 3003 2725 3077 tribulationis,
2748 3002 3080 3062 vivificabis
3106 3019 3229 3076 me,
3253 3023 3283 3059 w
3316 3004 3537 3063 scilicet

1987 3096 2232 3157 interius
2287 3097 2656 3158 consolando
2702 3115 2717 3157 ε
2760 3113 2895 3158 ecce
2940 3095 3261 3158 vivificatio
3315 3096 3534 3157 immit-

1987 3194 2178 3251 tenfis.
2557 3230 2563 3243 ‚

2628 3264 2885 3330 Epilogus.

2058 3384 2406 3442 Ostensurus
2477 3398 2619 3456 ergo
2690 3382 3181 3458 psalmographus
3252 3383 3535 3442 orationis

1985 3477 2212 3535 vocalis
2259 3476 2776 3549 commoditatem,
2821 3480 3111 3552 quantum
3158 3476 3239 3535 ad
3286 3477 3534 3535 exaudi-

1990 3571 2210 3629 tionem
2237 3571 2539 3629 exterioris
2565 3569 2823 3629 hominis
2858 3587 2966 3645 per
3006 3570 3381 3642 interiorem,
3414 3572 3530 3630 ait:

1991 3667 2183 3725 Vocem
2209 3681 2379 3723 meam
2411 3665 2576 3738 audi,
2615 3668 2907 3739 quantum
2947 3663 3028 3722 ad
3057 3663 3536 3723 vociferationem

1989 3759 2263 3818 exteriori
2291 3758 2518 3817 homini
2562 3757 3045 3831 convenientem,·
3086 3758 3387 3816 Secundum
3429 3763 3535 3816 mi-

1987 3855 2336 3912 sericordiam
2368 3858 2516 3910 tuam
2533 3894 2553 3923 ,
2585 3856 2807 3910 Domine
2823 3894 2842 3922 ‚
2870 3855 3158 3926 quantum
3192 3852 3272 3910 ad
3298 3851 3538 3911 misera-

1989 3948 2216 4008 tionem
2260 3946 2526 4006 interiori
2563 3944 2794 4009 homini
2839 3948 3264 4018 congruentem
3278 3965 3298 4018 3
3346 3946 3538 4003 Secun—

1990 4044 2122 4101 dum
2141 4043 2417 4116 judicium
2454 4047 2636 4107 tuum,
2669 4043 2959 4115 quantum
2992 4039 3072 4097 ad
3107 4039 3317 4112 judicii
3344 4040 3537 4098 consi-

1992 4135 2363 4196 derationem
2429 4133 2692 4193 interiori
2761 4132 2994 4192 homini
3056 4136 3487 4207 competentem
3515 4153 3534 4205 3

1998 4233 2231 4303 Vivifica
2248 4246 2352 4301 me,
2381 4232 2669 4304 quantum
2697 4225 2777 4285 ad
2805 4226 3239 4299 vigorationem
3264 4227 3538 4286 exteriori

1990 4325 2223 4385 homini
2250 4323 2702 4383 consonantem.

2545 4543 2878 4588 nnslcums
2910 4543 2986 4585 vt.

2063 4706 2191 4763 150.
2230 4702 2817 4776 Appropinquaverunt
2857 4703 3234 4774 persequentes
3272 4716 3387 4772 me,
3427 4703 3536 4758 etc.

1991 4798 2151 4856 Sicut
2184 4812 2293 4871 per
2333 4794 2640 4853 hominem
2682 4794 3023 4853 interiorem
3065 4794 3251 4853 homo
3288 4795 3541 4853 exterior

1992 4890 2308 4950 exauditur
2327 4933 2344 4960 ,
2374 4888 2459 4947 sic
2492 4905 2599 4962 per
2635 4889 2942 4946 bominem
2978 4888 3328 4948 exteriorem
3355 4889 3540 4948 homo

1991 4984 2236 5044 interior
2256 4982 2581 5041 custoditur
2605 5001 2622 5038 ε
2645 4982 2813 5056 quod
2834 4982 3119 5057 praeclare
3139 4999 3346 5041 versus
3364 4982 3542 5056 huius

1994 5078 2396 5137 declaratione
2433 5076 2696 5135 sentitur.
2744 5078 2892 5134 Nam
2931 5077 3081 5151 quid
3110 5076 3224 5134 sibi
3251 5076 3394 5135 velit
3416 5077 3541 5135 boec

1991 5173 2214 5245 littera,
2245 5174 2831 5246 Appropinquaverunt
2842 5213 2864 5244 ,
2893 5175 3003 5230 etc.
3018 5213 3039 5245 ,
3068 5171 3181 5230 nisi
3213 5171 3382 5247 quod
3405 5188 3542 5247 per-

1992 5302 2013 5333 ⁸
2040 5298 2221 5366 Eccli„
2250 5310 2410 5363 xvm,
2440 5301 2517 5350 20.
2547 5324 2609 5337 -
2648 5298 2664 5328 ⁷
2697 5296 2841 5361 thid„
2876 5300 2950 5348 19.
2981 5323 3035 5335 -
3070 5296 3095 5333 ⁸
3133 5298 3264 5354 Ose..
3288 5310 3373 5363 vr,
3403 5299 3452 5349 3.
3478 5323 3542 5337 -

1993 5375 2014 5405 ⁸
2043 5370 2183 5425 Psat.
2211 5371 2339 5433 hoc,
2374 5374 2450 5422 50.
2481 5398 2544 5408 -
2573 5372 2612 5407 ¹·
2634 5370 2768 5422 Psal.
2796 5380 3030 5434 cxxxvu,
3052 5372 3102 5423 7.
