4196 6294
1403 523 1483 589 IN
1524 462 2088 587 HEXAEMERUN.
2136 519 2402 587 SERMO
2445 517 2602 585 xlx.

405 682 523 751 per
548 681 617 729 se
641 680 773 728 non
809 662 956 727 facit
982 661 1415 740 harmoniam,
1447 659 1558 723 sed
1586 674 1735 722 cum
1760 656 1905 720 aliis
1927 703 1945 735 ,

408 771 699 836 similiter
730 786 902 835 unus
943 769 1120 834 locus
1158 767 1501 851 Scripturae
1529 765 1839 849 dependet
1863 764 1947 828 ab

407 880 562 958 alio;
584 880 717 943 imo
739 896 950 942 unum
974 876 1188 943 locum
1212 874 1564 957 respiciunt
1583 872 1757 936 mille
1782 871 1943 935 loca.

406 987 802 1065 Notandum,
835 983 1006 1067 quod
1042 983 1294 1066 quando
1325 980 1624 1045 Cmusrus
1652 979 1797 1042 fecit
1823 978 1950 1041 mi-

408 1095 700 1159 raculum
752 1093 830 1157 de
881 1091 1291 1155 conversione
1336 1105 1524 1172 aquae
1567 1088 1636 1150 in
1681 1087 1945 1165 vinum,

407 1220 537 1266 non
578 1201 790 1264 statim
838 1199 1001 1262 dixit
1032 1219 1047 1262 ε
1079 1197 1220 1262 Fiat
1244 1198 1510 1272 vinum,
1543 1195 1642 1259 vel
1688 1193 1834 1258 fecit
1871 1194 1950 1258 de

408 1308 611 1373 nihilo
632 1331 649 1386 ;
680 1308 792 1371 sed
816 1306 1023 1370 voluit
1054 1309 1130 1369 ut
1155 1304 1432 1368 ministri
1463 1302 1802 1385 implerent
1824 1301 1950 1382 hy-

410 1417 577 1480 drias
603 1432 794 1498 aqua,
824 1417 898 1477 ut
922 1413 1073 1478 dicit
1099 1411 1444 1494 Gregorius
1467 1412 1509 1475 ¹.
1534 1409 1626 1473 Ad
1647 1408 1944 1488 litteram,

411 1541 609 1608 quare
638 1522 731 1586 sic
768 1521 945 1602 fecit,
986 1520 1153 1584 ratio
1194 1538 1324 1584 non
1360 1519 1568 1601 potest
1598 1516 1797 1581 reddi.
1829 1515 1952 1580 Sed

411 1630 760 1695 secundum
795 1627 1191 1711 spiritualem
1240 1625 1731 1707 intelligentiam
1774 1622 1951 1687 reddi

412 1741 617 1821 potest
641 1737 835 1816 rati0,
867 1736 1023 1819 quia
1062 1735 1339 1817 Spiritus
1383 1738 1641 1797 sanctus
1687 1749 1819 1795 non
1846 1730 1953 1794 dat

410 1844 808 1926 spiritualem
841 1843 1334 1924 intelligentiam
1355 1888 1376 1920 ,
1420 1841 1544 1904 nisi
1582 1839 1779 1904 homo
1826 1838 1949 1901 im·

412 1953 578 2035 pleat
603 1952 895 2035 hydriaS,
924 1950 1275 2015 secundum
1301 1949 1707 2031 capacitatem
1740 1964 1948 2025 suam,

411 2079 579 2144 aqua
598 2108 615 2137 ,
660 2059 895 2123 scilicet
944 2058 1171 2122 notitia
1219 2056 1508 2121 litteralis
1561 2073 1788 2119 sensus
1834 2076 1849 2118 :
1889 2059 1954 2119 et

410 2168 557 2233 inde
572 2185 708 2232 esse
721 2170 958 2250 potest,
977 2166 1149 2249 quod
1173 2164 1342 2229 Deus
1374 2163 1689 2229 convertit
1715 2180 1950 2244 aquam

409 2294 631 2339 sensus
657 2275 976 2354 litteralis,
1016 2273 1086 2337 in
1114 2273 1344 2337 vinum
1388 2270 1735 2353 spiritualis
1761 2270 1948 2335 intel-

406 2381 717 2464 ligentiae.
742 2381 1005 2464 Propter
1030 2381 1154 2446 hoc
1173 2381 1409 2447 Paulus
1436 2380 1555 2444 fuit
1581 2380 1767 2455 altus,
1799 2377 1950 2459 quia

407 2490 541 2572 ipse
577 2489 878 2554 didicerat
919 2489 1134 2569 legem
1185 2488 1264 2552 ad
1314 2487 1508 2570 pedes
1554 2484 1941 2550 GamalieIiS.

410 2594 585 2660 Unde
611 2596 723 2679 qui
743 2596 1137 2679 Scripturam
1163 2597 1355 2660 habet
1374 2643 1395 2676 ,
1422 2598 1648 2678 potens
1675 2597 1772 2658 est
1800 2610 1949 2657 cum

411 2703 676 2787 eloquiis
694 2755 710 2783 ‚
732 2708 795 2769 et
812 2704 1005 2768 etiam
1031 2704 1100 2768 in
1124 2707 1393 2769 venusto
1420 2719 1715 2767 sermone
1746 2700 1953 2767 :unde

3485 519 3601 581 123

2059 673 2149 739 go
2175 655 2539 740 periculum
2558 652 2937 719 descendere
2957 652 3035 716 ad
3059 651 3421 734 originalia,
3449 650 3603 735 quia

2055 763 2321 846 pulcher
2359 780 2571 827 sermo
2614 765 2711 826 est
2738 759 3173 843 originalium.
3228 758 3453 824 Sermo
3479 775 3597 821 au·

2054 877 2185 937 tem
2215 871 2565 954 Scripturae
2594 889 2725 935 non
2753 870 2929 953 pouit
2957 886 3319 933 sermonem
3343 868 3432 931 ita
3455 867 3596 949 pul-

2055 980 2307 1044 chrum.
2353 979 2533 1044 Unde
2579 979 2633 1042 si
2663 977 2932 1041 dimittis
2962 975 3352 1059 Scripturam
3377 1024 3393 1054 ,
3427 976 3496 1037 in
3523 975 3597 1038 li·

2055 1088 2188 1151 bris
2218 1087 2565 1169 Augustini
2607 1086 2898 1161 studens,
2934 1084 3068 1167 lpse
3091 1102 3223 1148 non
3250 1082 3443 1147 habet
3483 1099 3601 1165 pro

2054 1196 2224 1260 bono
2257 1218 2272 1260 :
2305 1196 2393 1259 sic
2420 1212 2536 1258 nec
2564 1192 2802 1259 Paulus
2828 1192 2852 1228 ⁸
2880 1209 3116 1255 nomen
3146 1190 3400 1254 illorum
3424 1239 3441 1270 ,
3484 1191 3600 1273 qui

2056 1303 2317 1368 nomine
2335 1302 2517 1368 Pauli
2535 1299 3038 1384 baptizabantur.
3064 1297 3253 1363 Sacra
3276 1296 3600 1382 Scriptura
3668 1320 3801 1361 sm.

2054 1414 2126 1477 in
2153 1432 2392 1495 magna
2419 1411 2665 1477 cautela
2689 1410 2965 1493 legenda
2991 1414 3107 1473 est.
3144 1407 3264 1491 Maj
3274 1427 3348 1474 us
3375 1412 3592 1473 autem
3645 1379 3840 1495 ῗξᾜξ,

3669 1503 3801 1545 modo

3627 1563 3837 1620 legenda.

2057 1520 2409 1605 periculum
2431 1522 2526 1585 est
2550 1518 2928 1583 descendere
2945 1515 3025 1581 ad
3045 1534 3330 1580 summas
3351 1517 3595 1598 magis-

2058 1633 2306 1694 trorum
2327 1675 2346 1705 ,
2378 1628 2529 1712 quia
2572 1625 2914 1709 aliquando
2952 1641 3229 1706 magnus
3262 1627 3358 1687 est
3401 1623 3472 1686 in
3508 1624 3600 1688 eis

2058 1756 2260 1815 error,
2282 1741 2344 1802 et
2371 1736 2633 1802 credunt
2657 1754 2724 1800 se
2750 1734 2985 1799 habere
3005 1737 3070 1799 et
3098 1731 3451 1813 intelligere
3480 1731 3604 1795 ori-

2057 1845 2336 1926 ginalia,
2367 1848 2429 1909 et
2455 1862 2588 1907 non
2615 1842 3032 1923 intelligunt,
3063 1841 3196 1904 imo
3223 1840 3315 1904 eis
3344 1842 3599 1903 contra-

2058 1952 2298 2017 dicunt.
2346 1950 2523 2015 Unde
2561 1950 2724 2014 sicut
2769 1936 2980 2013 fatuus
3019 1951 3212 2026 esset,
3252 1946 3368 2030 qui
3410 1945 3603 2011 vellet

2057 2078 2311 2143 semper
2337 2058 2669 2123 immorari
2713 2058 2881 2121 circa
2919 2059 3224 2121 tractatus
3255 2103 3272 2134 ,
3332 2057 3394 2118 et
3435 2072 3602 2118 nun-

2058 2186 2255 2250 quam
2278 2167 2572 2257 accedere
2593 2165 2675 2230 ad
2695 2168 2945 2230 textum
2958 2211 2978 2242 ,
3005 2163 3095 2226 sic
3108 2166 3206 2227 est
3224 2162 3302 2227 de
3325 2162 3599 2226 summis

2058 2276 2511 2356 magistrorum
2545 2292 2561 2338 :
2593 2273 2661 2337 in
2688 2273 2792 2336 his
2820 2274 3034 2336 autem
3062 2269 3259 2334 homo
3286 2268 3473 2333 debet
3500 2286 3598 2332 ca-

2057 2400 2231 2459 vere,
2254 2387 2329 2446 ut
2349 2399 2601 2464 semper
2611 2380 2933 2444 adhaereat
2953 2378 3075 2441 viae
3102 2377 3180 2458 (α)
3208 2377 3418 2457 magis
3434 2393 3600 2439 oom-

2058 2490 2263 2553 muni.
2326 2487 2710 2553 Descendere
2739 2490 2955 2550 autem
3010 2484 3091 2547 ad
3131 2482 3597 2571 philosophiam

2058 2600 2154 2661 est
2177 2597 2537 2660 maximum
2562 2593 2945 2678 periculum.
2978 2590 3156 2657 Unde
3186 2593 3256 2655 in
3288 2592 3466 2657 isaia
3499 2590 3601 2655 di-

2058 2704 2225 2769 citur
2250 2705 2273 2741 ⁸
2304 2725 2320 2767 :
2365 2726 2396 2764 a
2425 2701 2547 2768 Pro
2585 2720 2662 2767 eo
2705 2701 2875 2784 quod
2912 2698 3140 2782 abjecit
3183 2696 3457 2781 populus
3495 2696 3602 2760 ille

2059 2829 2262 2894 aquas
2292 2810 2499 2889 Siloe,
2534 2825 2685 2891 quae
2712 2810 2981 2871 currunt
3020 2823 3169 2870 cum
3205 2803 3492 2882 silenti0,
3537 2807 3602 2867 et

2059 2919 2399 3002 assumpsit
2429 2916 2641 2999 magis
2680 2915 2903 2994 Rasin,
2948 2917 3012 2977 et
3048 2912 3347 2978 Romeliae
3366 2960 3382 2991 ,
3411 2934 3442 2971 ιι
3477 2915 3596 2977 etc.

2060 3026 2202 3091 Non
2225 3025 2501 3108 amplius
2526 3022 2975 3088 revertendum
3005 3024 3099 3085 est
3124 3021 3194 3085 in
3215 3019 3600 3104 AEgyptum:

164 2848 215 2889 s,
247 2847 382 2887 Bm,
410 2811 632 2884 beatus
678 2811 1036 2877 Bernardus
1063 2831 1294 2896 parum
1320 2812 1556 2876 sciebat
1575 2860 1592 2890 ,
1645 2810 1755 2875 sed
1801 2810 1954 2893 quia

174 2908 387 3023 ⁶2:⁰32?
412 2919 481 2983 in
497 2919 825 3001 Scriptura
845 2919 1121 2985 multum
1141 2919 1409 2997 studuit,
1425 2919 1568 2983 ideo
1584 2918 1836 2982 locutus
1859 2910 1955 2981 est

164 3034 282 3076 nime
330 3033 389 3075 sit
413 3027 906 3108 elegantissime.
922 3027 1212 3092 Primum
1230 3027 1431 3109 igitur
1444 3027 1743 3108 est‚quod
1755 3026 1952 3090 homo

161 3094 356 3139 “mm
412 3136 642 3202 habeat
677 3136 1103 3221 Scripturam,
1132 3156 1265 3202 non
1314 3136 1482 3201 sicut
1512 3134 1770 3202 Judaeus
1793 3184 1809 3216 ,
1841 3136 1953 3219 qui

411 3244 622 3310 solum
640 3245 781 3310 vult
827 3245 1146 3309 corticem.
1186 3244 1363 3310 Unde
1399 3243 1663 3326 quidam
1691 3241 1954 3308 Judaeus

412 3351 609 3417 semel
634 3352 794 3433 legit
820 3351 978 3416 illud
996 3351 1346 3434 capitulum
1362 3329 1595 3417 Isaioe:
1620 3372 1650 3410 α
1663 3349 1949 3428 Domine,

414 3459 560 3541 quis
585 3457 850 3523 credidit
878 3458 1123 3522 auditui
1156 3479 1187 3518 n
1216 3461 1435 3523 nostro
1455 3507 1475 3536 ‚
1506 3463 1652 3536 etc.;
1687 3460 1749 3521 et
1776 3457 1953 3538 lege-

415 3567 522 3630 bat
547 3565 626 3629 ad
653 3564 931 3631 litteram
949 3614 965 3643 ,
1017 3570 1082 3629 et
1105 3583 1236 3630 non
1271 3564 1478 3646 potuit
1520 3565 1755 3629 habere
1800 3583 1951 3629 con-

414 3672 832 3753 cordantiam,
866 3676 938 3738 ut
957 3690 1220 3737 sensum
1242 3673 1508 3751 faceret,
1540 3676 1604 3736 et
1639 3672 1781 3736 ideo
1804 3690 1952 3755 pro·

406 3781 560 3862 jecit
584 3780 825 3845 librum
852 3781 933 3844 ad
967 3784 1241 3858 terram,
1286 3780 1642 3862 imprecans
1682 3783 1754 3843 ut
1790 3779 1956 3844 Deus

414 3887 826 3952 confunderet
855 3886 1105 3965 Isaiam,
1134 3887 1320 3969 quia,
1344 3891 1417 3951 ut
1442 3886 1564 3951 sibi
1589 3886 1951 3966 videbatur,

413 4012 541 4058 non
568 3998 812 4077 poterat
837 3998 1006 4059 stare
1031 3994 1205 4077 quod
1231 3994 1497 4058 dicebat.
1527 3994 1624 4058 Ad
1652 3994 1817 4057 hanc
1846 4010 1951 4056 au-

413 4106 541 4166 tem
566 4101 1055 4184 intelligentiam
1091 4118 1222 4165 non
1249 4105 1452 4184 potest
1491 4099 1687 4164 homo
1723 4118 1956 4182 perve-

412 4208 549 4274 nire
575 4227 690 4292 per
713 4228 782 4274 se
800 4258 819 4288 ,
865 4209 976 4274 sed
1001 4227 1116 4292 per
1145 4208 1300 4273 alios
1318 4257 1338 4287 ,
1383 4208 1620 4291 quibus
1647 4208 1810 4273 Deus
1848 4225 1955 4271 re·

413 4311 682 4396 velavit,
721 4317 957 4383 scilicet
986 4335 1099 4400 per
1146 4316 1485 4398 originalia
1531 4314 1950 4395 Sanctorum,

413 4430 485 4489 ut
502 4425 877 4506 Augustini,
907 4424 1301 4506 Hieronymi,
1330 4428 1394 4487 et
1420 4423 1719 4488 aliorum.
1753 4423 1952 4506 Opor-

410 4536 499 4598 tet
535 4551 693 4614 ergo
734 4551 988 4597 currere
1033 4533 1114 4598 ad
1159 4530 1503 4613 originalia
1543 4519 1949 4596 Sanctorum.

412 4638 536 4705 Sed
560 4640 714 4723 quia
749 4640 870 4703 ista
897 4643 1049 4703 sunt
1077 4639 1443 4704 difficillima
1466 4688 1482 4718 ,
1530 4639 1672 4704 ideo
1702 4657 1954 4703 necesse

411 4752 561 4812 sunt
587 4764 859 4810 summae
888 4745 1344 4826 magistrorum
1369 4794 1387 4824 ‚
1431 4746 1498 4808 in
1540 4746 1777 4827 quibus
1815 4746 1950 4810 elu-

412 4854 699 4920 cidantur
738 4853 1158 4918 difficultates.
1201 4851 1323 4917 Sed
1359 4853 1716 4918 cavendum
1747 4858 1841 4918 est
1877 4854 1955 4919 de

412 4963 818 5028 multitudine
844 4963 1247 5045 scriptorum.
1290 4960 1369 5026 Et
1396 4962 1549 5044 quia
1577 4962 1697 5027 ista
1724 4964 1954 5045 scripta

411 5070 733 5136 adducunt
759 5068 1286 5154 philosophorum
1314 5069 1509 5133 verba
1530 5116 1546 5145 ,
1574 5088 1830 5134 necesse
1858 5074 1955 5134 est

410 5179 582 5262 quod
605 5180 803 5245 homo
828 5179 1019 5258 sciat,
1049 5178 1154 5242 vel
1183 5182 1498 5260 supponat
1524 5178 1683 5262 ipsa.
1719 5179 1828 5244 Est
1860 5198 1954 5244 er-

475 5377 494 5412 ¹
522 5377 698 5441 Greg.,
737 5377 790 5426 in
818 5374 1017 5434 Est-cm,
1051 5375 1194 5426 hom.
1233 5385 1304 5426 v1.
1336 5399 1391 5412 --
1427 5375 1451 5409 ⁸
1479 5374 1499 5425 1
1532 5375 1671 5438 Cor„
1706 5388 1750 5438 ι,
1790 5380 1864 5430 13.
1890 5404 1955 5416 -

407 5448 432 5483 ⁸
457 5447 575 5508 lea„
604 5459 720 5510 vin,
749 5451 797 5498 6.
825 5474 889 5486 —
912 5448 932 5478 ⁴
968 5447 1201 5510 Hieron„
1227 5445 1293 5496 de
1320 5445 1493 5511 Requl.
1522 5447 1768 5511 monach„
1800 5464 1847 5502 c.
1879 5451 1952 5500 De

412 5519 706 5585 Contempl„
733 5522 864 5570 orat.
892 5522 940 5570 et
968 5517 1084 5570 leot.

2060 3133 2426 3201 Notandum
2452 3133 2530 3199 de
2549 3132 2940 3216 Hieronymo
2958 3129 3000 3210 ⁶,
3025 3128 3136 3212 qui
3159 3131 3302 3211 post
3318 3127 3600 3192 studium

2062 3244 2376 3310 Ciceronis
2402 3263 2533 3309 non
2562 3245 2836 3308 habebat
2861 3258 3184 3326 saporem;
3215 3239 3358 3303 ideo
3378 3238 3603 3319 flagel-

2061 3352 2228 3416 latus
2251 3351 2375 3415 fuit
2412 3355 2558 3415 ante
2585 3348 2867 3414 tribunal
2897 3367 2914 3411 ε
2954 3348 3078 3412 hoc
3105 3350 3319 3411 autem
3345 3350 3602 3428 propter

2063 3477 2182 3524 nos
2205 3459 2443 3523 factum
2478 3464 2605 3538 est,
2633 3463 2708 3523 ut
2735 3456 3031 3538 magistri
3059 3472 3283 3519 cavere
3311 3454 3599 3535 debeant,

2061 3584 2146 3632 ne
2172 3568 2363 3630 nimis
2391 3566 2835 3631 commendent
2869 3569 2933 3628 et
2963 3564 3396 3646 appretientur
3440 3561 3606 3624 dicta

2062 3675 2593 3758 philosophorum
2614 3722 2634 3752 ,
2665 3691 2748 3736 ne
2778 3673 2898 3736 hac
2922 3673 3165 3736 ratione
3195 3669 3472 3752 populus
3499 3687 3601 3733 re-

2063 3786 2356 3847 vertatur
2394 3783 2463 3845 in
2505 3782 2898 3864 AEgyptum,
2948 3784 3011 3844 et
3046 3778 3341 3859 exemplo
3383 3795 3607 3841 eorum

2066 3890 2390 3954 dimittant
2416 3907 2616 3972 aquas
2642 3887 2810 3953 Siloe
2827 3936 2846 3967 ,
2873 3888 2942 3950 in
2972 3886 3207 3968 quibus
3234 3888 3329 3948 est
3355 3901 3610 3948 summa

2065 3996 2363 4081 perfectio
2387 4044 2404 4073 ,
2435 4001 2499 4061 et
2538 3995 2775 4060 vadant
2820 3995 2900 4059 ad
2945 4008 3145 4075 aquas
3193 3992 3608 4075 philosopho-

2064 4123 2217 4169 rum
2237 4155 2255 4186 ,
2286 4105 2356 4168 in
2383 4104 2618 4188 quibus
2645 4108 2742 4167 est
2767 4102 3119 4186 periculosa
3161 4100 3465 4183 deceptio.
3509 4099 3615 4164 Si-

2066 4217 2338 4296 gnatum
2378 4211 2498 4276 fuit
2547 4212 2672 4279 hoc
2706 4211 2776 4274 in
2819 4209 3146 4289 Gedeone,
3190 4209 3306 4272 ubi
3331 4208 3464 4287 illi,
3499 4208 3613 4291 qui

2065 4321 2313 4405 probati
2337 4322 2602 4394 ,fuerant
2631 4320 2711 4384 ad
2737 4337 2969 4402 aquaS,
2999 4319 3122 4400 :qui
3153 4317 3404 4398 ‚scilicet
3448 4317 3614 4380 lam-

2066 4430 2348 4494 buerunt
2374 4429 2538 4494 sicut
2563 4446 2751 4493 canes
2772 4476 2790 4508 ,
2822 4429 3321 4510 pugnaverunt,
3352 4427 3416 4489 et
3442 4425 3613 4490 vice-

2065 4540 2223 4602 runt
2243 4560 2260 4616 ;
2291 4541 2356 4601 et
2380 4536 2471 4599 illi
2499 4536 2608 4618 qui
2637 4536 2806 4600 flexo
2822 4534 3078 4617 poplite,
3109 4552 3167 4598 e1
3183 4533 3429 4597 curvati
3443 4532 3615 4597 bihe-

2065 4650 2257 4724 runt,
2315 4645 2556 4709 reversi
2603 4648 2775 4708 sunt.
2833 4641 2955 4707 Sed
3005 4641 3405 4706 vincentibus
3448 4641 3612 4705 datae

2065 4756 2220 4817 sunt
2265 4753 2440 4816 tubae
2488 4757 2548 4815 et
2593 4751 2843 4833 lagenae
2874 4797 2895 4829 ,
2951 4767 3026 4813 ac
3063 4749 3343 4814 lucernae
3397 4771 3415 4810 :
3463 4766 3613 4812 cum

2065 4860 2370 4941 clangore
2397 4859 2686 4923 buccinae
2712 4907 2728 4938 ,
2779 4860 2843 4922 et
2878 4857 3306 4940 complosione
3355 4856 3616 4939 lagena·

2064 4984 2217 5030 rum
2265 4967 2575 5031 vicerunt.
2634 4964 2739 5028 Isti
2785 4968 2939 5028 sunt
2979 4964 3461 5046 praedicatoreS,
3501 4965 3617 5047 qui

2064 5075 2374 5156 clangunt
2409 5074 2477 5137 in
2515 5073 2962 5155 praedicatione
2997 5071 3286 5136 buccina.
3334 5072 3614 5154 Lagenae

2064 5187 2219 5246 suut
2239 5181 2560 5263 exempla3
2591 5181 2918 5264 lampades
2946 5183 3097 5244 sunt
3121 5179 3456 5246 miracula.
3489 5181 3613 5259 Qui

2064 5289 2239 5354 enim
2276 5306 2393 5371 pro
2435 5287 2704 5353 veritate
2749 5291 2901 5351 sunt
2956 5286 3195 5350 mortui
3216 5334 3236 5365 ,
3281 5287 3613 5352 miraculis

2063 5399 2594 5475 coruscaverunt,
2627 5398 2690 5459 et
2729 5397 3193 5479 superaverunt
3243 5393 3318 5477 (b)
3367 5393 3608 5459 hostes.

2128 5523 2199 5587 (a)
2234 5522 2370 5574 Edit.
2410 5522 2506 5573 Ven
2534 5521 2669 5574 vitae.
2698 5546 2761 5560 -
2784 5519 2852 5586 (ὁ)
2887 5520 3008 5572 Goet.
3041 5518 3166 5569 edit.
3195 5522 3547 5585 speraverunt.
