4196 6294
1273 469 1354 536 IN
1393 465 1957 534 HEXAEMERON.
2004 464 2264 531 SERMO
2309 465 2385 529 ΙΙ.
3347 472 3426 533 39

280 605 523 671 revelavit
547 602 735 669 Deus
763 624 883 689 per
909 604 1214 689 Spiritum
1252 623 1466 671 suum.
1502 602 1775 686 Spiritus

279 716 439 777 autem
500 712 733 777 omnia
800 717 1118 778 scrutatur
1137 764 1157 794 ,
1215 715 1409 778 etiam
1463 711 1775 795 profunda

281 823 376 888 Dei,
408 845 432 880 n
463 820 643 884 Hanc
681 822 1057 905 sapientiam
1100 822 1316 887 docuit
1347 821 1581 885 Paulus
1618 818 1770 882 Dio-

276 931 477 1015 nysium
519 934 586 993 et
643 928 1079 994 Timotheum.
1134 930 1391 1013 Oportet
1434 946 1593 1010 ergo
1656 944 1773 990 nos

272 1040 529 1122 perfectos
557 1054 718 1115 esse,
746 1042 820 1101 ut
846 1038 925 1100 ad
953 1038 1118 1101 hanc
1147 1038 1520 1119 sapientiam
1549 1034 1773 1099 venia-

269 1165 400 1211 mus.
439 1153 508 1205 αἱ
545 1144 710 1221 Quae
747 1149 920 1209 retro
965 1150 1145 1225 sunt,
1186 1167 1217 1204 ι)
1258 1145 1497 1227 inquit,
1550 1167 1581 1203 ιι
1608 1143 1768 1206 obli-

269 1258 504 1333 viscens»,
563 1253 646 1318 ad
694 1254 1011 1317 anteriora
1050 1272 1154 1317 me
1192 1253 1499 1330 extendo,
1543 1251 1596 1314 si
1643 1270 1770 1334 quo

267 1364 416 1427 modo
443 1363 1011 1444 comprehendam.
1047 1383 1078 1421 ι)
1133 1361 1256 1431 Sed
1300 1360 1620 1443 quomodo
1666 1377 1766 1422 sa-

262 1471 455 1553 pientia
489 1470 1110 1553 comprehendetur,
1142 1469 1191 1532 si
1228 1470 1295 1532 in
1339 1487 1449 1532 cor
1487 1468 1770 1531 hominis

259 1595 361 1640 non
383 1577 679 1654 ascendit,
704 1582 767 1640 et
788 1580 882 1640 est
905 1576 1330 1641 nulliformis?
1357 1574 1761 1658 Respondeo:

257 1683 349 1747 Hic
370 1689 452 1748 est
483 1688 695 1748 status
720 1688 784 1748 et
821 1685 968 1747 finis
1009 1684 1333 1767 sapientiae
1379 1684 1763 1749 christianae.

256 1789 402 1857 Unde
426 1810 574 1855 cum
622 1792 959 1876 Dionysius
1001 1792 1236 1857 multos
1275 1788 1470 1856 libros
1496 1791 1762 1869 fecisset,

250 1898 692 1962 consummavit
744 1899 913 1963 hanc
958 1899 1337 1983 sapientiam
1380 1898 1448 1961 in
1484 1900 1765 1982 Mystico,

204 2010 213 2021 '
254 2005 593 2090 Theoloqia,
648 2007 760 2071 ubi
790 2007 941 2071 dicit
963 2009 986 2042 ¹
1023 2029 1039 2070 ε
1094 2031 1125 2067 ιι
1159 2005 1255 2070 Tu
1291 2009 1544 2084 autem,
1577 2025 1614 2070 o
1655 2006 1764 2070 Ti-

243 2114 465 2178 motheo
488 2115 728 2193 amice,
759 2114 927 2178 circa
965 2113 1265 2197 mysticas
1298 2114 1575 2179 visiones
1615 2115 1762 2179 forti

242 2221 454 2285 actione
477 2226 539 2285 et
579 2222 959 2285 contritione
976 2267 996 2297 ‚
1045 2238 1270 2284 sensus
1297 2219 1688 2302 derelinque.
1729 2242 1760 2279 n

238 2327 366 2391 Vult
406 2329 577 2393 enim
627 2329 835 2394 dicere
862 2376 880 2403 ‚
928 2328 1099 2409 quod
1149 2331 1397 2410 oportet
1440 2328 1760 2410 legentem

236 2549 465 2623 cantur,
495 2550 560 2608 et
605 2545 824 2608 omnia
864 2543 1170 2621 dimittat3
1203 2543 1354 2624 quia
1389 2542 1494 2606 ille
1514 2591 1530 2621 ‚
1563 2561 1758 2625 quem

233 2651 348 2714 vult
385 2650 778 2733 intelligere,
807 2654 903 2714 est
937 2668 1130 2733 super
1165 2648 1421 2713 o‘mnem
1460 2651 1757 2714 substan-

232 2757 361 2820 tiam
390 2763 450 2822 et
488 2757 955 2839 cognitionem.
992 2757 1083 2820 lbi
1127 2758 1298 2820 enim
1337 2764 1432 2821 est
1474 2758 1755 2840 operatio

226 2866 648 2942 secretissima,
662 2865 1112 2930 transcendens
1128 2866 1540 2942 intellectum,
1558 2883 1752 2948 quam

227 2988 390 3035 nemo
413 2975 549 3050 scit,
579 2974 712 3036 nisi
741 2974 852 3055 qui
881 2974 1229 3056 experitur.
1259 2972 1332 3037 In
1359 2974 1576 3038 anima
1602 2976 1753 3039 sunt

224 3079 413 3144 multae
469 3082 754 3145 virtutes
825 3081 1303 3164 apprehensivae
1326 3131 1343 3160 ,
1402 3082 1702 3145 sensitiva
1724 3129 1747 3163 ,

224 3189 627 3270 imaginativa
648 3237 666 3268 ‚
699 3190 1081 3255 aestimativa
1106 3239 1122 3267 ‚
1155 3191 1575 3255 intellectiva:
1607 3210 1747 3255 om-

218 3309 312 3357 nes
341 3297 453 3360 has
489 3301 752 3380 oportet
788 3296 1152 3380 relinquere
1183 3318 1199 3361 ε
1226 3291 1355 3361 ¹sed
1400 3299 1470 3361 in
1509 3300 1747 3364 vertice

220 3406 293 3463 eet
322 3403 484 3468 acies
518 3405 802 3482 amoris,
848 3405 1299 3469 transcendens
1344 3424 1587 3470 omnes.
1639 3405 1747 3472 Est

218 3525 353 3589 ergo
380 3512 717 3576 beatitudo
754 3512 1118 3596 dispositive
1153 3516 1215 3576 et
1241 3514 1648 3578 materialiter
1677 3515 1745 3579 in

214 3611 577 3683 intellectiva
600 3667 622 3696 ‚
686 3618 951 3683 libative
1005 3625 1068 3683 et
1122 3622 1622 3688 consummative
1676 3622 1743 3686 in

215 3725 489 3789 amativa.
522 3725 685 3790 Haec
713 3726 1158 3809 contemplatio
1187 3728 1261 3791 fit
1292 3747 1401 3811 per
1427 3730 1737 3810 gratiam;

212 3833 398 3896 tamen
425 3835 507 3898 ad
548 3834 679 3898 hoc
709 3838 900 3917 juvat
939 3835 1281 3913 industria,
1313 3839 1386 3898 ut
1415 3839 1743 3918 separetur

213 3937 379 4005 homo
416 3945 503 4008 ab
546 3945 733 4008 omni
781 3963 860 4008 eo
904 3945 1072 4027 quod
1120 3945 1284 4008 Deus
1324 3963 1455 4008 non
1498 3949 1631 4023 est,
1679 3949 1743 4009 et

207 4050 368 4112 etiam
401 4071 439 4115 a
471 4051 715 4134 seipso.
748 4051 900 4115 Haec
926 4056 1020 4115 est
1053 4070 1354 4133 suprema
1393 4052 1599 4116 unitio
1627 4071 1742 4134 per

210 4174 489 4224 amorem.
546 4159 738 4236 Quod
781 4165 996 4225 autem
1049 4161 1256 4225 solum
1295 4179 1408 4244 per
1452 4179 1738 4226 amorem

208 4262 315 4341 fiat,
344 4267 494 4330 dicit
524 4267 879 4349 Apostolus
898 4268 921 4303 ³
949 4286 965 4330 ε
1001 4290 1032 4327 ιι
1058 4266 1131 4331 In
1155 4249 1738 4335 charitate'radicati

207 4373 255 4429 et
284 4371 573 4452 fundati,
610 4377 688 4436 ut
718 4374 972 4456 possitis
1010 4375 1546 4457 comprehendere
1587 4395 1737 4441 cum

206 4479 474 4543 omnibus
498 4480 772 4559 sanctiS,
795 4499 939 4563 quae
961 4481 1041 4544 sit
1064 4482 1421 4563 longitudo,
1444 4485 1732 4566 latitud0‚

204 4582 557 4667 sublimitas,
596 4592 667 4651 et
687 4588 1095 4670 profundum.
1119 4612 1150 4648 ιι
1187 4588 1307 4654 lste
1331 4609 1512 4655 amor
1537 4597 1738 4657 trans-

208 4693 379 4756 omdit
403 4712 687 4758 omnem
715 4695 1102 4759 intellectum
1130 4700 1193 4760 et
1232 4698 1580 4763 scientiam.
1613 4700 1736 4766 Sed

204 4803 431 4866 tantm:
466 4801 539 4867 Si
593 4802 930 4866 scientiam
959 4804 1381 4884 transcendit,
1414 4809 1735 4887 quomodo

208 4913 370 4980 potoet
395 4909 527 4972 ista
567 4910 888 4992 sapientia
922 4912 1413 4994 comprehendi?
1453 4912 1733 4997 Respon-

206 5008 312 5075 sio:
355 5012 646 5099 Propter
690 5017 813 5080 hoc
860 5016 1032 5081 addit
1081 5018 1417 5100 Apostolus
1443 5020 1466 5055 ⁸
1510 5039 1526 5085 ε
1570 5045 1602 5081 ιι
1661 5020 1734 5085 Ei

208 5123 382 5185 autem
409 5124 531 5206 qui
579 5127 815 5206 potens
854 5127 947 5188 est
978 5126 1194 5190 omnia
1226 5128 1431 5191 facere
1472 5147 1736 5212 supera-

256 5320 493 5389 ‘Philip.,
524 5336 630 5386 m,
665 5328 740 5376 13.
770 5351 832 5363 —
867 5327 891 5361 ²
918 5326 1088 5391 Dion„
1118 5329 1180 5378 de
1209 5330 1363 5394 Myse.
1404 5329 1589 5393 Theol„
1619 5344 1666 5382 c.
1696 5342 1735 5395 1,

212 5394 423 5466 atrine.
462 5397 629 5448 Idem
668 5395 823 5447 habet
861 5398 1031 5458 Basil„
1068 5403 1123 5449 in
1163 5401 1396 5462 fluerem,
1431 5401 1571 5451 hom.
1608 5413 1646 5464 1,
1681 5402 1734 5452 in

212 5469 332 5518 nne.
357 5493 419 5505 —
447 5468 473 5504 ⁸
502 5468 725 5534 Eptaee„
765 5481 847 5534 ιιι,
880 5473 956 5520 Π.
981 5495 1043 5509 --
1068 5471 1260 5536 ⁸1bid„
1294 5476 1372 5523 20.
1405 5474 1509 5526 —.⁵
1548 5474 1566 5523 l
1598 5474 1737 5536 Com,

1882 600 2276 681 bundanter,
2341 620 2536 684 quam
2589 602 2866 685 petimus
2883 649 2899 680 ,
2957 606 3070 665 aut
3123 602 3427 685 intelligi-

1883 726 2070 788 mus,
2121 733 2151 769 »
2215 712 2331 773 etc.
2396 708 2587 774 Nulla
2636 712 2730 773 est
2774 708 3192 791 apprehensio
3240 710 3424 785 istius

1880 818 2226 900 sapientiae,
2251 817 2372 880 nisi
2401 817 2565 881 Deus
2587 816 2844 881 revelet.
2879 815 3051 879 Unde
3078 816 3422 899 Apostolus

1881 926 2032 989 dicit
2072 927 2094 961 ⁸
2146 949 2160 988 :
2213 950 2244 986 ιι
2279 926 2471 991 Nobis
2511 929 2725 989 autern
2765 925 3072 989 revelavit
3115 925 3281 989 Deus
3312 944 3424 1007 per

1880 1033 2192 1115 Spiritum
2229 1052 2505 1097 suum.»
2561 1031 2718 1094 Cum
2768 1049 2923 1095 vero
2970 1050 3150 1095 mens
3201 1033 3267 1095 in
3317 1033 3425 1098 illa

1879 1141 2172 1205 unitione
2209 1142 2550 1222 conjuncta
2588 1139 2777 1203 fuerit
2809 1138 2971 1217 Dec,
3020 1139 3255 1202 dormit
3283 1141 3452 1221 quis

1879 1249 2023 1314 dem
2046 1268 2179 1313 uno
2199 1249 2409 1327 modo,
2433 1253 2495 1310 et
2516 1247 2638 1312 alio
2663 1247 2850 1310 modo
2871 1246 3100 1327 vigilat
3125 1253 3146 1287 ⁸
3172 1264 3189 1308 ε
3223 1269 3253 1307 ιι
3282 1245 3419 1328 Ego

1878 1356 2155 1437 dormio,
2188 1360 2251 1420 et
2285 1375 2394 1420 cor
2433 1375 2651 1420 meum
2695 1356 2946 1437 vigilat.
2979 1376 3009 1414 n
3046 1355 3193 1419 Sola
3223 1355 3419 1419 affec-

1876 1464 2009 1528 tiva
2034 1470 2186 1528 tunc
2213 1463 2474 1545 vigilat,
2509 1471 2572 1528 et
2599 1462 2925 1526 silentium
2953 1464 3254 1526 omnihus
3279 1462 3420 1525 aliis

1876 1573 2178 1653 potentiis
2218 1572 2525 1654 imponit;
2570 1575 2632 1633 et
2672 1576 2826 1634 tunc
2868 1571 3064 1635 homo
3106 1570 3418 1633 alienatus

1875 1685 1970 1744 est
1992 1700 2031 1744 a
2060 1681 2371 1760 sensibUS,
2395 1685 2458 1744 et
2483 1681 2550 1744 in
2577 1680 2779 1743 extasi
2806 1681 3069 1763 posituS‚
3101 1684 3164 1743 et
3188 1679 3366 1744 audit
3393 1682 3416 1717 ⁷

1881 1812 1913 1849 ιι
1940 1807 2175 1852 arcana
2215 1790 2443 1867 verba,
2472 1806 2620 1871 quae
2663 1807 2794 1851 non
2841 1788 2986 1852 licet
3031 1788 3277 1852 homini
3317 1788 3413 1851 lo-

1839 1947 1842 1952 .
1872 1897 2017 1978 qui,
2050 1917 2079 1955 n
2116 1896 2267 1978 quia
2291 1898 2542 1959 tantum
2570 1900 2721 1960 sunt
2750 1897 2815 1958 in
2843 1896 3098 1960 affectu.
3127 1894 3283 1960 Vide
3307 1914 3413 1959 ra-

1872 2004 2136 2069 tionem.
2173 2003 2460 2087 Exprimi
2491 2022 2623 2068 non
2657 2008 2890 2087 potest,
2921 2003 3045 2066 nisi
3071 2003 3242 2086 quod
3271 2022 3433 2067 con·-

1871 2111 2150 2195 cipitur‘:
2185 2112 2427 2193 concipi
2457 2129 2587 2173 non
2621 2115 2855 2192 potest,
2884 2110 3007 2173 nisi
3036 2112 3206 2193 quod
3232 2112 3415 2175 intel-

1868 2218 2140 2301 ligitur:
2174 2220 2378 2299 igitur
2406 2219 2576 2302 quod
2619 2237 2814 2301 supra
2860 2218 3248 2282 intellectum
3291 2224 3405 2299 est,

1869 2328 2141 2411 exprimi
2182 2346 2310 2391 non
2351 2331 2576 2410 potest.
2625 2325 2898 2405 Verum,
2949 2327 3102 2408 quia
3137 2328 3216 2390 ad
3245 2329 3412 2393 hanc

1868 2436 2242 2518 sapientiam
2261 2453 2391 2499 non
2417 2435 2790 2518 pervenitur
2817 2435 2937 2497 nisi
2967 2454 3081 2516 per
3107 2438 3406 2516 gratiam,

1866 2546 2007 2610 ideo
2057 2546 2208 2609 dicit
2251 2544 2563 2627 Sapiens⁸
2615 2566 2630 2608 t
2692 2565 2723 2603 ιι
2778 2542 3210 2627 Quaecumque
3261 2553 3412 2610 sunt

1865 2653 2172 2716 absconsa
2192 2660 2254 2715 et
2271 2652 2641 2735 improvisa,
2658 2651 2883 2726 didici;
2916 2652 3207 2714 omnium
3236 2654 3408 2717 enim

1865 2763 2093 2825 artifex
2123 2762 2336 2826 docuit
2364 2780 2467 2824 me
2495 2760 2801 2843 sapientia
2834 2781 2848 2821 :
2882 2763 2976 2822 est
3002 2760 3172 2823 enim
3202 2762 3269 2823 in
3300 2761 3409 2826 illa

1863 2870 2126 2951 spiritus
2156 2868 2513 2951 multiplex,
2535 2868 2787 2946 unicuS,
2808 2866 3079 2930 subtilis,
3100 2890 3129 2926 n
3151 2867 3271 2932 Iste
3287 2871 3408 2951 spi-

1860 2977 2022 3040 ritus
2062 2976 2365 3039 sublimat
2392 2976 2705 3055 animam,
2744 2978 2805 3038 et
2848 2975 3040 3055 ungit
3066 2995 3229 3039 eam.
3289 2977 3406 3041 Hic

1858 3085 2118 3167 spiritus
2142 3090 2236 3150 est
2260 3084 2281 3121 ⁹
2319 3108 2348 3146 α
2376 3086 2620 3167 digitus
2647 3085 2794 3163 Dei,
2823 3107 2852 3143 ι)
2891 3085 2970 3149 ad
2998 3104 3190 3167 quem
3223 3089 3401 3168 magi

1859 3193 2239 3272 PharaoniS,
2294 3193 2359 3256 id
2412 3196 2538 3272 est,
2607 3191 2961 3256 intellectus
3017 3194 3217 3257 nostri
3271 3214 3401 3259 non

1856 3304 2121 3382 possunt
2147 3300 2488 3381 attingere.

1933 3407 2094 3473 Nota
2121 3412 2366 3487 tamen,
2406 3409 2577 3491 quod
2603 3409 2722 3486 iste
2756 3426 2938 3472 amor
2965 3410 3274 3475 extaticus
3303 3414 3400 3474 est

1854 3518 2356 3598 sequestrativus
2403 3519 2483 3580 ab
2527 3517 2701 3579 omni
2748 3516 3103 3580 adulterino
3139 3519 3394 3598 affectu,

1852 3627 2112 3704 propter
2155 3623 2369 3707 sponsi
2406 3623 2708 3687 affectum
2743 3624 3042 3703 unicum3
3088 3624 3394 3706 soporati-

1852 3746 2003 3807 vus,
2052 3735 2309 3814 propter
2349 3731 2800 3813 quietationem
2844 3732 3134 3794 omnium
3172 3737 3391 3814 poten-

1851 3838 2121 3916 tiarum;
2159 3857 2419 3903 sursum
2448 3839 2724 3917 activuS,
2753 3844 3009 3921 propter
3037 3841 3396 3921 anagogias

1850 3945 2203 4010 coelestium
2272 3946 2730 4010 desideriorum
2759 3970 2775 4025 ;
2851 3948 3344 4029 interemptivus
3372 3999 3388 4028 ‚

1848 4059 2106 4137 propter
2120 4054 2560 4136 jugulationes
2588 4055 2942 4118 carnalium
2971 4056 3390 4138 impedimen-

1846 4165 2086 4224 torum.
2115 4161 2162 4195 ¹⁰
2201 4185 2229 4220 ιι
2255 4161 2391 4226 Non
2428 4163 2598 4224 enim
2634 4162 2876 4226 videbit
2915 4182 3019 4226 me
3073 4164 3298 4244 hom0‚
3332 4173 3394 4230 et

1848 4268 2041 4333 vivet.
2056 4293 2086 4328 ι)
2109 4272 2151 4308 ¹·
2179 4292 2209 4330 ιι
2225 4268 2428 4332 Fortis
2442 4272 2624 4333 estut
2645 4287 2817 4333 mors
2837 4270 3107 4334 dilectio.
3132 4293 3162 4330 t>
3195 4270 3266 4336 Iu
3284 4272 3392 4335 tali

1846 4393 2063 4439 amore
2101 4377 2309 4440 virtus
2347 4377 2580 4441 animae
2618 4378 2687 4440 in
2714 4396 2923 4441 unum
2967 4378 3293 4459 colligitur
3331 4385 3394 4443 et

1845 4484 2113 4547 unitur:
2157 4486 2367 4548 omnis
2408 4490 2624 4549 autem
2654 4485 2859 4549 virtus
2897 4486 3081 4549 unita
3121 4487 3264 4567 plus
3299 4491 3393 4550 est

1843 4590 2115 4654 infinita.
2161 4590 2239 4653 Et
2277 4591 2366 4655 sic
2411 4592 2603 4656 intrat
2639 4591 2873 4655 animal
2914 4593 2983 4655 in
3019 4612 3211 4655 suum
3240 4594 3388 4657 inti-

1846 4716 2049 4778 mum,
2072 4703 2136 4763 et
2152 4717 2265 4781 per
2288 4699 2495 4762 hocin
2513 4718 2707 4762 suum
2727 4718 3056 4763 summum
3080 4701 3382 4780 ascendit,

1845 4805 1996 4887 quia
2028 4805 2200 4869 idem
2228 4809 2321 4867 est
2355 4823 2684 4869 summum
2724 4811 2786 4868 et
2814 4806 3114 4869 intimum
3150 4808 3217 4869 in
3246 4808 3388 4870 ani-

1844 4930 1984 4991 ma,
2014 4913 2164 4975 dicit
2204 4913 2626 4993 Augustinus
2670 4913 2756 4976 De
2797 4913 2918 4976 hoc
2955 4914 3123 4977 dulci
3159 4932 3386 4996 sopore

1846 5019 2188 5083 mulcebris
2196 5019 2450 5102 quietiS,
2463 5020 2612 5082 dicit
2630 5019 2913 5101 Sponsus
2927 5022 2992 5084 in
3011 5021 3170 5087 Cant
3177 5024 3297 5089 icis
3308 5028 3351 5066 ¹²
3365 5047 3380 5088 ε

1845 5126 2089 5210 Adjuro
2131 5145 2269 5207 vOS,
2311 5126 2462 5191 ssliae
2509 5126 2905 5193 Hierusalem
2925 5178 2940 5209 ,
2986 5149 3100 5212 per
3129 5150 3388 5215 capreas

1846 5341 1911 5393 11,
1946 5333 1992 5379 9.
2022 5354 2084 5366 -
2113 5330 2132 5358 ⁶
2157 5328 2324 5387 Cant..
2353 5340 2408 5390 v,
2434 5330 2482 5378 2.
2513 5353 2574 5364 —
2607 5328 2630 5364 '¹
2661 5329 2698 5377 11
2734 5329 2869 5391 Cor„
2901 5341 3003 5393 xit,
3033 5333 3082 5381 4.
3116 5358 3172 5369 -
3200 5332 3224 5368 ⁸
3246 5332 3388 5400 Sap„
3481 5391 3484 5394 ,

1844 5412 1938 5464 vu,
1967 5405 2048 5462 21,
2082 5402 2162 5449 22.
2192 5425 2254 5436 ——
2281 5401 2301 5430 ⁹
2337 5399 2516 5461 Exod„
2553 5411 2667 5461 vm,
2701 5402 2774 5451 19.
2804 5426 2867 5438 —
2906 5401 2948 5437 ¹⁰
2983 5403 3162 5455 Eaeod..
3198 5416 3385 5469 xxxm,

1845 5475 1924 5526 20.
1953 5498 2015 5510 —
2045 5473 2077 5502 ¹¹
2116 5471 2286 5533 Cant„
2314 5482 2432 5536 vm,
2461 5474 2509 5525 6.
2540 5473 2668 5510 —‡¹²
2697 5473 2866 5535 Cant„
2890 5485 2952 5540 11,
2978 5476 3027 5524 ’1.
