4196 6294
118 3238 303 3269 cem..

1642 391 2004 461 PSALMUS
2047 394 2307 462 CXVIII.

180 544 352 600 miqui·
380 536 474 594 isti
500 534 822 611 iniquitatis
857 532 1208 607 processus?
1232 529 1462 588 Primus
1489 532 1573 587 est
1599 528 1922 603 iniquitatis

125 607 245 650 ‘⁸³²⁸
258 620 356 661 ⁹¹⁰·
381 630 641 687 incessus
652 648 669 701 ;
719 643 815 685 see
833 623 1165 694 undus,ini
1185 623 1425 698 quitatis
1466 639 1768 695 accessus3
1814 626 1919 682 ter-

382 724 496 781 tius
506 764 525 793 ,
571 720 891 795 iniquitatis
937 733 1206 776 excessus
1225 736 1243 789 3
1284 720 1560 792 quartus,
1601 716 1922 791 iniquitatis

383 832 704 874 successus.
758 817 1019 871 incessus
1072 810 1275 869 attinet
1326 810 1403 868 ad
1447 811 1919 884 suggestionem3

384 926 678 980 aceessuS,
709 908 788 966 ad
815 906 1295 984 subreptionem;
1325 921 1626 977 excessuS,
1655 905 1734 963 ad
1761 921 1923 965 aver-

384 1005 613 1065 sionem
628 1022 647 1076 3
676 992 1099 1073 suecessuS,'ad
1128 999 1723 1061 animadversionem.

880 1164 1158 1220 Animatus
1199 1164 1428 1235 primus.

453 1290 777 1366 iniquitatis
805 1290 1066 1347 incessus
1093 1286 1418 1344 insinuatur
1435 1328 1455 1358 ,
1487 1300 1624 1343 cum
1661 1283 1874 1343 dicitur
1905 1303 1920 1342 :

166 1402 256 1444 vt·
275 1403 357 1445 ini-
389 1386 551 1443 Viam
593 1386 933 1458 iniquitatis.
1011 1383 1171 1439 Viam
1244 1382 1562 1452 iniquitatis
1581 1420 1600 1449 ‚
1650 1378 1767 1451 ait,
1818 1394 1925 1452 per

128 1465 339 1522 quium*
386 1496 569 1555 quam
604 1477 883 1553 iniquitas
925 1474 1162 1533 incedit.
1206 1476 1333 1531 Hoec
1377 1461 1476 1529 via
1523 1471 1922 1546 proculdubio

385 1576 471 1632 est
517 1571 835 1647 iniquitatis
886 1568 1201 1642 suggestio.
1244 1570 1311 1626 Et
1358 1566 1718 1638 notandum,
1761 1566 1924 1640 quod

384 1667 509 1725 haec
547 1665 645 1723 via
684 1664 1017 1722 triturentur
1042 1662 1105 1719 in
1147 1660 1382 1719 trivium
1413 1678 1428 1717 ε
1477 1659 1733 1718 continet
1766 1660 1923 1718 enim

383 1761 546 1819 viam
574 1758 787 1817 erroris
802 1801 821 1830 ,
850 1757 1011 1814 viam
1038 1754 1253 1814 furoris
1272 1799 1289 1827 ,
1318 1759 1376 1813 et
1405 1753 1567 1812 viam
1606 1754 1875 1812 stercoris
1904 1771 1918 1810 ε

384 1871 640 1931 quarum
664 1853 858 1928 prima
875 1855 1101 1927 spectat
1117 1850 1197 1909 ad
1218 1848 1636 1924 insipientiam,
1663 1849 1925 1923 secunda

383 1952 464 2008 ad
503 1946 958 2022 impatientiam,
1005 1944 1171 2002 tertia
1213 1944 1294 2002 ad
1339 1941 1797 2001 immunditiam.
1846 1945 1923 2000 De

381 2023 578 2118 prima
601 2042 665 2100 in
697 2040 854 2098 libro
892 2041 1207 2112 Sapientior,
1236 2036 1342 2094 ubi
1366 2035 1655 2095 ⁴scribitur
1684 2035 1759 2093 de
1787 2037 1925 2111 qui-

382 2136 671 2203 busdam,
714 2133 819 2208 qui
863 2133 1151 2190 insensate
1197 2131 1467 2188 vixerunt
1504 2138 1522 2174 ¹
1557 2148 1571 2187 :
1628 2148 1657 2182 «
1703 2130 1923 2188 Etenim

383 2232 447 2289 in
488 2227 702 2287 erroris
738 2227 838 2285 via
885 2225 1105 2283 diutius
1145 2228 1484 2282 erraverunt
1525 2242 1540 2281 :
1578 2245 1605 2276 η
1649 2239 1783 2281 eece
1827 2224 1926 2281 via

383 2322 617 2382 erroris.
663 2324 741 2379 De
782 2319 1040 2378 secunda
1074 2320 1097 2354 ²
1146 2338 1161 2376 :
1197 2338 1225 2371 α
1258 2317 1767 2377 proficiscentibus
1794 2316 1875 2374 ait
1905 2335 1920 2375 :

380 2420 461 2474 Ne
491 2413 826 2474 irascamini
869 2413 931 2471 in
973 2412 1072 2479 via
1082 2433 1099 2486 3
1130 2432 1159 2465 n
1211 2416 1268 2470 et
1310 2415 1446 2470 sunt
1482 2411 1669 2469 verba
1709 2411 1923 2485 Ioseph

380 2510 586 2568 tratres
605 2507 1014 2567 admonentis:
1036 2523 1172 2565 ecce
1193 2506 1291 2564 via
1309 2505 1542 2564 furoris.
1570 2507 1647 2562 De
1668 2504 1835 2562 tertia
1858 2506 1880 2541 ⁸
1904 2522 1918 2560 ε

386 2624 416 2658 ι
436 2593 637 2663 Omnis
664 2602 877 2660 mulier
907 2599 1244 2669 fornicaria,
1271 2598 1440 2674 quasi
1467 2601 1686 2657 stercus
1712 2597 1775 2655 in
1801 2596 1921 2667 via,

381 2697 460 2755 ab
509 2695 787 2755 omnibus
823 2692 1307 2770 praetereuntibus
1350 2692 1793 2751 conculcabitur
1824 2710 1839 2749 ε
1887 2712 1916 2745 n

380 2806 517 2850 eece
544 2790 643 2848 via
668 2788 954 2847 stercoris.

856 2950 1140 3006 Articulus
1166 2946 1444 3005 secundus.

184 3099 352 3154 Iniqui·
424 3062 773 3152 'iniquitatis
818 3089 1083 3133 accessus
1125 3069 1449 3143 indicatur,
1493 3085 1630 3127 cum
1675 3068 1919 3141 subJun-

123 3164 241 3206 ‘⁸²⁵⁸
272 3175 348 3204 ⁸⁶·
379 3172 581 3247 gitur:
630 3173 829 3228 Amore
868 3187 902 3226 a
932 3185 1050 3240 me3
1102 3165 1272 3241 quasi
1317 3164 1518 3222 dicat:
1573 3166 1735 3222 Viam
1755 3205 1774 3234 ,
1812 3178 1919 3238 per

375 3281 562 3340 quam
611 3267 881 3321 movetur
917 3260 1229 3336 iniquitas,
1275 3275 1454 3317 amove
1491 3276 1525 3315 a
1562 3272 1683 3327 me,
1718 3272 1792 3313 ne
1838 3256 1917 3313 ad

294 3387 303 3396 ·
373 3376 471 3417 me
516 3361 826 3417 moveatur
867 3355 1187 3431 iniquitas:
1233 3370 1339 3411 seu
1377 3356 1555 3418 viam,
1588 3367 1694 3426 per
1733 3365 1917 3423 quam

372 3452 592 3511 incedit
616 3450 912 3524 iniquitaS,
943 3466 1124 3507 amove
1147 3466 1182 3506 a
1207 3466 1309 3519 me,
1334 3464 1410 3506 ne
1445 3446 1523 3504 ad
1552 3462 1648 3503 me
1676 3443 1919 3502 accedat

373 3546 651 3621 iniquitas
691 3565 705 3604 :
737 3562 807 3603 ae
847 3545 893 3602 si
937 3549 1135 3620 aperte
1179 3543 1375 3602 dicat:
1412 3542 1542 3601 Scio
1586 3557 1691 3616 per
1733 3555 1916 3613 quam

368 3641 533 3698 viam
557 3639 835 3714 iniquitas
862 3638 1098 3696 incedat
1128 3655 1144 3695 t
1182 3637 1326 3695 nolo
1358 3636 1525 3713 quod
1551 3636 1633 3693 sic
1659 3632 1915 3704 incedat,

367 3738 434 3792 ut
474 3734 552 3792 ad
593 3749 689 3791 me
730 3732 989 3791 accedat.
1031 3735 1135 3789 Per
1176 3730 1610 3805 suggestionem
1655 3727 1910 3798 incedit3

364 3843 475 3902 per
502 3827 944 3900 subreptionem
971 3823 1194 3883 accedit
1220 3843 1235 3881 ι
1276 3823 1419 3882 nolo
1448 3822 1616 3898 quod
1642 3821 1725 3879 sic
1751 3821 1912 3878 ince-

368 3922 470 3980 dat
495 3937 603 3996 per
642 3919 1112 3993 suggestionem,
1142 3922 1209 3977 ut
1234 3917 1473 3976 accedat
1507 3933 1615 3992 per
1661 3915 1911 3987 subrep-

367 4014 608 4073 tionem.
649 4016 717 4070 Et
745 4015 918 4083 nota,
947 4012 1113 4087 quod
1149 4011 1448 4085 tripliciter
1476 4010 1670 4068 dicere
1700 4025 1909 4083 possu-

366 4123 500 4165 mus
530 4126 548 4162 ε
580 4108 784 4165 Amove
806 4123 841 4164 a
862 4122 967 4177 me,
995 4105 1322 4163 seeundum
1350 4110 1464 4163 tres
1492 4105 1646 4162 vires
1675 4102 1910 4171 animae,

366 4217 437 4258 ae
463 4200 512 4256 si
542 4198 768 4257 dicatur
796 4219 810 4257 :
853 4201 1055 4257 Amove
1086 4217 1119 4255 a
1154 4215 1253 4269 me,
1284 4197 1348 4255 id
1376 4202 1482 4269 est,
1511 4214 1548 4255 a
1576 4211 1709 4254 mea
1735 4195 1911 4252 ratio-

366 4292 586 4359 nabili,
623 4292 722 4350 vel
755 4309 791 4351 a
818 4309 952 4351 mea
992 4291 1299 4362 irascibili,
1330 4290 1428 4348 vel
1467 4306 1504 4347 a
1533 4305 1668 4347 mea
1697 4303 1910 4346 coneu-

364 4386 621 4461 piscibili
652 4406 666 4443 ε
715 4404 750 4444 a
789 4402 925 4445 mea
961 4386 1205 4461 quidem
1231 4382 1590 4455 rationabili,
1622 4384 1908 4456 quantum

367 4479 450 4536 ad
478 4479 878 4553 intelligentias
904 4480 1357 4555 impedimenta3
1386 4494 1422 4536 a
1446 4492 1581 4535 mea
1608 4473 1933 4545 irascibilis

366 4575 657 4645 quantum
707 4573 787 4630 ad
828 4573 1200 4647 impatientiae
1243 4572 1644 4642 irritamenta;
1692 4585 1729 4626 a
1776 4584 1911 4625 mea

367 4667 838 4744 concupiscibili,
870 4671 1158 4742 quantum
1190 4666 1269 4726 ad
1306 4663 1788 4741 eoncupiscentia*
1819 4663 1909 4720 in-

368 4763 699 4820 citamenta.
736 4765 814 4819 De
839 4761 1033 4835 primo
1058 4764 1079 4798 ⁸
1109 4780 1122 4819 :
1162 4781 1191 4814 α
1215 4761 1446 4818 Amovit
1471 4759 1757 4834 lapidem,
1787 4774 1907 4832 quo

176 4869 341 4916 Jacob.
368 4860 580 4930 puteus
622 4854 1080 4913 claudebatur.»
1115 4855 1202 4913 lbi
1249 4854 1483 4927 legitur,
1534 4852 1701 4927 quod
1725 4851 1907 4911 Jacob

373 4950 598 5007 amovit
622 4943 927 5023 lapideum
953 4948 1114 5022 putei
1136 4951 1536 5020 tegumentum
1562 4946 1640 5004 ad
1666 4961 1908 5019 gregem

115 5049 318 5096 Rachel·
372 5042 640 5100 Rachelis
681 5041 1124 5116 adaquandum.
1164 5041 1363 5113 Jacob,
1420 5039 1483 5096 id
1511 5042 1597 5097 est
1623 5039 1905 5110 luctator,

375 5135 523 5209 quid
559 5139 677 5207 est,
718 5135 831 5193 nisi
867 5133 1164 5208 sapientiai
1198 5133 1550 5191 meditator?
1584 5133 1813 5204 Rachel,
1843 5129 1908 5187 id

435 5262 454 5294 ¹
482 5263 623 5324 Sap..
662 5273 767 5325 κη,
801 5263 883 5311 2⁴.
912 5287 974 5297 —
1008 5261 1028 5290 ²
1057 5259 1199 5318 Gen..
1237 5270 1357 5322 nv,
1385 5260 1465 5309 2⁴.
1490 5285 1551 5297 —
1581 5257 1604 5292 ⁸
1629 5257 1804 5315 Eccli..
1832 5269 1907 5319 lx,

377 5333 454 5380 ¹0.
487 5360 539 5368 —
571 5333 592 5366 ⁸
616 5333 719 5383 Gen
742 5371 756 5393 ,
794 5343 946 5391 xxix,
982 5335 1055 5382 to.
1090 5357 1148 5367 —
1171 5332 1193 5365 ⁸
1218 5330 1397 5391 Ecca„
1431 5340 1518 5391 xv,
1550 5331 1598 5378 3.
1628 5355 1690 5366 —
1719 5332 1739 5360 ὃ
1767 5328 1905 5378 Psal.

2028 533 2117 590 est
2149 531 2360 591 videns
2396 535 2612 606 Deum,
2644 536 2791 610 quid
2829 541 2945 611 est,
2983 536 3096 596 nisi
3131 538 3557 613 intelligentia?

2026 627 2225 684 Puteus
2251 629 2480 701 clausum,
2510 627 2656 701 quid
2693 634 2796 702 est,
2822 631 2932 688 nisi
2971 632 3201 692 occulta
3226 633 3514 709 sapientia
3531 636 3561 692 ἳ

2026 722 2208 780 Jacob
2255 722 2450 807 igitur·
2475 729 2712 783 amovet
2751 727 2913 800 putei
2957 729 3240 803 lapidem,
3286 746 3422 787 cum
3467 746 3560 788 sa-

2025 816 2259 889 pientioe
2293 817 2606 877 meditator
2642 823 2906 878 removet
2946 823 3240 897 sapientiae
3266 824 3558 884 velamen.

2027 912 2179 968 Grex
2205 911 2470 969 Rachelis
2511 912 2871 985 adaquatur,
2897 930 3034 972 eum
3075 916 3437 976 seientiatum
3463 920 3562 977 in-

2026 1003 2489 1065 tellectuantium
2529 1007 2981 1081 congregatione
3025 1010 3376 1086 illustratur,
3422 1014 3519 1073 vel
3539 1016 3561 1050 ⁸

2033 1116 2251 1174 «aqua
2278 1101 2574 1175 sapientiae
2604 1101 2873 1159 salutaris
2912 1122 2942 1157 n
2986 1108 3239 1177 potatur.
3272 1110 3419 1165 Sane
3449 1108 3562 1167 tale

2029 1193 2461 1267 operimentum
2523 1194 2856 1269 sapientias,
2912 1212 3016 1253 seu
3078 1196 3562 1272 impedimentum

2028 1286 2421 1360 intelligentias
2460 1303 2892 1363 nonnunquam
2937 1290 3207 1364 procedit
3245 1292 3322 1350 ab
3350 1293 3565 1370 iniqui-

2028 1382 2178 1451 tate,
2209 1384 2262 1437 et
2292 1380 2429 1438 ideo
2460 1380 2671 1439 dicitur
2693 1399 2818 1441 non
2847 1381 3105 1441 absurde
3136 1402 3150 1441 ε
3183 1387 3374 1444 Amove
3400 1405 3435 1443 a
3460 1405 3562 1446 me.

2030 1474 2107 1530 De
2135 1474 2396 1531 secundo
2425 1474 2696 1533 scribitur
2731 1476 2752 1510 ⁸
2796 1496 2809 1534 z
2860 1495 2888 1530 α
2915 1481 3137 1535 Amove
3175 1493 3212 1535 a
3237 1494 3332 1536 me
3359 1480 3566 1554 plagas

2029 1568 2177 1624 tuas.
2208 1586 2237 1620 ι
2270 1570 2398 1626 Non
2426 1571 2511 1626 est
2533 1567 2806 1639 dubium,
2828 1570 2973 1645 quin
2995 1569 3186 1645 plagas
3211 1575 3332 1629 tam
3354 1573 3567 1631 extrin-

2029 1675 2196 1732 secae,
2252 1678 2432 1736 quam
2485 1661 2828 1734 intrinseeoe,
2886 1662 2951 1720 id
3000 1666 3103 1736 est,
3160 1664 3425 1739 eorporis
3471 1667 3568 1725 vel

2029 1754 2264 1824 animm,
2303 1754 2419 1812 sint
2443 1754 2804 1815 irritamenta
2832 1756 3228 1833 impatientias,
3265 1777 3397 1833 quae
3431 1777 3568 1834 pro-

2030 1846 2184 1905 cedit
2228 1863 2298 1905 ex
2337 1848 2678 1924 iniquitate3
2727 1855 2967 1927 propter
3012 1853 3177 1927 quod
3218 1853 3332 1911 dici
3377 1857 3570 1929 potest

2029 1955 2153 1999 non
2180 1941 2470 2015 insipide:
2496 1943 2699 2000 Amore
2726 1961 2762 2000 a
2786 1961 2883 2001 me.
2906 1948 2984 2002 De
3007 1946 3174 2004 tertio
3197 1949 3219 1984 '¹
3251 1967 3265 2005 ε
3293 1966 3322 2002 κ
3344 1951 3567 2007 Amove

2028 2034 2317 2092 malitiam
2341 2052 2378 2093 a
2405 2051 2580 2094 carne
2610 2040 2729 2093 tua.
2767 2058 2796 2092 r
2830 2039 3104 2097 Malitiam
3133 2039 3272 2099 dicit
3298 2058 3567 2114 eausam,

2029 2127 2405 2203 intrinsecam
2456 2128 2553 2185 vel
2608 2130 3029 2204 extrinsecam,
3089 2134 3568 2208 concupiscentias

2028 2219 2418 2293 incitativam,
2450 2238 2584 2296 quas
2618 2223 3017 2296 proculdubio
3052 2226 3340 2300 contingit
3360 2246 3432 2286 ex
3457 2229 3567 2287 ini-

2031 2314 2273 2388 quitate.
2320 2315 2481 2373 Unde
2538 2316 2737 2374 adhue
2786 2315 2902 2376 hoc
2954 2319 3139 2378 modo
3195 2320 3404 2380 dicitur
3445 2339 3568 2382 non

2029 2408 2355 2483 incongrue
2386 2427 2400 2466 :
2431 2411 2635 2467 Amove
2661 2428 2697 2468 a
2720 2427 2820 2468 me.

2537 2568 2824 2624 Articulum
2852 2571 3062 2626 tertius.

2100 2689 2424 2765 Iniquitatis
2465 2706 2731 2749 excessus
2770 2691 3102 2765 intimatur,
3145 2710 3282 2753 eum
3317 2697 3565 2756 subnee-
3638 2714 3801 2769 tuiqui-
3833 2706 3836 2711 '

2027 2784 2166 2842 titur
2195 2800 2210 2840 τ
2254 2786 2325 2841 Et
2347 2787 2408 2838 in
2437 2784 2549 2855 leae
2584 2787 2711 2855 ma,
2752 2801 2935 2858 quam
2964 2788 3219 2858 excessi,
3248 2788 3394 2848 dum
3430 2791 3565 2849 abs-
3592 2777 3802 2883 m*

2028 2877 2193 2936 cessi.
2223 2879 2289 2935 Et
2313 2877 2644 2935 notandum
2671 2878 2826 2935 circa
2862 2877 3010 2952 legis
3044 2895 3368 2955 excessum,
3399 2885 3567 2958 quod
3746 2870 3758 2883 ⁸

2026 2971 2089 3028 in
2142 2971 2272 3044 lege
2314 2970 2652 3029 excedimus
2696 2970 2892 3028 modis
2946 2972 3133 3030 tribus
3190 2993 3204 3031 ε
3256 2975 3562 3049 videlicet,

2025 3065 2221 3139 legem
2260 3064 2691 3123 contemnendo
2714 3108 2733 3137 ,
2775 3070 2979 3125 eontra
3017 3067 3212 3141 legem
3253 3070 3524 3129 faciendo
3546 3116 3564 3142 ,

2026 3163 2128 3217 aut
2159 3160 2353 3232 legem
2379 3176 2502 3217 non
2535 3159 2810 3218 faciendo
2842 3178 2857 3216 ε
2904 3178 3160 3235 quorum
3193 3164 3453 3237 primum
3482 3171 3568 3225 est
3669 3234 3676 3243 ¹

2023 3252 2527 3327 praesumptionis,
2573 3253 2934 3325 secundum,
2966 3256 3422 3325 commissionis:
3452 3264 3564 3317 ter-

2022 3347 2173 3404 tium
2207 3349 2436 3417 autem,
2467 3346 2818 3405 omissionis.
2849 3351 2926 3405 De
2962 3348 3157 3423 primo
3193 3352 3216 3385 ⁸
3259 3368 3274 3407 ε
3307 3371 3337 3405 (ι
3366 3354 3562 3411 Sacer-

2025 3439 2193 3498 dotes
2220 3440 2344 3511 eJus
2372 3443 2844 3513 contempserunt
2881 3441 3075 3514 legem
3100 3459 3296 3502 meam
3323 3464 3337 3502 :
3370 3466 3398 3498 n
3430 3463 3561 3505 eece

2022 3531 2423 3607 praesumptio.
2472 3535 2549 3589 De
2585 3533 2843 3591 secundo
2884 3537 2907 3570 ⁹
2939 3552 2954 3592 ε
3002 3556 3030 3588 α
3060 3537 3395 3597 Sacerdotes
3437 3540 3562 3612 ejus

2021 3625 2365 3700 polluerunt
2391 3630 2659 3683 sanetum
2681 3668 2699 3696 ,
2729 3627 2940 3699 injuste
2988 3634 3229 3703 egerunt
3253 3636 3454 3690 contra
3481 3633 3564 3691 le-

2022 3735 2189 3793 gem:
2238 3739 2267 3773 »
2300 3734 2433 3777 eece
2472 3719 2829 3778 commissio.
2877 3725 2950 3779 De
2978 3723 3146 3781 tertio
3168 3722 3254 3781 ¹⁰:
3299 3745 3327 3778 α
3359 3731 3560 3785 Nonne

2021 3815 2246 3886 Moyses
2291 3811 2454 3869 dedit
2495 3813 2668 3870 vohis
2706 3813 2932 3886 legem,
2971 3819 3026 3874 et
3062 3832 3239 3876 nemo
3269 3834 3341 3876 ex
3386 3820 3560 3879 vobis

2017 3906 2160 3964 facit
2183 3906 2374 3981 legem
2396 3908 2425 3963 ξ’
2451 3927 2479 3960 n
2526 3923 2660 3965 ecee
2689 3908 2950 3967 omissio.

2505 4067 2791 4125 Articulus
2826 4073 3075 4141 quartus.

2090 4193 2413 4269 Iniquitatis
2461 4210 2761 4253 successus
2801 4196 3184 4270 subnotatur,
3229 4214 3365 4257 cum
3416 4201 3554 4258 sub·
3627 4219 3792 4273 iniqui-

2022 4287 2179 4345 ditur
2226 4306 2240 4343 ε
2280 4289 2533 4346 Miserere
2578 4292 2686 4346 mei
2708 4308 2726 4361 ;
2766 4288 2828 4345 in
2871 4306 2991 4364 quo
3034 4294 3271 4350 notatur
3322 4293 3556 4351 miseria
3580 4281 3791 4383 ¹⁸²¹⁸⁸⁸w

2020 4383 2340 4442 succedens
2367 4383 2675 4459 iniquitati.
2724 4384 3002 4459 Iniquitas
3042 4384 3200 4443 enim
3237 4386 3551 4460 praeeedit3
3580 4355 3704 4388 meu
3734 4372 3747 4385 ⁶

2019 4477 2256 4535 miseria
2288 4477 2578 4550 succedit;
2609 4476 3012 4536 misericordia
3051 4477 3366 4536 intercedit.
3413 4479 3556 4537 Petit

2020 4586 2161 4643 ergo
2191 4570 2354 4646 quod
2395 4570 2797 4629 misericordia
2841 4571 3186 4643 intercedat,
3217 4589 3290 4630 ne
3319 4571 3554 4629 miseria

2019 4663 2311 4739 iniquitati
2357 4664 2659 4737 succedat,
2701 4663 2949 4722 dicens:
2994 4669 3247 4722 Miserere
3273 4667 3398 4722 mei.
3444 4664 3551 4722 Ubi

2016 4774 2331 4831 possumus
2361 4762 2565 4815 notare
2593 4773 2928 4815 successum
2963 4758 3209 4816 miseriae
3233 4757 3548 4832 tripartitae,

2018 4852 2238 4910 scilieet
2276 4851 2523 4909 miseriae
2558 4850 2875 4925 superioris
2893 4894 2913 4923 ,
2942 4849 3259 4922 interioris,
3304 4851 3552 4909 exterio-

2016 4946 2096 5002 ris
2127 4963 2141 5003 :
2172 4961 2423 5020 quarum
2449 4945 2641 5019 prima
2666 4945 2917 5018 pertinet
2950 4945 3028 5003 ad
3057 4960 3295 5019 posnam
3322 4945 3551 5003 damni-

1988 5035 2333 5111 'fieationis3
2373 5037 2666 5109 secunda,
2707 5037 2785 5095 ad
2819 5052 3059 5111 poenam
3083 5038 3334 5112 vermis3
3360 5040 3549 5111 tertia,

2016 5131 2095 5189 ad
2124 5148 2360 5206 poenam
2385 5131 2554 5204 ignis.
2588 5133 2662 5188 De
2689 5131 2882 5206 prima
2908 5130 3118 5190 dicitur
3145 5131 3217 5188 ¹¹:
3256 5151 3284 5185 α
3308 5134 3551 5209 Respice

2018 5262 2414 5318 xxxv111,tt.—
2435 5259 2457 5294 '¹
2484 5257 2668 5318 ἱεῖσαι,
2692 5269 2769 5320 xt,
2795 5262 2870 5308 to.
2888 5285 2952 5296 —
2974 5258 2997 5294 ⁸
3018 5259 3216 5320 Ezech„
3241 5272 3371 5320 χιιι,
3393 5262 3470 5311 26.
3488 5287 3549 5298 -

2016 5330 2038 5363 ⁹
2058 5329 2294 5392 sophon„
2310 5342 2390 5392 m,
2413 5332 2521 5380 -2.—
2539 5331 2581 5366 ¹⁰
2595 5330 2756 5386 loun„
2775 5340 2869 5393 vn,
2891 5334 3030 5381 19.-
3055 5333 3089 5366 ¹¹
3113 5331 3247 5384 Prot.
3264 5343 3454 5393 LxxxV,
3475 5335 3548 5384 ¹6.
