<?xml version="1.0" encoding="UTF-8"?>
<!DOCTYPE html PUBLIC "-//W3C//DTD XHTML 1.0 Transitional//EN"
    "http://www.w3.org/TR/xhtml1/DTD/xhtml1-transitional.dtd">
<html xmlns="http://www.w3.org/1999/xhtml" xml:lang="en" lang="en">
 <head>
  <title>
</title>
<meta http-equiv="Content-Type" content="text/html;charset=utf-8" />
  <meta name='ocr-system' content='tesseract 3.04.00' />
  <meta name='ocr-capabilities' content='ocr_page ocr_carea ocr_par ocr_line ocrx_word'/>
</head>
<body>
  <div class='ocr_page' id='page_1' title='image "./srecardinalissb00cargoog_0478.png"; bbox 0 0 4196 6294; ppageno 0'>
   <div class='ocr_carea' id='block_1_1' title="bbox 380 4058 595 4162">
    <p class='ocr_par' dir='ltr' id='par_1_1' title="bbox 380 4058 595 4162">
     <span class='ocr_line' id='line_1_1' title="bbox 380 4058 595 4112; baseline -0.009 -12"><span class='ocrx_word' id='word_1_1' title='bbox 380 4058 427 4100; x_wconf 88' lang='lat' dir='ltr'><strong>di</strong></span> <span class='ocrx_word' id='word_1_2' title='bbox 437 4058 595 4112; x_wconf 77' lang='lat' dir='ltr'>triplex</span> 
     </span>
     <span class='ocr_line' id='line_1_2' title="bbox 382 4118 557 4162; baseline 0 -1"><span class='ocrx_word' id='word_1_3' title='bbox 382 4118 557 4162; x_wconf 81' lang='lat' dir='ltr'><strong>modus.</strong></span> 
     </span>
    </p>
   </div>
   <div class='ocr_carea' id='block_1_2' title="bbox 616 560 2170 1986">
    <p class='ocr_par' dir='ltr' id='par_1_2' title="bbox 616 560 2170 1986">
     <span class='ocr_line' id='line_1_3' title="bbox 625 560 2170 646; baseline -0.007 -17"><span class='ocrx_word' id='word_1_4' title='bbox 625 575 693 629; x_wconf 82' lang='lat' dir='ltr'><strong>In</strong></span> <span class='ocrx_word' id='word_1_5' title='bbox 720 574 1010 640; x_wconf 63' lang='lat' dir='ltr'><strong>murnum,</strong></span> <span class='ocrx_word' id='word_1_6' title='bbox 1038 574 1323 646; x_wconf 88' lang='lat' dir='ltr'><strong>quantum</strong></span> <span class='ocrx_word' id='word_1_7' title='bbox 1350 567 1428 627; x_wconf 89' lang='lat' dir='ltr'><strong>ad</strong></span> <span class='ocrx_word' id='word_1_8' title='bbox 1454 571 1734 626; x_wconf 67' lang='lat' dir='ltr'><strong>aeternam</strong></span> <span class='ocrx_word' id='word_1_9' title='bbox 1767 563 1970 633; x_wconf 86' lang='lat' dir='ltr'><strong>vitam,</strong></span> <span class='ocrx_word' id='word_1_10' title='bbox 2001 560 2170 636; x_wconf 91' lang='lat' dir='ltr'><strong>quod</strong></span> 
     </span>
     <span class='ocr_line' id='line_1_4' title="bbox 616 658 2169 740; baseline -0.01 -15"><span class='ocrx_word' id='word_1_11' title='bbox 616 665 873 740; x_wconf 76' lang='lat' dir='ltr'><strong>pertinet</strong></span> <span class='ocrx_word' id='word_1_12' title='bbox 893 665 973 724; x_wconf 87' lang='lat' dir='ltr'><strong>ad</strong></span> <span class='ocrx_word' id='word_1_13' title='bbox 991 668 1090 724; x_wconf 75' lang='lat' dir='ltr'><strong>Dar</strong></span> <span class='ocrx_word' id='word_1_14' title='bbox 1108 662 1700 738; x_wconf 84' lang='lat' dir='ltr'><strong>contemplationem3</strong></span> <span class='ocrx_word' id='word_1_15' title='bbox 1718 659 1842 717; x_wconf 83' lang='lat' dir='ltr'><strong>Non</strong></span> <span class='ocrx_word' id='word_1_16' title='bbox 1858 658 2169 728; x_wconf 77' lang='lat' dir='ltr'><strong>obliviscar,</strong></span> 
     </span>
     <span class='ocr_line' id='line_1_5' title="bbox 624 748 2169 835; baseline -0.008 -16"><span class='ocrx_word' id='word_1_17' title='bbox 624 764 913 835; x_wconf 85' lang='lat' dir='ltr'><strong>quantum</strong></span> <span class='ocrx_word' id='word_1_18' title='bbox 939 759 1017 817; x_wconf 89' lang='lat' dir='ltr'><strong>ad</strong></span> <span class='ocrx_word' id='word_1_19' title='bbox 1046 758 1466 834; x_wconf 80' lang='lat' dir='ltr'><strong>gratitudinem</strong></span> <span class='ocrx_word' id='word_1_20' title='bbox 1492 753 1817 821; x_wconf 88' lang='lat' dir='ltr'><strong>infinitam,</strong></span> <span class='ocrx_word' id='word_1_21' title='bbox 1846 750 2013 825; x_wconf 91' lang='lat' dir='ltr'><strong>quod</strong></span> <span class='ocrx_word' id='word_1_22' title='bbox 2042 748 2169 808; x_wconf 89' lang='lat' dir='ltr'><strong>atti-</strong></span> 
     </span>
     <span class='ocr_line' id='line_1_6' title="bbox 623 849 2164 921; baseline -0.01 -7"><span class='ocrx_word' id='word_1_23' title='bbox 623 860 725 915; x_wconf 87' lang='lat' dir='ltr'><strong>net</strong></span> <span class='ocrx_word' id='word_1_24' title='bbox 750 855 829 917; x_wconf 88' lang='lat' dir='ltr'><strong>ad</strong></span> <span class='ocrx_word' id='word_1_25' title='bbox 868 858 966 912; x_wconf 75' lang='lat' dir='ltr'><strong>Dm</strong></span> <span class='ocrx_word' id='word_1_26' title='bbox 1003 851 1539 921; x_wconf 84' lang='lat' dir='ltr'><strong>collaudationem3</strong></span> <span class='ocrx_word' id='word_1_27' title='bbox 1566 849 1988 918; x_wconf 76' lang='lat' dir='ltr'><strong>Justificationes</strong></span> <span class='ocrx_word' id='word_1_28' title='bbox 2020 850 2164 912; x_wconf 81' lang='lat' dir='ltr'><strong>tuas,</strong></span> 
     </span>
     <span class='ocr_line' id='line_1_7' title="bbox 626 939 2170 1025; baseline -0.01 -16"><span class='ocrx_word' id='word_1_29' title='bbox 626 953 919 1025; x_wconf 89' lang='lat' dir='ltr'><strong>quantum</strong></span> <span class='ocrx_word' id='word_1_30' title='bbox 943 949 1025 1007; x_wconf 93' lang='lat' dir='ltr'><strong>ad</strong></span> <span class='ocrx_word' id='word_1_31' title='bbox 1066 948 1304 1023; x_wconf 88' lang='lat' dir='ltr'><strong>culpam</strong></span> <span class='ocrx_word' id='word_1_32' title='bbox 1330 944 1642 1005; x_wconf 81' lang='lat' dir='ltr'><strong>mortalem</strong></span> <span class='ocrx_word' id='word_1_33' title='bbox 1677 941 1884 999; x_wconf 87' lang='lat' dir='ltr'><strong>saltem</strong></span> <span class='ocrx_word' id='word_1_34' title='bbox 1913 939 2170 1011; x_wconf 91' lang='lat' dir='ltr'><strong>origina-</strong></span> 
     </span>
     <span class='ocr_line' id='line_1_8' title="bbox 626 1032 2169 1116; baseline -0.008 -15"><span class='ocrx_word' id='word_1_35' title='bbox 626 1044 747 1101; x_wconf 87' lang='lat' dir='ltr'><strong>lem</strong></span> <span class='ocrx_word' id='word_1_36' title='bbox 775 1044 1083 1115; x_wconf 87' lang='lat' dir='ltr'><strong>abolitam,</strong></span> <span class='ocrx_word' id='word_1_37' title='bbox 1113 1041 1281 1116; x_wconf 89' lang='lat' dir='ltr'><strong>quod</strong></span> <span class='ocrx_word' id='word_1_38' title='bbox 1307 1039 1553 1098; x_wconf 83' lang='lat' dir='ltr'><strong>refertur</strong></span> <span class='ocrx_word' id='word_1_39' title='bbox 1584 1036 1662 1095; x_wconf 90' lang='lat' dir='ltr'><strong>ad</strong></span> <span class='ocrx_word' id='word_1_40' title='bbox 1690 1035 1774 1093; x_wconf 91' lang='lat' dir='ltr'><strong>rei</strong></span> <span class='ocrx_word' id='word_1_41' title='bbox 1802 1032 2169 1092; x_wconf 87' lang='lat' dir='ltr'><strong>reformatio·</strong></span> 
     </span>
     <span class='ocr_line' id='line_1_9' title="bbox 627 1127 2169 1210; baseline -0.008 -14"><span class='ocrx_word' id='word_1_42' title='bbox 627 1153 805 1210; x_wconf 84' lang='lat' dir='ltr'><strong>nem3</strong></span> <span class='ocrx_word' id='word_1_43' title='bbox 853 1140 998 1207; x_wconf 78' lang='lat' dir='ltr'><strong>Quia</strong></span> <span class='ocrx_word' id='word_1_44' title='bbox 1025 1140 1086 1193; x_wconf 78' lang='lat' dir='ltr'><strong>in</strong></span> <span class='ocrx_word' id='word_1_45' title='bbox 1114 1138 1253 1209; x_wconf 73' lang='lat' dir='ltr'><strong>ipsis</strong></span> <span class='ocrx_word' id='word_1_46' title='bbox 1287 1135 1576 1205; x_wconf 73' lang='lat' dir='ltr'><strong>vivificasti</strong></span> <span class='ocrx_word' id='word_1_47' title='bbox 1616 1147 1730 1202; x_wconf 84' lang='lat' dir='ltr'><strong>me,</strong></span> <span class='ocrx_word' id='word_1_48' title='bbox 1771 1130 2060 1203; x_wconf 86' lang='lat' dir='ltr'><strong>quantum</strong></span> <span class='ocrx_word' id='word_1_49' title='bbox 2088 1127 2169 1184; x_wconf 88' lang='lat' dir='ltr'><strong>ad</strong></span> 
     </span>
     <span class='ocr_line' id='line_1_10' title="bbox 624 1224 2170 1301; baseline -0.008 -10"><span class='ocrx_word' id='word_1_50' title='bbox 624 1233 808 1291; x_wconf 87' lang='lat' dir='ltr'><strong>vitam</strong></span> <span class='ocrx_word' id='word_1_51' title='bbox 855 1232 1142 1290; x_wconf 83' lang='lat' dir='ltr'><strong>moralem</strong></span> <span class='ocrx_word' id='word_1_52' title='bbox 1191 1228 1485 1288; x_wconf 78' lang='lat' dir='ltr'><strong>redditam</strong></span> <span class='ocrx_word' id='word_1_53' title='bbox 1505 1271 1526 1299; x_wconf 94' lang='lat'>‚</span> <span class='ocrx_word' id='word_1_54' title='bbox 1575 1224 1744 1301; x_wconf 93' lang='lat' dir='ltr'><strong>quod</strong></span> <span class='ocrx_word' id='word_1_55' title='bbox 1796 1226 2170 1296; x_wconf 84' lang='lat' dir='ltr'><strong>retorquetur</strong></span> 
     </span>
     <span class='ocr_line' id='line_1_11' title="bbox 625 1321 2167 1395; baseline -0.008 -8"><span class='ocrx_word' id='word_1_56' title='bbox 625 1329 706 1387; x_wconf 92' lang='lat' dir='ltr'><strong>ad</strong></span> <span class='ocrx_word' id='word_1_57' title='bbox 733 1326 1262 1387; x_wconf 80' lang='lat' dir='ltr'><strong>conformationem</strong></span> <span class='ocrx_word' id='word_1_58' title='bbox 1289 1345 1303 1383; x_wconf 88' lang='lat'><strong>:</strong></span> <span class='ocrx_word' id='word_1_59' title='bbox 1335 1342 1405 1383; x_wconf 90' lang='lat' dir='ltr'><strong>ac</strong></span> <span class='ocrx_word' id='word_1_60' title='bbox 1429 1325 1479 1381; x_wconf 87' lang='lat' dir='ltr'><strong>si</strong></span> <span class='ocrx_word' id='word_1_61' title='bbox 1500 1324 1707 1395; x_wconf 90' lang='lat' dir='ltr'><strong>lingua</strong></span> <span class='ocrx_word' id='word_1_62' title='bbox 1742 1321 1961 1378; x_wconf 88' lang='lat' dir='ltr'><strong>diceret</strong></span> <span class='ocrx_word' id='word_1_63' title='bbox 1988 1334 2167 1392; x_wconf 84' lang='lat' dir='ltr'><strong>expe-</strong></span> 
     </span>
     <span class='ocr_line' id='line_1_12' title="bbox 625 1411 2168 1481; baseline -0.006 -2"><span class='ocrx_word' id='word_1_64' title='bbox 625 1423 746 1481; x_wconf 90' lang='lat' dir='ltr'><strong>dita</strong></span> <span class='ocrx_word' id='word_1_65' title='bbox 778 1443 792 1479; x_wconf 95' lang='lat'><strong>:</strong></span> <span class='ocrx_word' id='word_1_66' title='bbox 832 1425 896 1480; x_wconf 88' lang='lat' dir='ltr'><strong>ln</strong></span> <span class='ocrx_word' id='word_1_67' title='bbox 922 1424 1141 1479; x_wconf 69' lang='lat' dir='ltr'><strong>aeterna</strong></span> <span class='ocrx_word' id='word_1_68' title='bbox 1164 1420 1285 1477; x_wconf 88' lang='lat' dir='ltr'><strong>vita</strong></span> <span class='ocrx_word' id='word_1_69' title='bbox 1327 1434 1453 1476; x_wconf 93' lang='lat' dir='ltr'><strong>non</strong></span> <span class='ocrx_word' id='word_1_70' title='bbox 1489 1417 1598 1475; x_wconf 88' lang='lat' dir='ltr'><strong>erit</strong></span> <span class='ocrx_word' id='word_1_71' title='bbox 1632 1414 1846 1475; x_wconf 87' lang='lat' dir='ltr'><strong>tradita</strong></span> <span class='ocrx_word' id='word_1_72' title='bbox 1874 1411 2168 1472; x_wconf 89' lang='lat' dir='ltr'><strong>oblivioni</strong></span> 
     </span>
     <span class='ocr_line' id='line_1_13' title="bbox 624 1508 2166 1592; baseline -0.008 -17"><span class='ocrx_word' id='word_1_73' title='bbox 624 1518 799 1592; x_wconf 88' lang='lat' dir='ltr'><strong>culpa</strong></span> <span class='ocrx_word' id='word_1_74' title='bbox 837 1515 1094 1588; x_wconf 90' lang='lat' dir='ltr'><strong>abolita,</strong></span> <span class='ocrx_word' id='word_1_75' title='bbox 1126 1519 1184 1573; x_wconf 91' lang='lat' dir='ltr'><strong>et</strong></span> <span class='ocrx_word' id='word_1_76' title='bbox 1213 1515 1335 1573; x_wconf 87' lang='lat' dir='ltr'><strong>vita</strong></span> <span class='ocrx_word' id='word_1_77' title='bbox 1359 1511 1594 1571; x_wconf 89' lang='lat' dir='ltr'><strong>reddita</strong></span> <span class='ocrx_word' id='word_1_78' title='bbox 1610 1531 1627 1584; x_wconf 85' lang='lat'>3</span> <span class='ocrx_word' id='word_1_79' title='bbox 1671 1511 1787 1568; x_wconf 88' lang='lat' dir='ltr'><strong>hoc</strong></span> <span class='ocrx_word' id='word_1_80' title='bbox 1814 1512 1899 1566; x_wconf 85' lang='lat' dir='ltr'><strong>est</strong></span> <span class='ocrx_word' id='word_1_81' title='bbox 1939 1528 1952 1565; x_wconf 93' lang='lat'><strong>:</strong></span> <span class='ocrx_word' id='word_1_82' title='bbox 1984 1508 2166 1580; x_wconf 90' lang='lat' dir='ltr'><strong>Spero</strong></span> 
     </span>
     <span class='ocr_line' id='line_1_14' title="bbox 624 1600 2164 1685; baseline -0.007 -17"><span class='ocrx_word' id='word_1_83' title='bbox 624 1612 878 1685; x_wconf 81' lang='lat' dir='ltr'><strong>gloriam</strong></span> <span class='ocrx_word' id='word_1_84' title='bbox 948 1607 1462 1684; x_wconf 78' lang='lat' dir='ltr'><strong>contemplationis</strong></span> <span class='ocrx_word' id='word_1_85' title='bbox 1481 1648 1503 1677; x_wconf 91' lang='lat'><strong>,</strong></span> <span class='ocrx_word' id='word_1_86' title='bbox 1555 1609 1613 1663; x_wconf 90' lang='lat' dir='ltr'><strong>et</strong></span> <span class='ocrx_word' id='word_1_87' title='bbox 1666 1600 2122 1662; x_wconf 82' lang='lat' dir='ltr'><strong>collaudationis</strong></span> <span class='ocrx_word' id='word_1_88' title='bbox 2144 1643 2164 1672; x_wconf 94' lang='lat'><strong>,</strong></span> 
     </span>
     <span class='ocr_line' id='line_1_15' title="bbox 622 1696 2167 1779; baseline -0.007 -16"><span class='ocrx_word' id='word_1_89' title='bbox 622 1708 865 1779; x_wconf 88' lang='lat' dir='ltr'><strong>propter</strong></span> <span class='ocrx_word' id='word_1_90' title='bbox 918 1704 1169 1778; x_wconf 84' lang='lat' dir='ltr'><strong>gratiam</strong></span> <span class='ocrx_word' id='word_1_91' title='bbox 1220 1698 1679 1770; x_wconf 80' lang='lat' dir='ltr'><strong>reformationiS,</strong></span> <span class='ocrx_word' id='word_1_92' title='bbox 1729 1700 1787 1755; x_wconf 89' lang='lat' dir='ltr'><strong>et</strong></span> <span class='ocrx_word' id='word_1_93' title='bbox 1840 1696 2167 1755; x_wconf 86' lang='lat' dir='ltr'><strong>conforma-</strong></span> 
     </span>
     <span class='ocr_line' id='line_1_16' title="bbox 624 1801 821 1861; baseline -0.01 -4"><span class='ocrx_word' id='word_1_94' title='bbox 624 1801 821 1861; x_wconf 88' lang='lat' dir='ltr'><strong>tionis.</strong></span> 
     </span>
     <span class='ocr_line' id='line_1_17' title="bbox 1156 1941 1632 1986; baseline -0.006 0"><span class='ocrx_word' id='word_1_95' title='bbox 1156 1942 1483 1986; x_wconf 78' lang='lat' dir='ltr'><strong>vsasmums</strong></span> <span class='ocrx_word' id='word_1_96' title='bbox 1516 1941 1632 1985; x_wconf 80' lang='lat' dir='ltr'><strong>xrv.</strong></span> 
     </span>
    </p>
   </div>
   <div class='ocr_carea' id='block_1_3' title="bbox 619 2077 2170 3952">
    <p class='ocr_par' dir='ltr' id='par_1_3' title="bbox 619 2077 2169 3563">
     <span class='ocr_line' id='line_1_18' title="bbox 700 2077 2169 2154; baseline -0.008 -10"><span class='ocrx_word' id='word_1_97' title='bbox 700 2089 788 2144; x_wconf 71' lang='grc'><strong>94.</strong></span> <span class='ocrx_word' id='word_1_98' title='bbox 857 2089 997 2142; x_wconf 83' lang='lat' dir='ltr'><strong>Tuus</strong></span> <span class='ocrx_word' id='word_1_99' title='bbox 1048 2099 1167 2140; x_wconf 84' lang='lat' dir='ltr'><strong>sum</strong></span> <span class='ocrx_word' id='word_1_100' title='bbox 1230 2098 1324 2154; x_wconf 75' lang='lat' dir='ltr'><strong>eqo</strong></span> <span class='ocrx_word' id='word_1_101' title='bbox 1347 2123 1366 2154; x_wconf 93' lang='lat'>‚</span> <span class='ocrx_word' id='word_1_102' title='bbox 1418 2083 1525 2137; x_wconf 90' lang='lat' dir='ltr'><strong>etc.</strong></span> <span class='ocrx_word' id='word_1_103' title='bbox 1600 2077 1993 2136; x_wconf 79' lang='lat' dir='ltr'><strong>Praeordinata</strong></span> <span class='ocrx_word' id='word_1_104' title='bbox 2043 2077 2169 2150; x_wconf 91' lang='lat' dir='ltr'><strong>spei</strong></span> 
     </span>
     <span class='ocr_line' id='line_1_19' title="bbox 623 2169 2167 2251; baseline -0.008 -12"><span class='ocrx_word' id='word_1_105' title='bbox 623 2179 846 2239; x_wconf 86' lang='lat' dir='ltr'><strong>fiducia</strong></span> <span class='ocrx_word' id='word_1_106' title='bbox 870 2179 933 2236; x_wconf 91' lang='lat' dir='ltr'><strong>in</strong></span> <span class='ocrx_word' id='word_1_107' title='bbox 961 2193 1135 2236; x_wconf 90' lang='lat' dir='ltr'><strong>versu</strong></span> <span class='ocrx_word' id='word_1_108' title='bbox 1159 2174 1542 2251; x_wconf 62' lang='lat' dir='ltr'><strong>praecedenti,</strong></span> <span class='ocrx_word' id='word_1_109' title='bbox 1572 2172 1997 2231; x_wconf 86' lang='lat' dir='ltr'><strong>subordinatur</strong></span> <span class='ocrx_word' id='word_1_110' title='bbox 2024 2169 2167 2228; x_wconf 89' lang='lat' dir='ltr'><strong>fidei</strong></span> 
     </span>
     <span class='ocr_line' id='line_1_20' title="bbox 625 2267 2166 2346; baseline -0.008 -13"><span class='ocrx_word' id='word_1_111' title='bbox 625 2273 951 2334; x_wconf 87' lang='lat' dir='ltr'><strong>constantia</strong></span> <span class='ocrx_word' id='word_1_112' title='bbox 976 2273 1039 2329; x_wconf 92' lang='lat' dir='ltr'><strong>in</strong></span> <span class='ocrx_word' id='word_1_113' title='bbox 1076 2269 1382 2346; x_wconf 75' lang='lat' dir='ltr'><strong>praesenti:</strong></span> <span class='ocrx_word' id='word_1_114' title='bbox 1414 2283 1525 2325; x_wconf 90' lang='lat' dir='ltr'><strong>nec</strong></span> <span class='ocrx_word' id='word_1_115' title='bbox 1563 2267 1689 2325; x_wconf 90' lang='lat' dir='ltr'><strong>sine</strong></span> <span class='ocrx_word' id='word_1_116' title='bbox 1728 2281 1907 2324; x_wconf 85' lang='lat' dir='ltr'><strong>causa</strong></span> <span class='ocrx_word' id='word_1_117' title='bbox 1947 2279 2166 2326; x_wconf 87' lang='lat' dir='ltr'><strong>conve-</strong></span> 
     </span>
     <span class='ocr_line' id='line_1_21' title="bbox 623 2360 2167 2441; baseline -0.008 -14"><span class='ocrx_word' id='word_1_118' title='bbox 623 2369 827 2441; x_wconf 89' lang='lat' dir='ltr'><strong>nienti,</strong></span> <span class='ocrx_word' id='word_1_119' title='bbox 848 2366 896 2424; x_wconf 90' lang='lat' dir='ltr'><strong>si</strong></span> <span class='ocrx_word' id='word_1_120' title='bbox 918 2367 1230 2440; x_wconf 87' lang='lat' dir='ltr'><strong>diligenter</strong></span> <span class='ocrx_word' id='word_1_121' title='bbox 1256 2362 1679 2433; x_wconf 87' lang='lat' dir='ltr'><strong>consideretur,</strong></span> <span class='ocrx_word' id='word_1_122' title='bbox 1702 2360 1871 2434; x_wconf 83' lang='lat' dir='ltr'><strong>quod</strong></span> <span class='ocrx_word' id='word_1_123' title='bbox 1898 2375 1973 2416; x_wconf 86' lang='lat' dir='ltr'><strong>ex</strong></span> <span class='ocrx_word' id='word_1_124' title='bbox 1998 2361 2167 2416; x_wconf 89' lang='lat' dir='ltr'><strong>motu</strong></span> 
     </span>
     <span class='ocr_line' id='line_1_22' title="bbox 622 2452 2166 2540; baseline -0.008 -18"><span class='ocrx_word' id='word_1_125' title='bbox 622 2464 782 2540; x_wconf 90' lang='lat' dir='ltr'><strong>spei,</strong></span> <span class='ocrx_word' id='word_1_126' title='bbox 812 2467 1009 2521; x_wconf 88' lang='lat' dir='ltr'><strong>motus</strong></span> <span class='ocrx_word' id='word_1_127' title='bbox 1035 2460 1177 2518; x_wconf 91' lang='lat' dir='ltr'><strong>fidei</strong></span> <span class='ocrx_word' id='word_1_128' title='bbox 1202 2460 1536 2532; x_wconf 87' lang='lat' dir='ltr'><strong>generatur,</strong></span> <span class='ocrx_word' id='word_1_129' title='bbox 1564 2455 1711 2513; x_wconf 91' lang='lat' dir='ltr'><strong>dum</strong></span> <span class='ocrx_word' id='word_1_130' title='bbox 1735 2471 1809 2512; x_wconf 81' lang='lat' dir='ltr'><strong>ex</strong></span> <span class='ocrx_word' id='word_1_131' title='bbox 1834 2453 1984 2512; x_wconf 91' lang='lat' dir='ltr'><strong>boni</strong></span> <span class='ocrx_word' id='word_1_132' title='bbox 2010 2452 2166 2510; x_wconf 87' lang='lat' dir='ltr'><strong>desi-</strong></span> 
     </span>
     <span class='ocr_line' id='line_1_23' title="bbox 625 2547 2165 2630; baseline -0.007 -14"><span class='ocrx_word' id='word_1_133' title='bbox 625 2558 790 2616; x_wconf 89' lang='lat' dir='ltr'><strong>derio</strong></span> <span class='ocrx_word' id='word_1_134' title='bbox 805 2597 823 2629; x_wconf 92' lang='lat'><strong>,</strong></span> <span class='ocrx_word' id='word_1_135' title='bbox 856 2553 1023 2630; x_wconf 92' lang='lat' dir='ltr'><strong>quod</strong></span> <span class='ocrx_word' id='word_1_136' title='bbox 1050 2557 1344 2630; x_wconf 86' lang='lat' dir='ltr'><strong>speratur,</strong></span> <span class='ocrx_word' id='word_1_137' title='bbox 1390 2550 1533 2608; x_wconf 88' lang='lat' dir='ltr'><strong>fidei</strong></span> <span class='ocrx_word' id='word_1_138' title='bbox 1568 2549 1870 2607; x_wconf 87' lang='lat' dir='ltr'><strong>inclinatio</strong></span> <span class='ocrx_word' id='word_1_139' title='bbox 1909 2547 2165 2621; x_wconf 89' lang='lat' dir='ltr'><strong>impera-</strong></span> 
     </span>
     <span class='ocr_line' id='line_1_24' title="bbox 624 2642 2165 2710; baseline -0.006 0"><span class='ocrx_word' id='word_1_140' title='bbox 624 2657 734 2710; x_wconf 88' lang='lat' dir='ltr'><strong>tur.</strong></span> <span class='ocrx_word' id='word_1_141' title='bbox 760 2653 920 2709; x_wconf 83' lang='lat' dir='ltr'><strong>Hanc</strong></span> <span class='ocrx_word' id='word_1_142' title='bbox 947 2649 1090 2707; x_wconf 90' lang='lat' dir='ltr'><strong>fidei</strong></span> <span class='ocrx_word' id='word_1_143' title='bbox 1119 2647 1510 2705; x_wconf 85' lang='lat' dir='ltr'><strong>constantiam</strong></span> <span class='ocrx_word' id='word_1_144' title='bbox 1536 2643 1878 2704; x_wconf 84' lang='lat' dir='ltr'><strong>manifestat</strong></span> <span class='ocrx_word' id='word_1_145' title='bbox 1904 2642 2165 2701; x_wconf 89' lang='lat' dir='ltr'><strong>Psalmo-</strong></span> 
     </span>
     <span class='ocr_line' id='line_1_25' title="bbox 624 2739 2166 2821; baseline -0.006 -16"><span class='ocrx_word' id='word_1_146' title='bbox 624 2745 885 2821; x_wconf 86' lang='lat' dir='ltr'><strong>grapbus</strong></span> <span class='ocrx_word' id='word_1_147' title='bbox 903 2789 922 2818; x_wconf 93' lang='lat'><strong>,</strong></span> <span class='ocrx_word' id='word_1_148' title='bbox 979 2759 1087 2819; x_wconf 89' lang='lat' dir='ltr'><strong>per</strong></span> <span class='ocrx_word' id='word_1_149' title='bbox 1144 2741 1691 2817; x_wconf 87' lang='lat' dir='ltr'><strong>quadrimembrem</strong></span> <span class='ocrx_word' id='word_1_150' title='bbox 1748 2739 2166 2798; x_wconf 81' lang='lat' dir='ltr'><strong>continentiam</strong></span> 
     </span>
     <span class='ocr_line' id='line_1_26' title="bbox 620 2834 2166 2913; baseline -0.006 -14"><span class='ocrx_word' id='word_1_151' title='bbox 620 2841 797 2913; x_wconf 84' lang='lat' dir='ltr'><strong>buJ‘us</strong></span> <span class='ocrx_word' id='word_1_152' title='bbox 849 2855 1051 2898; x_wconf 88' lang='lat' dir='ltr'><strong>versus</strong></span> <span class='ocrx_word' id='word_1_153' title='bbox 1098 2836 1494 2913; x_wconf 89' lang='lat' dir='ltr'><strong>proponendo</strong></span> <span class='ocrx_word' id='word_1_154' title='bbox 1548 2834 1886 2893; x_wconf 89' lang='lat' dir='ltr'><strong>servitutem</strong></span> <span class='ocrx_word' id='word_1_155' title='bbox 1905 2877 1925 2906; x_wconf 94' lang='lat'><strong>,</strong></span> <span class='ocrx_word' id='word_1_156' title='bbox 1983 2848 2166 2906; x_wconf 87' lang='lat' dir='ltr'><strong>quam</strong></span> 
     </span>
     <span class='ocr_line' id='line_1_27' title="bbox 620 2931 2165 3008; baseline -0.005 -16"><span class='ocrx_word' id='word_1_157' title='bbox 620 2935 860 3007; x_wconf 88' lang='lat' dir='ltr'><strong>tolerat,</strong></span> <span class='ocrx_word' id='word_1_158' title='bbox 892 2936 1134 3008; x_wconf 88' lang='lat' dir='ltr'><strong>propter</strong></span> <span class='ocrx_word' id='word_1_159' title='bbox 1167 2932 1451 3001; x_wconf 89' lang='lat' dir='ltr'><strong>salutem,</strong></span> <span class='ocrx_word' id='word_1_160' title='bbox 1482 2945 1666 3003; x_wconf 90' lang='lat' dir='ltr'><strong>quam</strong></span> <span class='ocrx_word' id='word_1_161' title='bbox 1710 2931 1907 3002; x_wconf 90' lang='lat' dir='ltr'><strong>sperat</strong></span> <span class='ocrx_word' id='word_1_162' title='bbox 1925 2946 1942 3000; x_wconf 91' lang='lat'>;</span> <span class='ocrx_word' id='word_1_163' title='bbox 1973 2931 2031 2985; x_wconf 90' lang='lat' dir='ltr'><strong>et</strong></span> <span class='ocrx_word' id='word_1_164' title='bbox 2066 2943 2165 3001; x_wconf 90' lang='lat' dir='ltr'><strong>pe-</strong></span> 
     </span>
     <span class='ocr_line' id='line_1_28' title="bbox 619 3022 2165 3102; baseline -0.006 -15"><span class='ocrx_word' id='word_1_165' title='bbox 619 3029 802 3087; x_wconf 86' lang='lat' dir='ltr'><strong>tendo</strong></span> <span class='ocrx_word' id='word_1_166' title='bbox 829 3027 1139 3102; x_wconf 82' lang='lat' dir='ltr'><strong>praemium</strong></span> <span class='ocrx_word' id='word_1_167' title='bbox 1162 3026 1384 3097; x_wconf 82' lang='lat' dir='ltr'><strong>salutiS,</strong></span> <span class='ocrx_word' id='word_1_168' title='bbox 1417 3027 1659 3098; x_wconf 90' lang='lat' dir='ltr'><strong>propter</strong></span> <span class='ocrx_word' id='word_1_169' title='bbox 1684 3022 1960 3080; x_wconf 92' lang='lat' dir='ltr'><strong>meritum</strong></span> <span class='ocrx_word' id='word_1_170' title='bbox 1988 3022 2165 3079; x_wconf 90' lang='lat' dir='ltr'><strong>servi-</strong></span> 
     </span>
     <span class='ocr_line' id='line_1_29' title="bbox 622 3115 2161 3190; baseline -0.005 -10"><span class='ocrx_word' id='word_1_171' title='bbox 622 3124 778 3181; x_wconf 90' lang='lat' dir='ltr'><strong>tutis.</strong></span> <span class='ocrx_word' id='word_1_172' title='bbox 822 3120 1078 3181; x_wconf 87' lang='lat' dir='ltr'><strong>Servitus</strong></span> <span class='ocrx_word' id='word_1_173' title='bbox 1122 3120 1369 3180; x_wconf 86' lang='lat' dir='ltr'><strong>tolerata</strong></span> <span class='ocrx_word' id='word_1_174' title='bbox 1409 3121 1494 3177; x_wconf 89' lang='lat' dir='ltr'><strong>est</strong></span> <span class='ocrx_word' id='word_1_175' title='bbox 1545 3115 1847 3190; x_wconf 88' lang='lat' dir='ltr'><strong>captivitas</strong></span> <span class='ocrx_word' id='word_1_176' title='bbox 1888 3115 2161 3188; x_wconf 74' lang='lat' dir='ltr'><strong>rationis,</strong></span> 
     </span>
     <span class='ocr_line' id='line_1_30' title="bbox 621 3212 2160 3291; baseline -0.004 -17"><span class='ocrx_word' id='word_1_177' title='bbox 621 3218 782 3276; x_wconf 87' lang='lat' dir='ltr'><strong>salus</strong></span> <span class='ocrx_word' id='word_1_178' title='bbox 808 3220 1042 3291; x_wconf 86' lang='lat' dir='ltr'><strong>sperata</strong></span> <span class='ocrx_word' id='word_1_179' title='bbox 1069 3221 1155 3275; x_wconf 88' lang='lat' dir='ltr'><strong>est</strong></span> <span class='ocrx_word' id='word_1_180' title='bbox 1180 3216 1420 3274; x_wconf 87' lang='lat' dir='ltr'><strong>libertas</strong></span> <span class='ocrx_word' id='word_1_181' title='bbox 1445 3213 1719 3284; x_wconf 81' lang='lat' dir='ltr'><strong>visionis3</strong></span> <span class='ocrx_word' id='word_1_182' title='bbox 1748 3212 2057 3287; x_wconf 68' lang='lat' dir='ltr'><strong>praemium</strong></span> <span class='ocrx_word' id='word_1_183' title='bbox 2085 3213 2160 3287; x_wconf 87' lang='lat' dir='ltr'><strong>(a)</strong></span> 
     </span>
     <span class='ocr_line' id='line_1_31' title="bbox 620 3306 2161 3386; baseline -0.005 -15"><span class='ocrx_word' id='word_1_184' title='bbox 620 3311 1019 3386; x_wconf 63' lang='lat' dir='ltr'><strong>praestolatum</strong></span> <span class='ocrx_word' id='word_1_185' title='bbox 1066 3316 1149 3369; x_wconf 87' lang='lat' dir='ltr'><strong>est</strong></span> <span class='ocrx_word' id='word_1_186' title='bbox 1197 3309 1462 3368; x_wconf 89' lang='lat' dir='ltr'><strong>salvifica</strong></span> <span class='ocrx_word' id='word_1_187' title='bbox 1514 3307 1770 3366; x_wconf 84' lang='lat' dir='ltr'><strong>veritatis</strong></span> <span class='ocrx_word' id='word_1_188' title='bbox 1826 3306 2161 3380; x_wconf 88' lang='lat' dir='ltr'><strong>evidentia;</strong></span> 
     </span>
     <span class='ocr_line' id='line_1_32' title="bbox 619 3399 2164 3479; baseline -0.005 -14"><span class='ocrx_word' id='word_1_189' title='bbox 619 3407 891 3465; x_wconf 89' lang='lat' dir='ltr'><strong>meritum</strong></span> <span class='ocrx_word' id='word_1_190' title='bbox 940 3405 1259 3479; x_wconf 89' lang='lat' dir='ltr'><strong>allegatum</strong></span> <span class='ocrx_word' id='word_1_191' title='bbox 1306 3407 1392 3461; x_wconf 88' lang='lat' dir='ltr'><strong>est</strong></span> <span class='ocrx_word' id='word_1_192' title='bbox 1437 3401 1693 3474; x_wconf 88' lang='lat' dir='ltr'><strong>justifica</strong></span> <span class='ocrx_word' id='word_1_193' title='bbox 1731 3399 1989 3458; x_wconf 89' lang='lat' dir='ltr'><strong>veritatis</strong></span> <span class='ocrx_word' id='word_1_194' title='bbox 2041 3416 2164 3458; x_wconf 90' lang='lat' dir='ltr'><strong>cre-</strong></span> 
     </span>
     <span class='ocr_line' id='line_1_33' title="bbox 622 3500 1939 3563; baseline -0.003 -4"><span class='ocrx_word' id='word_1_195' title='bbox 622 3500 844 3563; x_wconf 61' lang='lat' dir='ltr'><strong>dentia.</strong></span> <span class='ocrx_word' id='word_1_196' title='bbox 1931 3508 1939 3516; x_wconf 92' lang='grc'>·</span> 
     </span>
    </p>

    <p class='ocr_par' dir='ltr' id='par_1_4' title="bbox 1119 3570 1669 3641">
     <span class='ocr_line' id='line_1_34' title="bbox 1119 3570 1669 3641; baseline -0.005 -12"><span class='ocrx_word' id='word_1_197' title='bbox 1119 3572 1404 3629; x_wconf 65' lang='lat' dir='ltr'><strong>Articulis-s</strong></span> <span class='ocrx_word' id='word_1_198' title='bbox 1435 3570 1669 3641; x_wconf 76' lang='lat' dir='ltr'><strong>primus.</strong></span> 
     </span>
    </p>

    <p class='ocr_par' dir='ltr' id='par_1_5' title="bbox 621 3685 2170 3952">
     <span class='ocr_line' id='line_1_35' title="bbox 691 3685 2162 3763; baseline -0.005 -15"><span class='ocrx_word' id='word_1_199' title='bbox 691 3689 949 3748; x_wconf 87' lang='lat' dir='ltr'><strong>Salutem</strong></span> <span class='ocrx_word' id='word_1_200' title='bbox 987 3691 1281 3763; x_wconf 89' lang='lat' dir='ltr'><strong>speratam</strong></span> <span class='ocrx_word' id='word_1_201' title='bbox 1319 3685 1646 3758; x_wconf 87' lang='lat' dir='ltr'><strong>denotavit,</strong></span> <span class='ocrx_word' id='word_1_202' title='bbox 1679 3686 1934 3745; x_wconf 90' lang='lat' dir='ltr'><strong>dicendo</strong></span> <span class='ocrx_word' id='word_1_203' title='bbox 1968 3706 1982 3743; x_wconf 91' lang='lat'><strong>:</strong></span> <span class='ocrx_word' id='word_1_204' title='bbox 2028 3688 2162 3757; x_wconf 71' lang='grc' dir='ltr'><strong>Ερο,</strong></span> 
     </span>
     <span class='ocr_line' id='line_1_36' title="bbox 623 3779 2166 3858; baseline -0.003 -18"><span class='ocrx_word' id='word_1_205' title='bbox 623 3782 908 3858; x_wconf 87' lang='lat' dir='ltr'><strong>quoniam</strong></span> <span class='ocrx_word' id='word_1_206' title='bbox 942 3788 1080 3856; x_wconf 88' lang='lat' dir='ltr'><strong>post</strong></span> <span class='ocrx_word' id='word_1_207' title='bbox 1113 3781 1543 3855; x_wconf 84' lang='lat' dir='ltr'><strong>expositionem</strong></span> <span class='ocrx_word' id='word_1_208' title='bbox 1574 3780 1699 3853; x_wconf 89' lang='lat' dir='ltr'><strong>spei</strong></span> <span class='ocrx_word' id='word_1_209' title='bbox 1734 3796 1857 3836; x_wconf 86' lang='lat' dir='ltr'><strong>suae</strong></span> <span class='ocrx_word' id='word_1_210' title='bbox 1890 3779 1953 3837; x_wconf 90' lang='lat' dir='ltr'><strong>in</strong></span> <span class='ocrx_word' id='word_1_211' title='bbox 1989 3795 2166 3837; x_wconf 90' lang='lat' dir='ltr'><strong>versu</strong></span> 
     </span>
     <span class='ocr_line' id='line_1_37' title="bbox 621 3872 2170 3952; baseline -0.003 -16"><span class='ocrx_word' id='word_1_212' title='bbox 621 3877 1015 3952; x_wconf 82' lang='lat' dir='ltr'><strong>praecedente,</strong></span> <span class='ocrx_word' id='word_1_213' title='bbox 1071 3875 1273 3933; x_wconf 87' lang='lat' dir='ltr'><strong>subdit</strong></span> <span class='ocrx_word' id='word_1_214' title='bbox 1318 3872 1701 3931; x_wconf 85' lang='lat' dir='ltr'><strong>immediate:</strong></span> <span class='ocrx_word' id='word_1_215' title='bbox 1751 3875 1893 3945; x_wconf 78' lang='lat' dir='ltr'><strong>qu,</strong></span> <span class='ocrx_word' id='word_1_216' title='bbox 1948 3873 2170 3931; x_wconf 88' lang='lat' dir='ltr'><strong>scilicet</strong></span> 
     </span>
    </p>
   </div>
   <div class='ocr_carea' id='block_1_4' title="bbox 498 3967 2166 4046">
    <p class='ocr_par' dir='ltr' id='par_1_6' title="bbox 498 3967 2166 4046">
     <span class='ocr_line' id='line_1_38' title="bbox 498 3967 2166 4046; baseline -0.007 -9"><span class='ocrx_word' id='word_1_217' title='bbox 498 4007 594 4036; x_wconf 75' lang='lat' dir='ltr'><strong>ran·</strong></span> <span class='ocrx_word' id='word_1_218' title='bbox 624 3971 726 4046; x_wconf 89' lang='lat' dir='ltr'><strong>qui</strong></span> <span class='ocrx_word' id='word_1_219' title='bbox 779 3971 1028 4029; x_wconf 87' lang='lat' dir='ltr'><strong>salutem</strong></span> <span class='ocrx_word' id='word_1_220' title='bbox 1082 3986 1277 4043; x_wconf 81' lang='lat' dir='ltr'><strong>spero,</strong></span> <span class='ocrx_word' id='word_1_221' title='bbox 1337 3967 1575 4039; x_wconf 76' lang='lat' dir='ltr'><strong>QuaeriS,</strong></span> <span class='ocrx_word' id='word_1_222' title='bbox 1631 3967 1932 4042; x_wconf 74' lang='lat' dir='ltr'><strong>qualiter?</strong></span> <span class='ocrx_word' id='word_1_223' title='bbox 1984 3967 2166 4042; x_wconf 88' lang='lat' dir='ltr'><strong>plane</strong></span> 
     </span>
    </p>
   </div>
   <div class='ocr_carea' id='block_1_5' title="bbox 622 4060 2167 4420">
    <p class='ocr_par' dir='ltr' id='par_1_7' title="bbox 622 4060 2167 4420">
     <span class='ocr_line' id='line_1_39' title="bbox 622 4060 2164 4148; baseline -0.004 -25"><span class='ocrx_word' id='word_1_224' title='bbox 622 4064 956 4148; x_wconf 78' lang='lat' dir='ltr'><strong>tripliciter,</strong></span> <span class='ocrx_word' id='word_1_225' title='bbox 1003 4063 1151 4121; x_wconf 88' lang='lat' dir='ltr'><strong>sicut</strong></span> <span class='ocrx_word' id='word_1_226' title='bbox 1195 4080 1268 4121; x_wconf 82' lang='lat' dir='ltr'><strong>ex</strong></span> <span class='ocrx_word' id='word_1_227' title='bbox 1295 4062 1496 4120; x_wconf 89' lang='lat' dir='ltr'><strong>verbis</strong></span> <span class='ocrx_word' id='word_1_228' title='bbox 1538 4060 1658 4119; x_wconf 85' lang='lat' dir='ltr'><strong>suis</strong></span> <span class='ocrx_word' id='word_1_229' title='bbox 1703 4061 2000 4135; x_wconf 86' lang='lat' dir='ltr'><strong>colligitur</strong></span> <span class='ocrx_word' id='word_1_230' title='bbox 2043 4062 2164 4118; x_wconf 87' lang='lat' dir='ltr'><strong>evi-</strong></span> 
     </span>
     <span class='ocr_line' id='line_1_40' title="bbox 624 4153 2166 4230; baseline -0.003 -14"><span class='ocrx_word' id='word_1_231' title='bbox 624 4158 829 4217; x_wconf 84' lang='lat' dir='ltr'><strong>denter</strong></span> <span class='ocrx_word' id='word_1_232' title='bbox 860 4177 873 4214; x_wconf 91' lang='lat'><strong>:</strong></span> <span class='ocrx_word' id='word_1_233' title='bbox 904 4156 1387 4230; x_wconf 87' lang='lat' dir='ltr'><strong>magnanimiter,</strong></span> <span class='ocrx_word' id='word_1_234' title='bbox 1419 4155 1827 4230; x_wconf 67' lang='lat' dir='ltr'><strong>:equanimiter</strong></span> <span class='ocrx_word' id='word_1_235' title='bbox 1846 4197 1864 4227; x_wconf 93' lang='lat'>‚</span> <span class='ocrx_word' id='word_1_236' title='bbox 1890 4153 2166 4228; x_wconf 85' lang='lat' dir='ltr'><strong>longani-</strong></span> 
     </span>
     <span class='ocr_line' id='line_1_41' title="bbox 623 4249 2167 4328; baseline -0.002 -18"><span class='ocrx_word' id='word_1_237' title='bbox 623 4254 812 4310; x_wconf 88' lang='lat' dir='ltr'><strong>miter.</strong></span> <span class='ocrx_word' id='word_1_238' title='bbox 854 4252 1118 4328; x_wconf 89' lang='lat' dir='ltr'><strong>Speravit</strong></span> <span class='ocrx_word' id='word_1_239' title='bbox 1152 4267 1411 4324; x_wconf 87' lang='lat' dir='ltr'><strong>namque</strong></span> <span class='ocrx_word' id='word_1_240' title='bbox 1452 4254 1509 4307; x_wconf 88' lang='lat' dir='ltr'><strong>et</strong></span> <span class='ocrx_word' id='word_1_241' title='bbox 1553 4249 1755 4307; x_wconf 91' lang='lat' dir='ltr'><strong>docuit</strong></span> <span class='ocrx_word' id='word_1_242' title='bbox 1778 4264 1889 4305; x_wconf 88' lang='lat' dir='ltr'><strong>nos</strong></span> <span class='ocrx_word' id='word_1_243' title='bbox 1928 4265 2167 4323; x_wconf 89' lang='lat' dir='ltr'><strong>sperare</strong></span> 
     </span>
     <span class='ocr_line' id='line_1_42' title="bbox 622 4343 2165 4420; baseline -0.003 -15"><span class='ocrx_word' id='word_1_244' title='bbox 622 4345 1075 4420; x_wconf 89' lang='lat' dir='ltr'><strong>magnanimiter</strong></span> <span class='ocrx_word' id='word_1_245' title='bbox 1114 4345 1176 4402; x_wconf 89' lang='lat' dir='ltr'><strong>in</strong></span> <span class='ocrx_word' id='word_1_246' title='bbox 1217 4343 1601 4419; x_wconf 85' lang='lat' dir='ltr'><strong>prosperitate</strong></span> <span class='ocrx_word' id='word_1_247' title='bbox 1622 4386 1640 4415; x_wconf 90' lang='lat'>‚</span> <span class='ocrx_word' id='word_1_248' title='bbox 1668 4343 2077 4417; x_wconf 72' lang='lat' dir='ltr'><strong>aequanimiter</strong></span> <span class='ocrx_word' id='word_1_249' title='bbox 2104 4343 2165 4400; x_wconf 91' lang='lat' dir='ltr'><strong>in</strong></span> 
     </span>
    </p>
   </div>
   <div class='ocr_carea' id='block_1_6' title="bbox 578 4437 2166 4511">
    <p class='ocr_par' dir='ltr' id='par_1_8' title="bbox 578 4437 2166 4511">
     <span class='ocr_line' id='line_1_43' title="bbox 578 4437 2166 4511; baseline -0.003 -12"><span class='ocrx_word' id='word_1_250' title='bbox 578 4464 579 4467; x_wconf 41' lang='lat'>¹</span> <span class='ocrx_word' id='word_1_251' title='bbox 623 4440 971 4499; x_wconf 84' lang='lat' dir='ltr'><strong>adversitate</strong></span> <span class='ocrx_word' id='word_1_252' title='bbox 992 4482 1010 4509; x_wconf 93' lang='lat'><strong>,</strong></span> <span class='ocrx_word' id='word_1_253' title='bbox 1073 4438 1493 4511; x_wconf 88' lang='lat' dir='ltr'><strong>longanimiter</strong></span> <span class='ocrx_word' id='word_1_254' title='bbox 1550 4437 1613 4494; x_wconf 88' lang='lat' dir='ltr'><strong>in</strong></span> <span class='ocrx_word' id='word_1_255' title='bbox 1668 4437 2032 4511; x_wconf 88' lang='lat' dir='ltr'><strong>antiquitate.</strong></span> <span class='ocrx_word' id='word_1_256' title='bbox 2089 4441 2166 4495; x_wconf 90' lang='lat' dir='ltr'><strong>De</strong></span> 
     </span>
    </p>
   </div>
   <div class='ocr_carea' id='block_1_7' title="bbox 622 4531 2169 5265">
    <p class='ocr_par' dir='ltr' id='par_1_9' title="bbox 622 4531 2169 5265">
     <span class='ocr_line' id='line_1_44' title="bbox 622 4531 2168 4609; baseline -0.005 -15"><span class='ocrx_word' id='word_1_257' title='bbox 622 4535 818 4609; x_wconf 88' lang='lat' dir='ltr'><strong>primo</strong></span> <span class='ocrx_word' id='word_1_258' title='bbox 844 4532 1042 4608; x_wconf 88' lang='lat' dir='ltr'><strong>psallit</strong></span> <span class='ocrx_word' id='word_1_259' title='bbox 1084 4536 1101 4570; x_wconf 84' lang='lat'><em>²</em></span> <span class='ocrx_word' id='word_1_260' title='bbox 1150 4552 1163 4590; x_wconf 93' lang='lat'><strong>:</strong></span> <span class='ocrx_word' id='word_1_261' title='bbox 1207 4552 1233 4585; x_wconf 90' lang='lat'>«</span> <span class='ocrx_word' id='word_1_262' title='bbox 1275 4536 1396 4606; x_wconf 85' lang='lat' dir='ltr'><strong>Ego</strong></span> <span class='ocrx_word' id='word_1_263' title='bbox 1424 4532 1488 4588; x_wconf 92' lang='lat' dir='ltr'><strong>in</strong></span> <span class='ocrx_word' id='word_1_264' title='bbox 1527 4531 1863 4589; x_wconf 90' lang='lat' dir='ltr'><strong>innocentia</strong></span> <span class='ocrx_word' id='word_1_265' title='bbox 1905 4547 2039 4588; x_wconf 89' lang='lat' dir='ltr'><strong>mea</strong></span> <span class='ocrx_word' id='word_1_266' title='bbox 2082 4531 2168 4588; x_wconf 90' lang='lat' dir='ltr'><strong>in-</strong></span> 
     </span>
     <span class='ocr_line' id='line_1_45' title="bbox 623 4624 2168 4702; baseline -0.003 -16"><span class='ocrx_word' id='word_1_267' title='bbox 623 4644 857 4702; x_wconf 90' lang='lat' dir='ltr'><strong>gressus</strong></span> <span class='ocrx_word' id='word_1_268' title='bbox 884 4644 1015 4684; x_wconf 91' lang='lat' dir='ltr'><strong>sum</strong></span> <span class='ocrx_word' id='word_1_269' title='bbox 1037 4670 1056 4698; x_wconf 94' lang='lat'><strong>,</strong></span> <span class='ocrx_word' id='word_1_270' title='bbox 1085 4627 1230 4684; x_wconf 90' lang='lat' dir='ltr'><strong>etin</strong></span> <span class='ocrx_word' id='word_1_271' title='bbox 1274 4626 1525 4683; x_wconf 90' lang='lat' dir='ltr'><strong>Domino</strong></span> <span class='ocrx_word' id='word_1_272' title='bbox 1562 4639 1807 4698; x_wconf 86' lang='lat' dir='ltr'><strong>sperans</strong></span> <span class='ocrx_word' id='word_1_273' title='bbox 1845 4639 1969 4682; x_wconf 92' lang='lat' dir='ltr'><strong>non</strong></span> <span class='ocrx_word' id='word_1_274' title='bbox 1997 4624 2168 4682; x_wconf 85' lang='lat' dir='ltr'><strong>infir-</strong></span> 
     </span>
     <span class='ocr_line' id='line_1_46' title="bbox 625 4717 2169 4794; baseline -0.004 -13"><span class='ocrx_word' id='word_1_275' title='bbox 625 4722 839 4781; x_wconf 85' lang='lat' dir='ltr'><strong>mabor</strong></span> <span class='ocrx_word' id='word_1_276' title='bbox 869 4741 883 4776; x_wconf 91' lang='lat'><strong>:</strong></span> <span class='ocrx_word' id='word_1_277' title='bbox 912 4739 942 4775; x_wconf 76' lang='lat'><strong>¹&gt;</strong></span> <span class='ocrx_word' id='word_1_278' title='bbox 973 4736 1109 4778; x_wconf 89' lang='lat' dir='ltr'><strong>ecce</strong></span> <span class='ocrx_word' id='word_1_279' title='bbox 1136 4719 1262 4794; x_wconf 89' lang='lat' dir='ltr'><strong>spei</strong></span> <span class='ocrx_word' id='word_1_280' title='bbox 1288 4717 1768 4791; x_wconf 88' lang='lat' dir='ltr'><strong>magnanimitas,</strong></span> <span class='ocrx_word' id='word_1_281' title='bbox 1815 4734 1999 4792; x_wconf 87' lang='lat' dir='ltr'><strong>quam</strong></span> <span class='ocrx_word' id='word_1_282' title='bbox 2043 4733 2169 4776; x_wconf 90' lang='lat' dir='ltr'><strong>non</strong></span> 
     </span>
     <span class='ocr_line' id='line_1_47' title="bbox 625 4811 2169 4889; baseline 0 -19"><span class='ocrx_word' id='word_1_283' title='bbox 625 4814 886 4874; x_wconf 89' lang='lat' dir='ltr'><strong>infirmat</strong></span> <span class='ocrx_word' id='word_1_284' title='bbox 909 4812 1287 4889; x_wconf 85' lang='lat' dir='ltr'><strong>prosperitas.</strong></span> <span class='ocrx_word' id='word_1_285' title='bbox 1333 4816 1410 4869; x_wconf 89' lang='lat' dir='ltr'><strong>De</strong></span> <span class='ocrx_word' id='word_1_286' title='bbox 1440 4811 1702 4870; x_wconf 88' lang='lat' dir='ltr'><strong>secundo</strong></span> <span class='ocrx_word' id='word_1_287' title='bbox 1731 4811 1875 4869; x_wconf 89' lang='lat' dir='ltr'><strong>dicit</strong></span> <span class='ocrx_word' id='word_1_288' title='bbox 1898 4815 1919 4847; x_wconf 83' lang='lat'>²</span> <span class='ocrx_word' id='word_1_289' title='bbox 1952 4830 1966 4868; x_wconf 92' lang='lat'><strong>:</strong></span> <span class='ocrx_word' id='word_1_290' title='bbox 2003 4831 2031 4867; x_wconf 68' lang='grc' dir='ltr'><strong>α</strong></span> <span class='ocrx_word' id='word_1_291' title='bbox 2060 4812 2169 4882; x_wconf 86' lang='lat' dir='ltr'><strong>Qui</strong></span> 
     </span>
     <span class='ocr_line' id='line_1_48' title="bbox 626 4904 2168 4982; baseline -0.001 -17"><span class='ocrx_word' id='word_1_292' title='bbox 626 4910 908 4968; x_wconf 89' lang='lat' dir='ltr'><strong>tribulant</strong></span> <span class='ocrx_word' id='word_1_293' title='bbox 935 4926 1032 4967; x_wconf 90' lang='lat' dir='ltr'><strong>me</strong></span> <span class='ocrx_word' id='word_1_294' title='bbox 1053 4953 1072 4982; x_wconf 94' lang='lat'><strong>,</strong></span> <span class='ocrx_word' id='word_1_295' title='bbox 1102 4907 1483 4975; x_wconf 85' lang='lat' dir='ltr'><strong>exultabunt,</strong></span> <span class='ocrx_word' id='word_1_296' title='bbox 1513 4908 1564 4965; x_wconf 89' lang='lat' dir='ltr'><strong>si</strong></span> <span class='ocrx_word' id='word_1_297' title='bbox 1593 4910 1790 4966; x_wconf 90' lang='lat' dir='ltr'><strong>motus</strong></span> <span class='ocrx_word' id='word_1_298' title='bbox 1817 4904 2021 4964; x_wconf 82' lang='lat' dir='ltr'><strong>fuero:</strong></span> <span class='ocrx_word' id='word_1_299' title='bbox 2056 4922 2168 4979; x_wconf 84' lang='lat' dir='ltr'><strong>ego</strong></span> 
     </span>
     <span class='ocr_line' id='line_1_49' title="bbox 626 5001 2169 5076; baseline -0.003 -14"><span class='ocrx_word' id='word_1_300' title='bbox 626 5009 822 5062; x_wconf 85' lang='lat' dir='ltr'><strong>autem</strong></span> <span class='ocrx_word' id='word_1_301' title='bbox 848 5004 911 5061; x_wconf 90' lang='lat' dir='ltr'><strong>in</strong></span> <span class='ocrx_word' id='word_1_302' title='bbox 937 5002 1342 5061; x_wconf 88' lang='lat' dir='ltr'><strong>misericordia</strong></span> <span class='ocrx_word' id='word_1_303' title='bbox 1379 5005 1482 5059; x_wconf 89' lang='lat' dir='ltr'><strong>tua</strong></span> <span class='ocrx_word' id='word_1_304' title='bbox 1517 5001 1789 5076; x_wconf 84' lang='lat' dir='ltr'><strong>speravi:</strong></span> <span class='ocrx_word' id='word_1_305' title='bbox 1821 5020 1851 5055; x_wconf 69' lang='lat' dir='ltr'>n</span> <span class='ocrx_word' id='word_1_306' title='bbox 1883 5016 2015 5057; x_wconf 84' lang='lat' dir='ltr'><strong>eece</strong></span> <span class='ocrx_word' id='word_1_307' title='bbox 2043 5002 2169 5075; x_wconf 89' lang='lat' dir='ltr'><strong>spei</strong></span> 
     </span>
     <span class='ocr_line' id='line_1_50' title="bbox 626 5094 2168 5171; baseline -0.002 -16"><span class='ocrx_word' id='word_1_308' title='bbox 626 5097 1055 5171; x_wconf 80' lang='lat' dir='ltr'><strong>aequanimitaS,</strong></span> <span class='ocrx_word' id='word_1_309' title='bbox 1086 5112 1268 5170; x_wconf 90' lang='lat' dir='ltr'><strong>quam</strong></span> <span class='ocrx_word' id='word_1_310' title='bbox 1313 5112 1436 5155; x_wconf 94' lang='lat' dir='ltr'><strong>non</strong></span> <span class='ocrx_word' id='word_1_311' title='bbox 1482 5095 1678 5153; x_wconf 88' lang='lat' dir='ltr'><strong>turbat</strong></span> <span class='ocrx_word' id='word_1_312' title='bbox 1715 5094 2058 5153; x_wconf 81' lang='lat' dir='ltr'><strong>adversitas,</strong></span> <span class='ocrx_word' id='word_1_313' title='bbox 2090 5097 2168 5152; x_wconf 91' lang='lat' dir='ltr'><strong>De</strong></span> 
     </span>
     <span class='ocr_line' id='line_1_51' title="bbox 627 5188 2167 5265; baseline -0.001 -17"><span class='ocrx_word' id='word_1_314' title='bbox 627 5190 794 5249; x_wconf 87' lang='lat' dir='ltr'><strong>tertio</strong></span> <span class='ocrx_word' id='word_1_315' title='bbox 824 5206 1066 5265; x_wconf 91' lang='lat' dir='ltr'><strong>quoque</strong></span> <span class='ocrx_word' id='word_1_316' title='bbox 1095 5189 1295 5248; x_wconf 87' lang='lat' dir='ltr'><strong>scribit</strong></span> <span class='ocrx_word' id='word_1_317' title='bbox 1321 5192 1343 5226; x_wconf 79' lang='lat'>³</span> <span class='ocrx_word' id='word_1_318' title='bbox 1376 5207 1391 5248; x_wconf 94' lang='lat'><strong>:</strong></span> <span class='ocrx_word' id='word_1_319' title='bbox 1428 5210 1458 5245; x_wconf 78' lang='grc' dir='ltr'><strong>α</strong></span> <span class='ocrx_word' id='word_1_320' title='bbox 1483 5193 1603 5263; x_wconf 87' lang='lat' dir='ltr'><strong>Ego</strong></span> <span class='ocrx_word' id='word_1_321' title='bbox 1632 5205 1865 5260; x_wconf 90' lang='lat' dir='ltr'><strong>semper</strong></span> <span class='ocrx_word' id='word_1_322' title='bbox 1891 5188 2167 5263; x_wconf 88' lang='lat' dir='ltr'><strong>sperabo,</strong></span> 
     </span>
    </p>
   </div>
   <div class='ocr_carea' id='block_1_8' title="bbox 628 5304 2167 5451">
    <p class='ocr_par' dir='ltr' id='par_1_10' title="bbox 628 5304 2167 5451">
     <span class='ocr_line' id='line_1_52' title="bbox 696 5304 2166 5380; baseline 0.001 -16"><span class='ocrx_word' id='word_1_323' title='bbox 696 5318 713 5351; x_wconf 76' lang='lat'><em>¹</em></span> <span class='ocrx_word' id='word_1_324' title='bbox 744 5316 876 5368; x_wconf 76' lang='lat' dir='ltr'><strong>Psal.</strong></span> <span class='ocrx_word' id='word_1_325' title='bbox 904 5328 1026 5380; x_wconf 82' lang='lat' dir='ltr'><strong>xxv,</strong></span> <span class='ocrx_word' id='word_1_326' title='bbox 1058 5321 1102 5367; x_wconf 87' lang='lat'><strong>1.</strong></span> <span class='ocrx_word' id='word_1_327' title='bbox 1123 5342 1185 5354; x_wconf 89' lang='lat'>—</span> <span class='ocrx_word' id='word_1_328' title='bbox 1211 5317 1231 5348; x_wconf 85' lang='lat'>²</span> <span class='ocrx_word' id='word_1_329' title='bbox 1258 5315 1394 5365; x_wconf 80' lang='lat' dir='ltr'><strong>Psal.</strong></span> <span class='ocrx_word' id='word_1_330' title='bbox 1426 5327 1522 5378; x_wconf 64' lang='grc' dir='ltr'><strong>ΧΠ,</strong></span> <span class='ocrx_word' id='word_1_331' title='bbox 1549 5318 1597 5366; x_wconf 88' lang='grc'><strong>6.</strong></span> <span class='ocrx_word' id='word_1_332' title='bbox 1624 5341 1687 5354; x_wconf 90' lang='grc'><strong>-</strong></span> <span class='ocrx_word' id='word_1_333' title='bbox 1712 5315 1736 5350; x_wconf 82' lang='lat'>⁸</span> <span class='ocrx_word' id='word_1_334' title='bbox 1760 5315 1903 5367; x_wconf 72' lang='lat' dir='ltr'><strong>Psat.</strong></span> <span class='ocrx_word' id='word_1_335' title='bbox 1937 5304 2060 5377; x_wconf 62' lang='grc' dir='ltr'><strong>ΠΧ,</strong></span> <span class='ocrx_word' id='word_1_336' title='bbox 2090 5315 2166 5365; x_wconf 70' lang='grc'><strong>14.</strong></span> 
     </span>
     <span class='ocr_line' id='line_1_53' title="bbox 628 5386 2167 5451; baseline -0.001 -13"><span class='ocrx_word' id='word_1_337' title='bbox 628 5414 690 5426; x_wconf 90' lang='lat'>—</span> <span class='ocrx_word' id='word_1_338' title='bbox 718 5388 739 5423; x_wconf 60' lang='grc' dir='ltr'>ὗ</span> <span class='ocrx_word' id='word_1_339' title='bbox 764 5386 900 5439; x_wconf 69' lang='lat' dir='ltr'><strong>Psoi.</strong></span> <span class='ocrx_word' id='word_1_340' title='bbox 929 5387 1050 5451; x_wconf 83' lang='lat' dir='ltr'><strong>boc,</strong></span> <span class='ocrx_word' id='word_1_341' title='bbox 1081 5390 1185 5438; x_wconf 80' lang='lat'><strong>¹29.</strong></span> <span class='ocrx_word' id='word_1_342' title='bbox 1212 5413 1275 5426; x_wconf 90' lang='lat'>—</span> <span class='ocrx_word' id='word_1_343' title='bbox 1298 5388 1322 5424; x_wconf 79' lang='lat'>⁸</span> <span class='ocrx_word' id='word_1_344' title='bbox 1350 5388 1480 5439; x_wconf 70' lang='lat' dir='ltr'><strong>Psal.</strong></span> <span class='ocrx_word' id='word_1_345' title='bbox 1510 5398 1638 5451; x_wconf 87' lang='lat' dir='ltr'><strong>xcn,</strong></span> <span class='ocrx_word' id='word_1_346' title='bbox 1667 5390 1713 5438; x_wconf 85' lang='lat'><strong>5.</strong></span> <span class='ocrx_word' id='word_1_347' title='bbox 1738 5413 1801 5425; x_wconf 95' lang='lat'>—</span> <span class='ocrx_word' id='word_1_348' title='bbox 1833 5388 1854 5422; x_wconf 70' lang='grc' dir='ltr'><strong>θ</strong></span> <span class='ocrx_word' id='word_1_349' title='bbox 1878 5387 2014 5440; x_wconf 74' lang='lat' dir='ltr'><strong>Psal.</strong></span> <span class='ocrx_word' id='word_1_350' title='bbox 2047 5388 2167 5451; x_wconf 86' lang='lat' dir='ltr'><strong>hoc,</strong></span> 
     </span>
    </p>
   </div>
   <div class='ocr_carea' id='block_1_9' title="bbox 1672 424 2779 493">
    <p class='ocr_par' dir='ltr' id='par_1_11' title="bbox 1672 424 2779 493">
     <span class='ocr_line' id='line_1_54' title="bbox 1672 424 2779 493; baseline -0.001 0"><span class='ocrx_word' id='word_1_351' title='bbox 1672 424 2083 493; x_wconf 81' lang='lat' dir='ltr'>EXPOSITIO</span> <span class='ocrx_word' id='word_1_352' title='bbox 2128 424 2210 491; x_wconf 88' lang='lat' dir='ltr'><strong>IN</strong></span> <span class='ocrx_word' id='word_1_353' title='bbox 2252 425 2779 493; x_wconf 83' lang='lat' dir='ltr'><strong>PSALTERIUM.</strong></span> 
     </span>
    </p>
   </div>
   <div class='ocr_carea' id='block_1_10' title="bbox 2276 546 3813 735">
    <p class='ocr_par' dir='ltr' id='par_1_12' title="bbox 2276 546 3813 735">
     <span class='ocr_line' id='line_1_55' title="bbox 2276 546 3813 638; baseline 0.003 -18"><span class='ocrx_word' id='word_1_354' title='bbox 2276 567 2332 620; x_wconf 90' lang='lat' dir='ltr'><strong>et</strong></span> <span class='ocrx_word' id='word_1_355' title='bbox 2359 561 2638 634; x_wconf 83' lang='lat' dir='ltr'><strong>adjiciam</strong></span> <span class='ocrx_word' id='word_1_356' title='bbox 2663 546 3107 638; x_wconf 54' lang='lat' dir='ltr'><strong>superssomne‘m</strong></span> <span class='ocrx_word' id='word_1_357' title='bbox 3131 567 3375 626; x_wconf 89' lang='lat' dir='ltr'><strong>laudem</strong></span> <span class='ocrx_word' id='word_1_358' title='bbox 3397 570 3588 626; x_wconf 75' lang='lat' dir='ltr'><strong>mm:</strong></span> <span class='ocrx_word' id='word_1_359' title='bbox 3619 588 3647 622; x_wconf 63' lang='lat' dir='ltr'><strong>a</strong></span> <span class='ocrx_word' id='word_1_360' title='bbox 3678 582 3813 624; x_wconf 89' lang='lat' dir='ltr'><strong>ecce</strong></span> 
     </span>
     <span class='ocr_line' id='line_1_56' title="bbox 2276 656 3810 735; baseline 0.003 -22"><span class='ocrx_word' id='word_1_361' title='bbox 2276 656 2399 731; x_wconf 85' lang='lat' dir='ltr'><strong>spei</strong></span> <span class='ocrx_word' id='word_1_362' title='bbox 2421 656 2860 732; x_wconf 78' lang='lat' dir='ltr'><strong>longanimitas,</strong></span> <span class='ocrx_word' id='word_1_363' title='bbox 2880 676 3064 733; x_wconf 88' lang='lat' dir='ltr'><strong>quam</strong></span> <span class='ocrx_word' id='word_1_364' title='bbox 3086 677 3213 719; x_wconf 92' lang='lat' dir='ltr'><strong>non</strong></span> <span class='ocrx_word' id='word_1_365' title='bbox 3236 660 3440 735; x_wconf 81' lang='lat' dir='ltr'><strong>fatigat</strong></span> <span class='ocrx_word' id='word_1_366' title='bbox 3475 660 3810 735; x_wconf 51' lang='lat' dir='ltr'><strong>antiquitas</strong></span> 
     </span>
    </p>
   </div>
   <div class='ocr_carea' id='block_1_11' title="bbox 2757 815 3341 876">
    <p class='ocr_par' dir='ltr' id='par_1_13' title="bbox 2757 815 3341 876">
     <span class='ocr_line' id='line_1_57' title="bbox 2757 815 3341 876; baseline 0.009 -7"><span class='ocrx_word' id='word_1_367' title='bbox 2757 815 3033 874; x_wconf 75' lang='lat' dir='ltr'><strong>Articulus</strong></span> <span class='ocrx_word' id='word_1_368' title='bbox 3059 818 3341 876; x_wconf 76' lang='lat' dir='ltr'><strong>secundus.</strong></span> 
     </span>
    </p>
   </div>
   <div class='ocr_carea' id='block_1_12' title="bbox 2273 941 4066 2536">
    <p class='ocr_par' dir='ltr' id='par_1_14' title="bbox 2273 941 4066 2536">
     <span class='ocr_line' id='line_1_58' title="bbox 2346 941 3818 1016; baseline 0.006 -19"><span class='ocrx_word' id='word_1_369' title='bbox 2346 941 2693 999; x_wconf 84' lang='lat' dir='ltr'><strong>servitutem</strong></span> <span class='ocrx_word' id='word_1_370' title='bbox 2718 942 3028 1002; x_wconf 89' lang='lat' dir='ltr'><strong>toleratam</strong></span> <span class='ocrx_word' id='word_1_371' title='bbox 3056 945 3429 1016; x_wconf 87' lang='lat' dir='ltr'><strong>connotavit,</strong></span> <span class='ocrx_word' id='word_1_372' title='bbox 3471 950 3818 1006; x_wconf 86' lang='lat' dir='ltr'><strong>connecten-</strong></span> 
     </span>
     <span class='ocr_line' id='line_1_59' title="bbox 2277 1034 3817 1114; baseline 0.006 -24"><span class='ocrx_word' id='word_1_373' title='bbox 2277 1034 2392 1091; x_wconf 91' lang='lat' dir='ltr'><strong>do:</strong></span> <span class='ocrx_word' id='word_1_374' title='bbox 2428 1036 2570 1092; x_wconf 76' lang='lat' dir='ltr'><strong>Tuus</strong></span> <span class='ocrx_word' id='word_1_375' title='bbox 2582 1052 2721 1108; x_wconf 68' lang='lat' dir='ltr'><strong>sion,</strong></span> <span class='ocrx_word' id='word_1_376' title='bbox 2750 1038 2920 1112; x_wconf 88' lang='lat' dir='ltr'><strong>quasi</strong></span> <span class='ocrx_word' id='word_1_377' title='bbox 2949 1039 3146 1097; x_wconf 90' lang='lat' dir='ltr'><strong>dicat:</strong></span> <span class='ocrx_word' id='word_1_378' title='bbox 3179 1045 3307 1099; x_wconf 91' lang='lat' dir='ltr'><strong>Non</strong></span> <span class='ocrx_word' id='word_1_379' title='bbox 3332 1058 3523 1114; x_wconf 82' lang='lat' dir='ltr'><strong>meuS‚</strong></span> <span class='ocrx_word' id='word_1_380' title='bbox 3552 1041 3660 1101; x_wconf 88' lang='lat' dir='ltr'><strong>sed</strong></span> <span class='ocrx_word' id='word_1_381' title='bbox 3682 1047 3817 1100; x_wconf 90' lang='lat' dir='ltr'><strong>tuus</strong></span> 
     </span>
     <span class='ocr_line' id='line_1_60' title="bbox 2275 1131 3817 1207; baseline 0.008 -23"><span class='ocrx_word' id='word_1_382' title='bbox 2275 1144 2406 1186; x_wconf 86' lang='lat' dir='ltr'><strong>sum</strong></span> <span class='ocrx_word' id='word_1_383' title='bbox 2434 1147 2447 1185; x_wconf 94' lang='lat'><strong>:</strong></span> <span class='ocrx_word' id='word_1_384' title='bbox 2481 1131 2648 1204; x_wconf 91' lang='lat' dir='ltr'><strong>quod</strong></span> <span class='ocrx_word' id='word_1_385' title='bbox 2676 1135 2761 1188; x_wconf 88' lang='lat' dir='ltr'><strong>est</strong></span> <span class='ocrx_word' id='word_1_386' title='bbox 2787 1138 3056 1207; x_wconf 90' lang='lat' dir='ltr'><strong>apertum</strong></span> <span class='ocrx_word' id='word_1_387' title='bbox 3082 1135 3375 1194; x_wconf 85' lang='lat' dir='ltr'><strong>servitutis</strong></span> <span class='ocrx_word' id='word_1_388' title='bbox 3411 1137 3719 1195; x_wconf 88' lang='lat' dir='ltr'><strong>indicium.</strong></span> <span class='ocrx_word' id='word_1_389' title='bbox 3759 1139 3817 1196; x_wconf 90' lang='lat' dir='ltr'><strong>Si</strong></span> 
     </span>
     <span class='ocr_line' id='line_1_61' title="bbox 2276 1224 3816 1305; baseline 0.003 -23"><span class='ocrx_word' id='word_1_390' title='bbox 2276 1224 2576 1297; x_wconf 74' lang='lat' dir='ltr'><strong>quaeritur,</strong></span> <span class='ocrx_word' id='word_1_391' title='bbox 2602 1225 2666 1283; x_wconf 93' lang='lat' dir='ltr'><strong>in</strong></span> <span class='ocrx_word' id='word_1_392' title='bbox 2693 1244 2815 1301; x_wconf 89' lang='lat' dir='ltr'><strong>quo</strong></span> <span class='ocrx_word' id='word_1_393' title='bbox 2844 1232 2980 1286; x_wconf 90' lang='lat' dir='ltr'><strong>tuus</strong></span> <span class='ocrx_word' id='word_1_394' title='bbox 3005 1247 3136 1287; x_wconf 90' lang='lat' dir='ltr'><strong>sum</strong></span> <span class='ocrx_word' id='word_1_395' title='bbox 3160 1231 3596 1305; x_wconf 87' lang='lat' dir='ltr'><strong>:proculdubio</strong></span> <span class='ocrx_word' id='word_1_396' title='bbox 3614 1231 3675 1289; x_wconf 89' lang='lat' dir='ltr'><strong>in</strong></span> <span class='ocrx_word' id='word_1_397' title='bbox 3703 1231 3816 1289; x_wconf 88' lang='lat' dir='ltr'><strong>tuis</strong></span> 
     </span>
     <span class='ocr_line' id='line_1_62' title="bbox 2274 1322 3818 1402; baseline 0.006 -24"><span class='ocrx_word' id='word_1_398' title='bbox 2274 1322 2682 1396; x_wconf 87' lang='lat' dir='ltr'><strong>mirabilibus,</strong></span> <span class='ocrx_word' id='word_1_399' title='bbox 2714 1325 2931 1399; x_wconf 89' lang='lat' dir='ltr'><strong>quibus</strong></span> <span class='ocrx_word' id='word_1_400' title='bbox 2958 1343 3091 1385; x_wconf 88' lang='lat' dir='ltr'><strong>sum</strong></span> <span class='ocrx_word' id='word_1_401' title='bbox 3120 1327 3399 1386; x_wconf 88' lang='lat' dir='ltr'><strong>attonitus</strong></span> <span class='ocrx_word' id='word_1_402' title='bbox 3414 1349 3432 1402; x_wconf 85' lang='lat'><em>3</em></span> <span class='ocrx_word' id='word_1_403' title='bbox 3464 1329 3527 1387; x_wconf 89' lang='lat' dir='ltr'><strong>in</strong></span> <span class='ocrx_word' id='word_1_404' title='bbox 3553 1329 3670 1386; x_wconf 86' lang='lat' dir='ltr'><strong>tuis</strong></span> <span class='ocrx_word' id='word_1_405' title='bbox 3695 1345 3818 1387; x_wconf 87' lang='lat' dir='ltr'><strong>ere-</strong></span> 
     </span>
     <span class='ocr_line' id='line_1_63' title="bbox 2276 1416 3816 1496; baseline 0.006 -23"><span class='ocrx_word' id='word_1_406' title='bbox 2276 1416 2561 1475; x_wconf 87' lang='lat' dir='ltr'><strong>dibilibus</strong></span> <span class='ocrx_word' id='word_1_407' title='bbox 2579 1460 2599 1490; x_wconf 92' lang='lat'><strong>,</strong></span> <span class='ocrx_word' id='word_1_408' title='bbox 2629 1419 2850 1493; x_wconf 89' lang='lat' dir='ltr'><strong>quibus</strong></span> <span class='ocrx_word' id='word_1_409' title='bbox 2878 1438 3011 1479; x_wconf 92' lang='lat' dir='ltr'><strong>sum</strong></span> <span class='ocrx_word' id='word_1_410' title='bbox 3040 1422 3347 1496; x_wconf 85' lang='lat' dir='ltr'><strong>subditus3</strong></span> <span class='ocrx_word' id='word_1_411' title='bbox 3391 1425 3455 1481; x_wconf 89' lang='lat' dir='ltr'><strong>in</strong></span> <span class='ocrx_word' id='word_1_412' title='bbox 3481 1424 3596 1483; x_wconf 90' lang='lat' dir='ltr'><strong>tuis</strong></span> <span class='ocrx_word' id='word_1_413' title='bbox 3624 1423 3816 1482; x_wconf 88' lang='lat' dir='ltr'><strong>delec-</strong></span> 
     </span>
     <span class='ocr_line' id='line_1_64' title="bbox 2275 1509 3814 1593; baseline 0.006 -26"><span class='ocrx_word' id='word_1_414' title='bbox 2275 1509 2556 1568; x_wconf 87' lang='lat' dir='ltr'><strong>tabilibus</strong></span> <span class='ocrx_word' id='word_1_415' title='bbox 2572 1554 2592 1583; x_wconf 93' lang='lat'><em>‚</em></span> <span class='ocrx_word' id='word_1_416' title='bbox 2621 1513 2838 1585; x_wconf 87' lang='lat' dir='ltr'><strong>quibus</strong></span> <span class='ocrx_word' id='word_1_417' title='bbox 2863 1531 2997 1572; x_wconf 91' lang='lat' dir='ltr'><strong>sum</strong></span> <span class='ocrx_word' id='word_1_418' title='bbox 3040 1516 3310 1574; x_wconf 80' lang='lat' dir='ltr'><strong>irretitus,</strong></span> <span class='ocrx_word' id='word_1_419' title='bbox 3359 1521 3506 1576; x_wconf 88' lang='lat' dir='ltr'><strong>Nam</strong></span> <span class='ocrx_word' id='word_1_420' title='bbox 3549 1517 3814 1593; x_wconf 80' lang='lat' dir='ltr'><strong>profecto</strong></span> 
     </span>
     <span class='ocr_line' id='line_1_65' title="bbox 2273 1603 4066 1684; baseline 0.007 -24"><span class='ocrx_word' id='word_1_421' title='bbox 2273 1603 2576 1663; x_wconf 89' lang='lat' dir='ltr'><strong>mirabiles</strong></span> <span class='ocrx_word' id='word_1_422' title='bbox 2605 1611 2739 1665; x_wconf 87' lang='lat' dir='ltr'><strong>sunt</strong></span> <span class='ocrx_word' id='word_1_423' title='bbox 2765 1608 3027 1680; x_wconf 88' lang='lat' dir='ltr'><strong>articuli,</strong></span> <span class='ocrx_word' id='word_1_424' title='bbox 3059 1625 3213 1684; x_wconf 83' lang='lat' dir='ltr'><strong>quos</strong></span> <span class='ocrx_word' id='word_1_425' title='bbox 3251 1612 3515 1682; x_wconf 81' lang='lat' dir='ltr'><strong>testaris3</strong></span> <span class='ocrx_word' id='word_1_426' title='bbox 3557 1612 3665 1669; x_wconf 89' lang='lat' dir='ltr'><strong>sed</strong></span> <span class='ocrx_word' id='word_1_427' title='bbox 3691 1629 3815 1671; x_wconf 88' lang='lat' dir='ltr'><strong>cre·</strong></span> <span class='ocrx_word' id='word_1_428' title='bbox 3870 1631 4066 1674; x_wconf 68' lang='lat' dir='ltr'><strong>Articuli</strong></span> 
     </span>
     <span class='ocr_line' id='line_1_66' title="bbox 2275 1693 4020 1809; baseline 0.005 -48"><span class='ocrx_word' id='word_1_429' title='bbox 2275 1702 2489 1761; x_wconf 91' lang='lat' dir='ltr'><strong>dibiles</strong></span> <span class='ocrx_word' id='word_1_430' title='bbox 2514 1708 2688 1776; x_wconf 90' lang='lat' dir='ltr'><strong>sunt,</strong></span> <span class='ocrx_word' id='word_1_431' title='bbox 2720 1707 3003 1781; x_wconf 90' lang='lat' dir='ltr'><strong>quoniam</strong></span> <span class='ocrx_word' id='word_1_432' title='bbox 3041 1712 3286 1783; x_wconf 89' lang='lat' dir='ltr'><strong>propter</strong></span> <span class='ocrx_word' id='word_1_433' title='bbox 3324 1709 3414 1767; x_wconf 86' lang='lat' dir='ltr'><strong>sui</strong></span> <span class='ocrx_word' id='word_1_434' title='bbox 3455 1712 3818 1785; x_wconf 90' lang='lat' dir='ltr'><strong>contempla·</strong></span> <span class='ocrx_word' id='word_1_435' title='bbox 3843 1693 4020 1809; x_wconf 41' lang='grc' dir='ltr'><strong>«ἐξ.</strong></span> 
     </span>
     <span class='ocr_line' id='line_1_67' title="bbox 2274 1797 3817 1879; baseline 0.006 -25"><span class='ocrx_word' id='word_1_436' title='bbox 2274 1797 2499 1856; x_wconf 89' lang='lat' dir='ltr'><strong>tionem</strong></span> <span class='ocrx_word' id='word_1_437' title='bbox 2522 1800 2766 1858; x_wconf 77' lang='lat' dir='ltr'><strong>testariS.</strong></span> <span class='ocrx_word' id='word_1_438' title='bbox 2798 1803 2876 1858; x_wconf 89' lang='lat' dir='ltr'><strong>De</strong></span> <span class='ocrx_word' id='word_1_439' title='bbox 2901 1802 3099 1875; x_wconf 89' lang='lat' dir='ltr'><strong>primo</strong></span> <span class='ocrx_word' id='word_1_440' title='bbox 3135 1819 3243 1876; x_wconf 89' lang='lat' dir='ltr'><strong>per</strong></span> <span class='ocrx_word' id='word_1_441' title='bbox 3281 1804 3636 1878; x_wconf 78' lang='lat' dir='ltr'><strong>prophetam</strong></span> <span class='ocrx_word' id='word_1_442' title='bbox 3661 1805 3817 1879; x_wconf 88' lang='lat' dir='ltr'><strong>psal-</strong></span> 
     </span>
     <span class='ocr_line' id='line_1_68' title="bbox 2273 1891 3811 1972; baseline 0.003 -24"><span class='ocrx_word' id='word_1_443' title='bbox 2273 1891 2343 1948; x_wconf 90' lang='lat' dir='ltr'><strong>lit</strong></span> <span class='ocrx_word' id='word_1_444' title='bbox 2361 1892 2422 1948; x_wconf 73' lang='lat'><strong>⁸:</strong></span> <span class='ocrx_word' id='word_1_445' title='bbox 2460 1914 2488 1944; x_wconf 89' lang='lat'>«</span> <span class='ocrx_word' id='word_1_446' title='bbox 2513 1892 2797 1952; x_wconf 65' lang='lat' dir='ltr'><strong>mirabilia</strong></span> <span class='ocrx_word' id='word_1_447' title='bbox 2825 1895 3160 1954; x_wconf 88' lang='lat' dir='ltr'><strong>testimonia</strong></span> <span class='ocrx_word' id='word_1_448' title='bbox 3182 1899 3321 1969; x_wconf 84' lang='lat' dir='ltr'><strong>tua3</strong></span> <span class='ocrx_word' id='word_1_449' title='bbox 3353 1917 3383 1953; x_wconf 66' lang='grc' dir='ltr'><strong>ι)</strong></span> <span class='ocrx_word' id='word_1_450' title='bbox 3421 1898 3593 1972; x_wconf 90' lang='lat' dir='ltr'><strong>quasi</strong></span> <span class='ocrx_word' id='word_1_451' title='bbox 3622 1898 3811 1956; x_wconf 88' lang='lat' dir='ltr'><strong>dicat.-</strong></span> 
     </span>
     <span class='ocr_line' id='line_1_69' title="bbox 2273 1987 3815 2067; baseline 0.004 -22"><span class='ocrx_word' id='word_1_452' title='bbox 2273 1987 2560 2046; x_wconf 81' lang='lat' dir='ltr'><strong>Mirabilia</strong></span> <span class='ocrx_word' id='word_1_453' title='bbox 2585 1993 2719 2046; x_wconf 90' lang='lat' dir='ltr'><strong>sunt</strong></span> <span class='ocrx_word' id='word_1_454' title='bbox 2736 2035 2755 2058; x_wconf 84' lang='lat'><strong>,</strong></span> <span class='ocrx_word' id='word_1_455' title='bbox 2804 2006 2936 2064; x_wconf 80' lang='lat' dir='ltr'><strong>quae</strong></span> <span class='ocrx_word' id='word_1_456' title='bbox 2977 1991 3217 2048; x_wconf 79' lang='lat' dir='ltr'><strong>testaris,</strong></span> <span class='ocrx_word' id='word_1_457' title='bbox 3268 1994 3348 2049; x_wconf 85' lang='lat' dir='ltr'><strong>De</strong></span> <span class='ocrx_word' id='word_1_458' title='bbox 3391 1992 3656 2050; x_wconf 90' lang='lat' dir='ltr'><strong>secundo</strong></span> <span class='ocrx_word' id='word_1_459' title='bbox 3709 2009 3815 2067; x_wconf 89' lang='lat' dir='ltr'><strong>per</strong></span> 
     </span>
     <span class='ocr_line' id='line_1_70' title="bbox 2274 2080 3816 2144; baseline 0.005 -7"><span class='ocrx_word' id='word_1_460' title='bbox 2274 2080 2637 2139; x_wconf 78' lang='lat' dir='ltr'><strong>psalmistam</strong></span> <span class='ocrx_word' id='word_1_461' title='bbox 2668 2082 2882 2140; x_wconf 90' lang='lat' dir='ltr'><strong>dicitur</strong></span> <span class='ocrx_word' id='word_1_462' title='bbox 2909 2086 2931 2118; x_wconf 77' lang='lat'><strong>⁶</strong></span> <span class='ocrx_word' id='word_1_463' title='bbox 2963 2103 2977 2141; x_wconf 94' lang='lat'><strong>:</strong></span> <span class='ocrx_word' id='word_1_464' title='bbox 3012 2104 3040 2138; x_wconf 76' lang='grc' dir='ltr'><strong>α</strong></span> <span class='ocrx_word' id='word_1_465' title='bbox 3056 2084 3410 2143; x_wconf 70' lang='lat' dir='ltr'><strong>&#39;testimonia</strong></span> <span class='ocrx_word' id='word_1_466' title='bbox 3436 2088 3539 2143; x_wconf 88' lang='lat' dir='ltr'><strong>tua</strong></span> <span class='ocrx_word' id='word_1_467' title='bbox 3567 2085 3816 2144; x_wconf 90' lang='lat' dir='ltr'><strong>credibi-</strong></span> 
     </span>
     <span class='ocr_line' id='line_1_71' title="bbox 2273 2173 3814 2251; baseline 0.005 -21"><span class='ocrx_word' id='word_1_468' title='bbox 2273 2173 2355 2231; x_wconf 89' lang='lat' dir='ltr'><strong>lia</strong></span> <span class='ocrx_word' id='word_1_469' title='bbox 2380 2174 2530 2231; x_wconf 82' lang='lat' dir='ltr'><strong>facta</strong></span> <span class='ocrx_word' id='word_1_470' title='bbox 2558 2179 2764 2248; x_wconf 79' lang='lat' dir='ltr'><strong>sunt,»</strong></span> <span class='ocrx_word' id='word_1_471' title='bbox 2798 2179 3085 2251; x_wconf 92' lang='lat' dir='ltr'><strong>quoniam</strong></span> <span class='ocrx_word' id='word_1_472' title='bbox 3135 2181 3201 2235; x_wconf 89' lang='lat' dir='ltr'><strong>tu</strong></span> <span class='ocrx_word' id='word_1_473' title='bbox 3237 2179 3484 2236; x_wconf 90' lang='lat' dir='ltr'><strong>testaris.</strong></span> <span class='ocrx_word' id='word_1_474' title='bbox 3513 2183 3605 2251; x_wconf 55' lang='lat' dir='ltr'><strong>QDe</strong></span> <span class='ocrx_word' id='word_1_475' title='bbox 3644 2179 3814 2238; x_wconf 87' lang='lat' dir='ltr'><strong>tertio</strong></span> 
     </span>
     <span class='ocr_line' id='line_1_72' title="bbox 2273 2268 3813 2344; baseline 0.005 -20"><span class='ocrx_word' id='word_1_476' title='bbox 2273 2283 2381 2341; x_wconf 90' lang='lat' dir='ltr'><strong>per</strong></span> <span class='ocrx_word' id='word_1_477' title='bbox 2408 2268 2937 2344; x_wconf 79' lang='lat' dir='ltr'><strong>psalmographum</strong></span> <span class='ocrx_word' id='word_1_478' title='bbox 2985 2271 3257 2330; x_wconf 86' lang='lat' dir='ltr'><strong>scribitur</strong></span> <span class='ocrx_word' id='word_1_479' title='bbox 3282 2273 3304 2307; x_wconf 80' lang='lat'><strong>⁶</strong></span> <span class='ocrx_word' id='word_1_480' title='bbox 3332 2291 3346 2330; x_wconf 90' lang='lat'><strong>:</strong></span> <span class='ocrx_word' id='word_1_481' title='bbox 3386 2291 3414 2326; x_wconf 80' lang='grc' dir='ltr'>α</span> <span class='ocrx_word' id='word_1_482' title='bbox 3440 2275 3509 2331; x_wconf 91' lang='lat' dir='ltr'><strong>ln</strong></span> <span class='ocrx_word' id='word_1_483' title='bbox 3534 2273 3632 2331; x_wconf 88' lang='lat' dir='ltr'><strong>via</strong></span> <span class='ocrx_word' id='word_1_484' title='bbox 3657 2274 3813 2332; x_wconf 86' lang='lat' dir='ltr'><strong>testi-</strong></span> 
     </span>
     <span class='ocr_line' id='line_1_73' title="bbox 2275 2362 3815 2442; baseline 0.005 -23"><span class='ocrx_word' id='word_1_485' title='bbox 2275 2362 2618 2421; x_wconf 90' lang='lat' dir='ltr'><strong>moniorum</strong></span> <span class='ocrx_word' id='word_1_486' title='bbox 2643 2367 2881 2422; x_wconf 91' lang='lat' dir='ltr'><strong>tuorum</strong></span> <span class='ocrx_word' id='word_1_487' title='bbox 2910 2364 3230 2424; x_wconf 86' lang='lat' dir='ltr'><strong>delectatus</strong></span> <span class='ocrx_word' id='word_1_488' title='bbox 3259 2382 3393 2424; x_wconf 91' lang='lat' dir='ltr'><strong>sum</strong></span> <span class='ocrx_word' id='word_1_489' title='bbox 3411 2409 3432 2438; x_wconf 92' lang='lat'><strong>,</strong></span> <span class='ocrx_word' id='word_1_490' title='bbox 3460 2387 3491 2422; x_wconf 73' lang='grc'><strong>»</strong></span> <span class='ocrx_word' id='word_1_491' title='bbox 3523 2368 3694 2442; x_wconf 89' lang='lat' dir='ltr'><strong>quasi</strong></span> <span class='ocrx_word' id='word_1_492' title='bbox 3723 2367 3815 2426; x_wconf 90' lang='lat' dir='ltr'><strong>di·</strong></span> 
     </span>
     <span class='ocr_line' id='line_1_74' title="bbox 2276 2456 3823 2536; baseline 0.005 -23"><span class='ocrx_word' id='word_1_493' title='bbox 2276 2459 2370 2514; x_wconf 90' lang='lat' dir='ltr'><strong>cat</strong></span> <span class='ocrx_word' id='word_1_494' title='bbox 2395 2475 2408 2513; x_wconf 92' lang='lat'><strong>:</strong></span> <span class='ocrx_word' id='word_1_495' title='bbox 2443 2456 2820 2516; x_wconf 88' lang='lat' dir='ltr'><strong>Delectabilia</strong></span> <span class='ocrx_word' id='word_1_496' title='bbox 2843 2462 3009 2529; x_wconf 84' lang='lat' dir='ltr'><strong>sunt,</strong></span> <span class='ocrx_word' id='word_1_497' title='bbox 3031 2464 3275 2535; x_wconf 88' lang='lat' dir='ltr'><strong>propter</strong></span> <span class='ocrx_word' id='word_1_498' title='bbox 3298 2478 3432 2536; x_wconf 82' lang='lat' dir='ltr'><strong>quae</strong></span> <span class='ocrx_word' id='word_1_499' title='bbox 3459 2461 3541 2519; x_wconf 89' lang='lat' dir='ltr'><strong>sic</strong></span> <span class='ocrx_word' id='word_1_500' title='bbox 3570 2462 3823 2521; x_wconf 81' lang='lat' dir='ltr'><strong>testaris.-</strong></span> 
     </span>
    </p>
   </div>
   <div class='ocr_carea' id='block_1_13' title="bbox 2777 2620 3314 2676">
    <p class='ocr_par' dir='ltr' id='par_1_15' title="bbox 2777 2620 3314 2676">
     <span class='ocr_line' id='line_1_75' title="bbox 2777 2620 3314 2676; baseline 0.004 -2"><span class='ocrx_word' id='word_1_501' title='bbox 2777 2620 3062 2675; x_wconf 80' lang='lat' dir='ltr'><strong>Articulus</strong></span> <span class='ocrx_word' id='word_1_502' title='bbox 3099 2623 3314 2676; x_wconf 80' lang='lat' dir='ltr'><strong>tertius.</strong></span> 
     </span>
    </p>
   </div>
   <div class='ocr_carea' id='block_1_14' title="bbox 2272 2737 4070 4135">
    <p class='ocr_par' dir='ltr' id='par_1_16' title="bbox 2272 2737 4070 4135">
     <span class='ocr_line' id='line_1_76' title="bbox 2344 2737 3812 2817; baseline 0.004 -19"><span class='ocrx_word' id='word_1_503' title='bbox 2344 2741 2653 2800; x_wconf 78' lang='lat' dir='ltr'><strong>Praemium</strong></span> <span class='ocrx_word' id='word_1_504' title='bbox 2691 2743 3056 2817; x_wconf 87' lang='lat' dir='ltr'><strong>postulatum</strong></span> <span class='ocrx_word' id='word_1_505' title='bbox 3096 2737 3432 2817; x_wconf 83' lang='lat' dir='ltr'><strong>annotavit,</strong></span> <span class='ocrx_word' id='word_1_506' title='bbox 3480 2746 3761 2805; x_wconf 87' lang='lat' dir='ltr'><strong>addendo</strong></span> <span class='ocrx_word' id='word_1_507' title='bbox 3798 2767 3812 2804; x_wconf 93' lang='lat'><strong>:</strong></span> 
     </span>
     <span class='ocr_line' id='line_1_77' title="bbox 2272 2836 3816 2907; baseline 0.004 -15"><span class='ocrx_word' id='word_1_508' title='bbox 2272 2836 2490 2893; x_wconf 82' lang='lat' dir='ltr'><strong>Salvum</strong></span> <span class='ocrx_word' id='word_1_509' title='bbox 2521 2853 2602 2893; x_wconf 86' lang='lat' dir='ltr'><strong>me</strong></span> <span class='ocrx_word' id='word_1_510' title='bbox 2628 2839 2739 2906; x_wconf 77' lang='lat' dir='ltr'><strong>tac.</strong></span> <span class='ocrx_word' id='word_1_511' title='bbox 2770 2837 2924 2906; x_wconf 85' lang='lat' dir='ltr'><strong>Quid</strong></span> <span class='ocrx_word' id='word_1_512' title='bbox 2954 2841 3039 2895; x_wconf 89' lang='lat' dir='ltr'><strong>est</strong></span> <span class='ocrx_word' id='word_1_513' title='bbox 3066 2838 3417 2907; x_wconf 87' lang='lat' dir='ltr'><strong>salvificari,</strong></span> <span class='ocrx_word' id='word_1_514' title='bbox 3455 2840 3570 2897; x_wconf 89' lang='lat' dir='ltr'><strong>nisi</strong></span> <span class='ocrx_word' id='word_1_515' title='bbox 3604 2841 3816 2899; x_wconf 89' lang='lat' dir='ltr'><strong>verita-</strong></span> 
     </span>
     <span class='ocr_line' id='line_1_78' title="bbox 2272 2930 3815 3005; baseline 0.003 -16"><span class='ocrx_word' id='word_1_516' title='bbox 2272 2934 2392 2989; x_wconf 89' lang='lat' dir='ltr'><strong>tem</strong></span> <span class='ocrx_word' id='word_1_517' title='bbox 2433 2930 2761 2989; x_wconf 86' lang='lat' dir='ltr'><strong>salvificam</strong></span> <span class='ocrx_word' id='word_1_518' title='bbox 2805 2932 3228 3005; x_wconf 78' lang='lat' dir='ltr'><strong>contemplari?</strong></span> <span class='ocrx_word' id='word_1_519' title='bbox 3277 2933 3430 2991; x_wconf 84' lang='lat' dir='ltr'><strong>Talis</strong></span> <span class='ocrx_word' id='word_1_520' title='bbox 3471 2933 3815 2993; x_wconf 88' lang='lat' dir='ltr'><strong>salvificatio</strong></span> 
     </span>
     <span class='ocr_line' id='line_1_79' title="bbox 2274 3023 3818 3102; baseline 0.003 -20"><span class='ocrx_word' id='word_1_521' title='bbox 2274 3029 2358 3082; x_wconf 88' lang='lat' dir='ltr'><strong>est</strong></span> <span class='ocrx_word' id='word_1_522' title='bbox 2384 3023 2527 3082; x_wconf 88' lang='lat' dir='ltr'><strong>fidei</strong></span> <span class='ocrx_word' id='word_1_523' title='bbox 2554 3025 2972 3082; x_wconf 89' lang='lat' dir='ltr'><strong>remuneratio.</strong></span> <span class='ocrx_word' id='word_1_524' title='bbox 3001 3027 3416 3084; x_wconf 89' lang='lat' dir='ltr'><strong>Verumtamen</strong></span> <span class='ocrx_word' id='word_1_525' title='bbox 3431 3026 3583 3085; x_wconf 88' lang='lat' dir='ltr'><strong>fides</strong></span> <span class='ocrx_word' id='word_1_526' title='bbox 3610 3032 3818 3102; x_wconf 79' lang='lat' dir='ltr'><strong>proeter</strong></span> 
     </span>
     <span class='ocr_line' id='line_1_80' title="bbox 2274 3119 3816 3194; baseline 0.003 -18"><span class='ocrx_word' id='word_1_527' title='bbox 2274 3135 2441 3194; x_wconf 85' lang='lat' dir='ltr'><strong>spem</strong></span> <span class='ocrx_word' id='word_1_528' title='bbox 2468 3123 2524 3177; x_wconf 91' lang='lat' dir='ltr'><strong>et</strong></span> <span class='ocrx_word' id='word_1_529' title='bbox 2552 3119 2898 3177; x_wconf 88' lang='lat' dir='ltr'><strong>charitatem</strong></span> <span class='ocrx_word' id='word_1_530' title='bbox 2917 3135 3040 3178; x_wconf 91' lang='lat' dir='ltr'><strong>non</strong></span> <span class='ocrx_word' id='word_1_531' title='bbox 3067 3119 3282 3179; x_wconf 87' lang='lat' dir='ltr'><strong>sufficit</strong></span> <span class='ocrx_word' id='word_1_532' title='bbox 3308 3119 3387 3178; x_wconf 91' lang='lat' dir='ltr'><strong>ad</strong></span> <span class='ocrx_word' id='word_1_533' title='bbox 3405 3121 3676 3180; x_wconf 88' lang='lat' dir='ltr'><strong>salutem.</strong></span> <span class='ocrx_word' id='word_1_534' title='bbox 3705 3125 3816 3180; x_wconf 86' lang='lat' dir='ltr'><strong>Un-</strong></span> 
     </span>
     <span class='ocr_line' id='line_1_81' title="bbox 2274 3213 4064 3293; baseline 0.001 -22"><span class='ocrx_word' id='word_1_535' title='bbox 2274 3213 2350 3271; x_wconf 91' lang='lat' dir='ltr'><strong>de</strong></span> <span class='ocrx_word' id='word_1_536' title='bbox 2377 3214 2742 3286; x_wconf 87' lang='lat' dir='ltr'><strong>notandum‚</strong></span> <span class='ocrx_word' id='word_1_537' title='bbox 2791 3214 2959 3287; x_wconf 88' lang='lat' dir='ltr'><strong>quod</strong></span> <span class='ocrx_word' id='word_1_538' title='bbox 2987 3213 3136 3272; x_wconf 90' lang='lat' dir='ltr'><strong>sicut</strong></span> <span class='ocrx_word' id='word_1_539' title='bbox 3161 3215 3540 3274; x_wconf 88' lang='lat' dir='ltr'><strong>testificantur</strong></span> <span class='ocrx_word' id='word_1_540' title='bbox 3566 3218 3817 3293; x_wconf 86' lang='lat' dir='ltr'><strong>Scriptu—</strong></span> <span class='ocrx_word' id='word_1_541' title='bbox 3900 3232 4064 3273; x_wconf 74' lang='lat' dir='ltr'><strong>nomi-</strong></span> 
     </span>
     <span class='ocr_line' id='line_1_82' title="bbox 2274 3304 4070 3399; baseline 0.004 -34"><span class='ocrx_word' id='word_1_542' title='bbox 2274 3324 2389 3380; x_wconf 76' lang='lat' dir='ltr'><strong>rae,</strong></span> <span class='ocrx_word' id='word_1_543' title='bbox 2430 3308 2711 3367; x_wconf 90' lang='lat' dir='ltr'><strong>Dominus</strong></span> <span class='ocrx_word' id='word_1_544' title='bbox 2752 3309 2966 3381; x_wconf 89' lang='lat' dir='ltr'><strong>legitur</strong></span> <span class='ocrx_word' id='word_1_545' title='bbox 3010 3310 3206 3369; x_wconf 87' lang='lat' dir='ltr'><strong>salvos</strong></span> <span class='ocrx_word' id='word_1_546' title='bbox 3241 3310 3433 3369; x_wconf 87' lang='lat' dir='ltr'><strong>facere</strong></span> <span class='ocrx_word' id='word_1_547' title='bbox 3473 3312 3777 3371; x_wconf 85' lang='lat' dir='ltr'><strong>credentes</strong></span> <span class='ocrx_word' id='word_1_548' title='bbox 3795 3356 3815 3385; x_wconf 91' lang='lat'>‚</span> <span class='ocrx_word' id='word_1_549' title='bbox 3845 3304 4070 3399; x_wconf 46' lang='lat' dir='ltr'><strong>:xxm</strong></span> 
     </span>
     <span class='ocr_line' id='line_1_83' title="bbox 2276 3402 3816 3478; baseline 0.003 -19"><span class='ocrx_word' id='word_1_550' title='bbox 2276 3407 2577 3477; x_wconf 82' lang='lat' dir='ltr'><strong>sperantes</strong></span> <span class='ocrx_word' id='word_1_551' title='bbox 2594 3446 2613 3476; x_wconf 93' lang='lat'><strong>,</strong></span> <span class='ocrx_word' id='word_1_552' title='bbox 2644 3407 2701 3461; x_wconf 92' lang='lat' dir='ltr'><strong>et</strong></span> <span class='ocrx_word' id='word_1_553' title='bbox 2725 3402 3070 3476; x_wconf 82' lang='lat' dir='ltr'><strong>diligentes3</strong></span> <span class='ocrx_word' id='word_1_554' title='bbox 3103 3405 3391 3478; x_wconf 85' lang='lat' dir='ltr'><strong>quoniam</strong></span> <span class='ocrx_word' id='word_1_555' title='bbox 3413 3406 3620 3464; x_wconf 90' lang='lat' dir='ltr'><strong>tribuit</strong></span> <span class='ocrx_word' id='word_1_556' title='bbox 3645 3423 3707 3464; x_wconf 89' lang='lat' dir='ltr'><strong>se</strong></span> <span class='ocrx_word' id='word_1_557' title='bbox 3730 3408 3816 3464; x_wconf 87' lang='lat' dir='ltr'><strong>vi-</strong></span> 
     </span>
     <span class='ocr_line' id='line_1_84' title="bbox 2277 3496 3809 3574; baseline 0.005 -22"><span class='ocrx_word' id='word_1_558' title='bbox 2277 3496 2542 3554; x_wconf 90' lang='lat' dir='ltr'><strong>dendum</strong></span> <span class='ocrx_word' id='word_1_559' title='bbox 2558 3537 2578 3566; x_wconf 94' lang='lat'><strong>,</strong></span> <span class='ocrx_word' id='word_1_560' title='bbox 2601 3496 2924 3554; x_wconf 90' lang='lat' dir='ltr'><strong>tenendum</strong></span> <span class='ocrx_word' id='word_1_561' title='bbox 2940 3541 2959 3570; x_wconf 91' lang='lat'><strong>,</strong></span> <span class='ocrx_word' id='word_1_562' title='bbox 2983 3502 3040 3556; x_wconf 88' lang='lat' dir='ltr'><strong>et</strong></span> <span class='ocrx_word' id='word_1_563' title='bbox 3063 3497 3406 3557; x_wconf 82' lang='lat' dir='ltr'><strong>fruendum.</strong></span> <span class='ocrx_word' id='word_1_564' title='bbox 3432 3502 3511 3557; x_wconf 90' lang='lat' dir='ltr'><strong>De</strong></span> <span class='ocrx_word' id='word_1_565' title='bbox 3538 3500 3734 3574; x_wconf 89' lang='lat' dir='ltr'><strong>primo</strong></span> <span class='ocrx_word' id='word_1_566' title='bbox 3750 3503 3809 3558; x_wconf 82' lang='lat'><strong>⁷:</strong></span> 
     </span>
     <span class='ocr_line' id='line_1_85' title="bbox 2280 3588 3816 3666; baseline 0.003 -19"><span class='ocrx_word' id='word_1_567' title='bbox 2280 3609 2309 3645; x_wconf 76' lang='grc' dir='ltr'><strong>α</strong></span> <span class='ocrx_word' id='word_1_568' title='bbox 2324 3588 2544 3648; x_wconf 87' lang='lat' dir='ltr'><strong>Placuit</strong></span> <span class='ocrx_word' id='word_1_569' title='bbox 2569 3593 2685 3648; x_wconf 89' lang='lat' dir='ltr'><strong>Deo</strong></span> <span class='ocrx_word' id='word_1_570' title='bbox 2708 3606 2817 3664; x_wconf 86' lang='lat' dir='ltr'><strong>per</strong></span> <span class='ocrx_word' id='word_1_571' title='bbox 2844 3590 3147 3649; x_wconf 89' lang='lat' dir='ltr'><strong>stultitiam</strong></span> <span class='ocrx_word' id='word_1_572' title='bbox 3166 3592 3600 3666; x_wconf 82' lang='lat' dir='ltr'><strong>praedicationis</strong></span> <span class='ocrx_word' id='word_1_573' title='bbox 3624 3595 3816 3652; x_wconf 90' lang='lat' dir='ltr'><strong>salvos</strong></span> 
     </span>
     <span class='ocr_line' id='line_1_86' title="bbox 2275 3682 3816 3763; baseline 0.004 -23"><span class='ocrx_word' id='word_1_574' title='bbox 2275 3682 2466 3741; x_wconf 84' lang='lat' dir='ltr'><strong>facere</strong></span> <span class='ocrx_word' id='word_1_575' title='bbox 2488 3683 2790 3742; x_wconf 89' lang='lat' dir='ltr'><strong>credentes</strong></span> <span class='ocrx_word' id='word_1_576' title='bbox 2806 3703 2824 3740; x_wconf 90' lang='lat'><strong>:</strong></span> <span class='ocrx_word' id='word_1_577' title='bbox 2839 3705 2868 3739; x_wconf 65' lang='grc' dir='ltr'><strong><em>ν</em></strong></span> <span class='ocrx_word' id='word_1_578' title='bbox 2889 3684 3218 3743; x_wconf 90' lang='lat' dir='ltr'><strong>secundum</strong></span> <span class='ocrx_word' id='word_1_579' title='bbox 3234 3691 3430 3744; x_wconf 90' lang='lat' dir='ltr'><strong>autem</strong></span> <span class='ocrx_word' id='word_1_580' title='bbox 3450 3687 3816 3763; x_wconf 84' lang='lat' dir='ltr'><strong>Dionysium,</strong></span> 
     </span>
     <span class='ocr_line' id='line_1_87' title="bbox 2276 3777 3813 3855; baseline 0.003 -20"><span class='ocrx_word' id='word_1_581' title='bbox 2276 3778 2372 3837; x_wconf 86' lang='lat' dir='ltr'><strong>Dei</strong></span> <span class='ocrx_word' id='word_1_582' title='bbox 2416 3777 2658 3835; x_wconf 88' lang='lat' dir='ltr'><strong>stultitia</strong></span> <span class='ocrx_word' id='word_1_583' title='bbox 2701 3783 2786 3836; x_wconf 90' lang='lat' dir='ltr'><strong>est</strong></span> <span class='ocrx_word' id='word_1_584' title='bbox 2824 3779 3441 3853; x_wconf 86' lang='lat' dir='ltr'><strong>incomprehensibilis</strong></span> <span class='ocrx_word' id='word_1_585' title='bbox 3484 3781 3813 3855; x_wconf 86' lang='lat' dir='ltr'><strong>sapientia:</strong></span> 
     </span>
     <span class='ocr_line' id='line_1_88' title="bbox 2276 3872 3819 3934; baseline 0.003 -6"><span class='ocrx_word' id='word_1_586' title='bbox 2276 3888 2411 3929; x_wconf 90' lang='lat' dir='ltr'><strong>ecce</strong></span> <span class='ocrx_word' id='word_1_587' title='bbox 2449 3872 2797 3930; x_wconf 89' lang='lat' dir='ltr'><strong>salvificatio</strong></span> <span class='ocrx_word' id='word_1_588' title='bbox 2836 3873 3225 3931; x_wconf 87' lang='lat' dir='ltr'><strong>credentium.</strong></span> <span class='ocrx_word' id='word_1_589' title='bbox 3257 3877 3336 3932; x_wconf 89' lang='lat' dir='ltr'><strong>De</strong></span> <span class='ocrx_word' id='word_1_590' title='bbox 3373 3875 3635 3934; x_wconf 90' lang='lat' dir='ltr'><strong>secundo</strong></span> <span class='ocrx_word' id='word_1_591' title='bbox 3682 3876 3819 3933; x_wconf 88' lang='lat' dir='ltr'><strong>scri-</strong></span> 
     </span>
     <span class='ocr_line' id='line_1_89' title="bbox 2273 3966 3811 4041; baseline 0.002 -17"><span class='ocrx_word' id='word_1_592' title='bbox 2273 3966 2519 4024; x_wconf 82' lang='lat' dir='ltr'><strong>bitur⁸z</strong></span> <span class='ocrx_word' id='word_1_593' title='bbox 2558 3966 2722 4035; x_wconf 86' lang='lat' dir='ltr'><strong>«Qui</strong></span> <span class='ocrx_word' id='word_1_594' title='bbox 2750 3966 2947 4024; x_wconf 91' lang='lat' dir='ltr'><strong>salvos</strong></span> <span class='ocrx_word' id='word_1_595' title='bbox 2991 3967 3128 4025; x_wconf 89' lang='lat' dir='ltr'><strong>facit</strong></span> <span class='ocrx_word' id='word_1_596' title='bbox 3171 3971 3470 4041; x_wconf 87' lang='lat' dir='ltr'><strong>sperantes</strong></span> <span class='ocrx_word' id='word_1_597' title='bbox 3514 3969 3578 4025; x_wconf 93' lang='lat' dir='ltr'><strong>in</strong></span> <span class='ocrx_word' id='word_1_598' title='bbox 3622 3985 3685 4027; x_wconf 85' lang='lat' dir='ltr'><strong>se</strong></span> <span class='ocrx_word' id='word_1_599' title='bbox 3735 3988 3751 4027; x_wconf 90' lang='lat'><strong>:</strong></span> <span class='ocrx_word' id='word_1_600' title='bbox 3784 3992 3811 4023; x_wconf 74' lang='grc' dir='ltr'><strong>υ</strong></span> 
     </span>
     <span class='ocr_line' id='line_1_90' title="bbox 2277 4059 3817 4135; baseline 0.003 -18"><span class='ocrx_word' id='word_1_601' title='bbox 2277 4076 2410 4117; x_wconf 88' lang='lat' dir='ltr'><strong>ecce</strong></span> <span class='ocrx_word' id='word_1_602' title='bbox 2439 4059 2785 4117; x_wconf 86' lang='lat' dir='ltr'><strong>salvificatio</strong></span> <span class='ocrx_word' id='word_1_603' title='bbox 2812 4062 3195 4134; x_wconf 89' lang='lat' dir='ltr'><strong>sperantium.</strong></span> <span class='ocrx_word' id='word_1_604' title='bbox 3230 4065 3307 4119; x_wconf 90' lang='lat' dir='ltr'><strong>De</strong></span> <span class='ocrx_word' id='word_1_605' title='bbox 3325 4063 3530 4135; x_wconf 90' lang='lat' dir='ltr'><strong>tertio,</strong></span> <span class='ocrx_word' id='word_1_606' title='bbox 3560 4063 3667 4121; x_wconf 92' lang='lat' dir='ltr'><strong>ubi</strong></span> <span class='ocrx_word' id='word_1_607' title='bbox 3693 4080 3817 4122; x_wconf 92' lang='lat' dir='ltr'><strong>mu-</strong></span> 
     </span>
    </p>
   </div>
   <div class='ocr_carea' id='block_1_15' title="bbox 2275 4154 3815 4305">
    <p class='ocr_par' dir='ltr' id='par_1_17' title="bbox 2275 4154 3815 4305">
     <span class='ocr_line' id='line_1_91' title="bbox 2275 4154 3812 4228; baseline 0.002 -18"><span class='ocrx_word' id='word_1_608' title='bbox 2275 4154 2443 4228; x_wconf 86' lang='lat' dir='ltr'><strong>lieri,</strong></span> <span class='ocrx_word' id='word_1_609' title='bbox 2493 4171 2625 4228; x_wconf 81' lang='lat' dir='ltr'><strong>quae</strong></span> <span class='ocrx_word' id='word_1_610' title='bbox 2664 4154 2917 4212; x_wconf 90' lang='lat' dir='ltr'><strong>multum</strong></span> <span class='ocrx_word' id='word_1_611' title='bbox 2962 4155 3203 4227; x_wconf 83' lang='lat' dir='ltr'><strong>dilexit,</strong></span> <span class='ocrx_word' id='word_1_612' title='bbox 3250 4156 3528 4214; x_wconf 89' lang='lat' dir='ltr'><strong>Dominus</strong></span> <span class='ocrx_word' id='word_1_613' title='bbox 3573 4157 3720 4216; x_wconf 79' lang='lat' dir='ltr'><strong>dixit</strong></span> <span class='ocrx_word' id='word_1_614' title='bbox 3747 4159 3812 4213; x_wconf 77' lang='lat'><strong>⁸:</strong></span> 
     </span>
     <span class='ocr_line' id='line_1_92' title="bbox 2282 4243 3815 4305; baseline 0.006 -9"><span class='ocrx_word' id='word_1_615' title='bbox 2282 4262 2309 4296; x_wconf 77' lang='grc' dir='ltr'><strong>α</strong></span> <span class='ocrx_word' id='word_1_616' title='bbox 2329 4243 2498 4301; x_wconf 84' lang='lat' dir='ltr'><strong>Fides</strong></span> <span class='ocrx_word' id='word_1_617' title='bbox 2538 4248 2638 4301; x_wconf 90' lang='lat' dir='ltr'><strong>tua</strong></span> <span class='ocrx_word' id='word_1_618' title='bbox 2674 4247 2729 4301; x_wconf 88' lang='lat' dir='ltr'><strong>te</strong></span> <span class='ocrx_word' id='word_1_619' title='bbox 2762 4244 2986 4302; x_wconf 87' lang='lat' dir='ltr'><strong>salvam</strong></span> <span class='ocrx_word' id='word_1_620' title='bbox 3019 4245 3157 4303; x_wconf 89' lang='lat' dir='ltr'><strong>fecit</strong></span> <span class='ocrx_word' id='word_1_621' title='bbox 3186 4263 3200 4302; x_wconf 97' lang='lat'><strong>:</strong></span> <span class='ocrx_word' id='word_1_622' title='bbox 3233 4266 3261 4301; x_wconf 69' lang='lat' dir='ltr'><strong>r</strong></span> <span class='ocrx_word' id='word_1_623' title='bbox 3304 4262 3438 4305; x_wconf 89' lang='lat' dir='ltr'><strong>ecce</strong></span> <span class='ocrx_word' id='word_1_624' title='bbox 3472 4247 3815 4305; x_wconf 87' lang='lat' dir='ltr'><strong>salvificatio</strong></span> 
     </span>
    </p>
   </div>
   <div class='ocr_carea' id='block_1_16' title="bbox 2277 4337 3816 4506">
    <p class='ocr_par' dir='ltr' id='par_1_18' title="bbox 2277 4337 3816 4506">
     <span class='ocr_line' id='line_1_93' title="bbox 2278 4337 3816 4409; baseline 0.003 -15"><span class='ocrx_word' id='word_1_625' title='bbox 2278 4337 2667 4409; x_wconf 89' lang='lat' dir='ltr'><strong>diligentium.</strong></span> <span class='ocrx_word' id='word_1_626' title='bbox 2697 4337 2865 4394; x_wconf 81' lang='lat' dir='ltr'><strong>Fides</strong></span> <span class='ocrx_word' id='word_1_627' title='bbox 2909 4339 3069 4396; x_wconf 92' lang='lat' dir='ltr'><strong>enim</strong></span> <span class='ocrx_word' id='word_1_628' title='bbox 3102 4344 3190 4396; x_wconf 89' lang='lat' dir='ltr'><strong>est</strong></span> <span class='ocrx_word' id='word_1_629' title='bbox 3223 4340 3414 4399; x_wconf 88' lang='lat' dir='ltr'><strong>meriti</strong></span> <span class='ocrx_word' id='word_1_630' title='bbox 3465 4339 3816 4399; x_wconf 81' lang='lat' dir='ltr'><strong>fundamen-</strong></span> 
     </span>
     <span class='ocr_line' id='line_1_94' title="bbox 2277 4430 3425 4506; baseline 0.004 -19"><span class='ocrx_word' id='word_1_631' title='bbox 2277 4434 2432 4503; x_wconf 83' lang='lat' dir='ltr'><strong>tum3</strong></span> <span class='ocrx_word' id='word_1_632' title='bbox 2465 4430 2572 4488; x_wconf 90' lang='lat' dir='ltr'><strong>sed</strong></span> <span class='ocrx_word' id='word_1_633' title='bbox 2601 4430 2839 4488; x_wconf 86' lang='lat' dir='ltr'><strong>dilectio</strong></span> <span class='ocrx_word' id='word_1_634' title='bbox 2859 4476 2877 4499; x_wconf 87' lang='lat'><strong>,</strong></span> <span class='ocrx_word' id='word_1_635' title='bbox 2907 4432 3425 4506; x_wconf 89' lang='lat' dir='ltr'><strong>complementum.</strong></span> 
     </span>
    </p>
   </div>
   <div class='ocr_carea' id='block_1_17' title="bbox 2760 4590 3333 4662">
    <p class='ocr_par' dir='ltr' id='par_1_19' title="bbox 2760 4590 3333 4662">
     <span class='ocr_line' id='line_1_95' title="bbox 2760 4590 3333 4662; baseline 0.003 -16"><span class='ocrx_word' id='word_1_636' title='bbox 2760 4590 3047 4647; x_wconf 80' lang='lat' dir='ltr'><strong>Articulus</strong></span> <span class='ocrx_word' id='word_1_637' title='bbox 3087 4596 3333 4662; x_wconf 80' lang='lat' dir='ltr'><strong>quartus.</strong></span> 
     </span>
    </p>
   </div>
   <div class='ocr_carea' id='block_1_18' title="bbox 2279 4714 3928 5262">
    <p class='ocr_par' dir='ltr' id='par_1_20' title="bbox 2279 4714 3928 5262">
     <span class='ocr_line' id='line_1_96' title="bbox 2350 4714 3814 4791; baseline 0.002 -18"><span class='ocrx_word' id='word_1_638' title='bbox 2350 4714 2613 4774; x_wconf 78' lang='lat' dir='ltr'><strong>Meritum</strong></span> <span class='ocrx_word' id='word_1_639' title='bbox 2653 4715 2975 4789; x_wconf 84' lang='lat' dir='ltr'><strong>allegatum</strong></span> <span class='ocrx_word' id='word_1_640' title='bbox 3018 4718 3401 4790; x_wconf 90' lang='lat' dir='ltr'><strong>subnotavit,</strong></span> <span class='ocrx_word' id='word_1_641' title='bbox 3439 4718 3756 4791; x_wconf 87' lang='lat' dir='ltr'><strong>subdendo</strong></span> <span class='ocrx_word' id='word_1_642' title='bbox 3799 4739 3814 4776; x_wconf 93' lang='lat'><strong>:</strong></span> 
     </span>
     <span class='ocr_line' id='line_1_97' title="bbox 2284 4810 3820 4885; baseline 0.003 -18"><span class='ocrx_word' id='word_1_643' title='bbox 2284 4810 2428 4878; x_wconf 82' lang='lat' dir='ltr'><strong>Quia</strong></span> <span class='ocrx_word' id='word_1_644' title='bbox 2445 4811 2865 4881; x_wconf 76' lang='lat' dir='ltr'><strong>justificationes</strong></span> <span class='ocrx_word' id='word_1_645' title='bbox 2895 4815 3016 4869; x_wconf 80' lang='lat' dir='ltr'><strong>tuas</strong></span> <span class='ocrx_word' id='word_1_646' title='bbox 3050 4817 3341 4885; x_wconf 71' lang='lat' dir='ltr'><strong>exquisivi.</strong></span> <span class='ocrx_word' id='word_1_647' title='bbox 3370 4814 3820 4874; x_wconf 71' lang='lat' dir='ltr'><strong>iustificationes</strong></span> 
     </span>
     <span class='ocr_line' id='line_1_98' title="bbox 2279 4901 3928 4983; baseline 0.006 -24"><span class='ocrx_word' id='word_1_648' title='bbox 2279 4901 2621 4975; x_wconf 87' lang='lat' dir='ltr'><strong>hujusmodi</strong></span> <span class='ocrx_word' id='word_1_649' title='bbox 2666 4904 2958 4979; x_wconf 88' lang='lat' dir='ltr'><strong>pertinent</strong></span> <span class='ocrx_word' id='word_1_650' title='bbox 3002 4907 3083 4964; x_wconf 90' lang='lat' dir='ltr'><strong>ad</strong></span> <span class='ocrx_word' id='word_1_651' title='bbox 3125 4908 3410 4978; x_wconf 88' lang='lat' dir='ltr'><strong>justitiam</strong></span> <span class='ocrx_word' id='word_1_652' title='bbox 3450 4908 3636 4980; x_wconf 88' lang='lat' dir='ltr'><strong>fidei,</strong></span> <span class='ocrx_word' id='word_1_653' title='bbox 3686 4925 3820 4983; x_wconf 80' lang='lat' dir='ltr'><strong>quae</strong></span> <span class='ocrx_word' id='word_1_654' title='bbox 3925 4936 3928 4939; x_wconf 39' lang='lat'>¹</span> 
     </span>
     <span class='ocr_line' id='line_1_99' title="bbox 2281 4997 3820 5079; baseline 0.005 -26"><span class='ocrx_word' id='word_1_655' title='bbox 2281 4997 2576 5070; x_wconf 88' lang='lat' dir='ltr'><strong>captivant</strong></span> <span class='ocrx_word' id='word_1_656' title='bbox 2609 4997 2968 5057; x_wconf 81' lang='lat' dir='ltr'><strong>intellectum</strong></span> <span class='ocrx_word' id='word_1_657' title='bbox 3005 5000 3312 5060; x_wconf 88' lang='lat' dir='ltr'><strong>Christiani</strong></span> <span class='ocrx_word' id='word_1_658' title='bbox 3355 5002 3417 5060; x_wconf 88' lang='lat' dir='ltr'><strong>in</strong></span> <span class='ocrx_word' id='word_1_659' title='bbox 3463 5003 3820 5079; x_wconf 84' lang='lat' dir='ltr'><strong>obsequium</strong></span> 
     </span>
     <span class='ocr_line' id='line_1_100' title="bbox 2281 5092 3816 5171; baseline 0.005 -22"><span class='ocrx_word' id='word_1_660' title='bbox 2281 5092 2506 5150; x_wconf 87' lang='lat' dir='ltr'><strong>Christi.</strong></span> <span class='ocrx_word' id='word_1_661' title='bbox 2535 5093 2685 5150; x_wconf 87' lang='lat' dir='ltr'><strong>Talis</strong></span> <span class='ocrx_word' id='word_1_662' title='bbox 2713 5095 2993 5169; x_wconf 90' lang='lat' dir='ltr'><strong>equidem</strong></span> <span class='ocrx_word' id='word_1_663' title='bbox 3020 5096 3333 5171; x_wconf 87' lang='lat' dir='ltr'><strong>captivatio</strong></span> <span class='ocrx_word' id='word_1_664' title='bbox 3374 5114 3497 5157; x_wconf 91' lang='lat' dir='ltr'><strong>non</strong></span> <span class='ocrx_word' id='word_1_665' title='bbox 3523 5103 3611 5157; x_wconf 88' lang='lat' dir='ltr'><strong>est</strong></span> <span class='ocrx_word' id='word_1_666' title='bbox 3644 5098 3816 5157; x_wconf 91' lang='lat' dir='ltr'><strong>intel-</strong></span> 
     </span>
     <span class='ocr_line' id='line_1_101' title="bbox 2280 5187 3819 5262; baseline 0.004 -18"><span class='ocrx_word' id='word_1_667' title='bbox 2280 5187 2537 5245; x_wconf 89' lang='lat' dir='ltr'><strong>lectuum</strong></span> <span class='ocrx_word' id='word_1_668' title='bbox 2561 5191 2857 5246; x_wconf 87' lang='lat' dir='ltr'><strong>rectorum</strong></span> <span class='ocrx_word' id='word_1_669' title='bbox 2884 5191 3213 5250; x_wconf 85' lang='lat' dir='ltr'><strong>recurvatio</strong></span> <span class='ocrx_word' id='word_1_670' title='bbox 3231 5233 3253 5262; x_wconf 92' lang='lat'><strong>,</strong></span> <span class='ocrx_word' id='word_1_671' title='bbox 3283 5193 3391 5251; x_wconf 90' lang='lat' dir='ltr'><strong>sed</strong></span> <span class='ocrx_word' id='word_1_672' title='bbox 3432 5208 3819 5252; x_wconf 88' lang='lat' dir='ltr'><strong>recurvorum</strong></span> 
     </span>
    </p>
   </div>
   <div class='ocr_carea' id='block_1_19' title="bbox 2280 5313 3820 5450">
    <p class='ocr_par' dir='ltr' id='par_1_21' title="bbox 2280 5313 3820 5450">
     <span class='ocr_line' id='line_1_102' title="bbox 2285 5313 3820 5382; baseline 0.004 -19"><span class='ocrx_word' id='word_1_673' title='bbox 2285 5316 2358 5363; x_wconf 73' lang='lat'><strong>14.</strong></span> <span class='ocrx_word' id='word_1_674' title='bbox 2388 5340 2451 5350; x_wconf 91' lang='lat'><strong>—</strong></span> <span class='ocrx_word' id='word_1_675' title='bbox 2482 5313 2504 5349; x_wconf 90' lang='lat'><strong>&#39;¹</strong></span> <span class='ocrx_word' id='word_1_676' title='bbox 2549 5315 2561 5363; x_wconf 93' lang='grc' dir='ltr'>Ι</span> <span class='ocrx_word' id='word_1_677' title='bbox 2604 5314 2743 5373; x_wconf 71' lang='lat' dir='ltr'><strong>Cor„</strong></span> <span class='ocrx_word' id='word_1_678' title='bbox 2783 5328 2832 5378; x_wconf 86' lang='lat'><strong>1,</strong></span> <span class='ocrx_word' id='word_1_679' title='bbox 2866 5319 2947 5366; x_wconf 79' lang='lat'><strong>21.</strong></span> <span class='ocrx_word' id='word_1_680' title='bbox 2974 5344 3038 5354; x_wconf 89' lang='lat'>—</span> <span class='ocrx_word' id='word_1_681' title='bbox 3069 5317 3090 5351; x_wconf 83' lang='lat'><strong>⁸</strong></span> <span class='ocrx_word' id='word_1_682' title='bbox 3118 5316 3254 5366; x_wconf 72' lang='lat' dir='ltr'><strong>le.</strong></span> <span class='ocrx_word' id='word_1_683' title='bbox 3291 5330 3408 5382; x_wconf 73' lang='lat' dir='ltr'><strong>xw,</strong></span> <span class='ocrx_word' id='word_1_684' title='bbox 3445 5322 3492 5370; x_wconf 82' lang='grc' dir='ltr'><strong>Ἰ.</strong></span> <span class='ocrx_word' id='word_1_685' title='bbox 3520 5345 3582 5358; x_wconf 93' lang='grc'>-</span> <span class='ocrx_word' id='word_1_686' title='bbox 3619 5320 3638 5349; x_wconf 78' lang='lat'><strong>⁹</strong></span> <span class='ocrx_word' id='word_1_687' title='bbox 3680 5319 3820 5382; x_wconf 71' lang='lat' dir='ltr'><strong>Luc„</strong></span> 
     </span>
     <span class='ocr_line' id='line_1_103' title="bbox 2280 5385 3254 5450; baseline 0.006 -15"><span class='ocrx_word' id='word_1_688' title='bbox 2280 5397 2374 5449; x_wconf 79' lang='lat' dir='ltr'><strong>vu,</strong></span> <span class='ocrx_word' id='word_1_689' title='bbox 2400 5388 2476 5437; x_wconf 79' lang='lat'><strong>50.</strong></span> <span class='ocrx_word' id='word_1_690' title='bbox 2495 5411 2551 5421; x_wconf 95' lang='lat'>—</span> <span class='ocrx_word' id='word_1_691' title='bbox 2582 5385 2653 5450; x_wconf 81' lang='lat' dir='ltr'><strong>(a)</strong></span> <span class='ocrx_word' id='word_1_692' title='bbox 2680 5386 2818 5437; x_wconf 78' lang='lat' dir='ltr'><strong>Edit.</strong></span> <span class='ocrx_word' id='word_1_693' title='bbox 2849 5388 2966 5439; x_wconf 77' lang='lat' dir='ltr'><strong>Ven.</strong></span> <span class='ocrx_word' id='word_1_694' title='bbox 2994 5388 3254 5450; x_wconf 70' lang='lat' dir='ltr'><strong>pnoevium.</strong></span> 
     </span>
    </p>
   </div>
  </div>
 </body>
</html>
