4196 6294
780 473 900 536 692

841 606 1040 659 tionem
1070 600 1435 655 commendmt
1455 599 1544 665 (a).
1568 600 1735 661 Quare
1758 596 1986 663 mgelies
1999 594 2171 647 minis-

840 676 993 729 tratio
1019 688 1128 728 non
1159 675 1400 727 omnibus
1427 671 1659 739 proficiat
1686 671 1775 736 (α).
2230 669 2321 720 279

782 750 931 813 Quod
953 762 1044 799 sex
1064 750 1270 799 montes
1286 747 1516 798 Christus
1531 742 1816 796 transilivit.
1840 744 1916 793 De
1942 740 2167 793 ternario

843 835 1080 873 numero.
1097 819 1249 879 Quod
1270 819 1501 870 Christus
1526 816 1705 868 dicitur
1729 814 1894 880 panis,
1915 814 2094 863 vinum
2117 817 2171 864 et

844 894 1033 946 oleum.
1063 893 1255 944 Eadem
1284 892 1384 942 dici
1411 894 1627 955 possunt
1652 887 1808 961 etiam
1846 887 1909 937 de
1942 885 2043 936 fide
2074 885 2165 951 (a).

844 966 976 1019 Solis
1002 964 1302 1031 significatio
1331 962 1619 1027 multiplex.
2229 956 2320 1007 280

781 1038 1055 1100 Quomodo
1078 1039 1216 1088 Deus
1229 1038 1378 1086 Pater
1398 1034 1572 1085 omnia
1582 1031 1736 1083 iaciat
1751 1044 1846 1096 per
1868 1030 2056 1082 Filium
2073 1031 2164 1093 (α).

843 1112 919 1160 De
947 1107 1228 1173 piscatione
1255 1105 1488 1156 instituta
1512 1119 1545 1155 a
1566 1104 1766 1155 Christo
1800 1104 1882 1166 (a).
1910 1102 2060 1162 Quod
2083 1100 2171 1151 tri·

841 1181 939 1231 bus
960 1180 1131 1231 modis
1157 1182 1296 1230 Deus
1317 1190 1528 1228 manum
1548 1189 1695 1226 suam
1723 1174 1887 1239 aperit
1908 1174 1995 1238 (a).
2019 1172 2170 1233 Quod

842 1266 951 1305 non
969 1266 1076 1303 uno
1099 1251 1256 1301 modo
1284 1251 1422 1300 Deus
1446 1248 1672 1314 loquitur
1690 1246 1982 1306 nobiscum,
2002 1249 2054 1294 et
2072 1259 2169 1294 nos

842 1338 962 1375 cum
983 1336 1068 1374 eo.
1092 1322 1241 1382 Quod
1269 1322 1372 1372 duo
1392 1323 1510 1371 sunt
1530 1319 1646 1369 libri
1665 1321 1760 1384 (a).
1785 1317 1934 1377 Quod
1953 1315 2168 1380 quisque

842 1395 999 1446 debet
1023 1406 1262 1445 accusare
1297 1392 1553 1458 praecipue
1593 1390 1837 1454 seipsum.
1885 1389 1962 1439 De
2007 1388 2169 1439 tribus

843 1467 1114 1533 speciebus
1138 1479 1288 1517 vanae
1316 1465 1516 1531 gloriae.

784 1540 1108 1605 confitemini
1158 1537 1390 1597 Domino,
1435 1538 1485 1586 et
1538 1533 1775 1595 invocate,
1821 1531 2012 1582 Psalm.
2057 1532 2162 1582 104.

845 1609 1134 1676 Quotuplici
1154 1608 1353 1661 ratione
1375 1606 1546 1673 angeli
1561 1605 1772 1657 laudent
1790 1605 1956 1655 Deum
1980 1603 2069 1669 (a).
2093 1605 2167 1654 De

842 1688 998 1736 cantu
1029 1681 1259 1734 Alleluia.
2231 1676 2319 1728 281

783 1757 858 1807 De
884 1754 1151 1820 multiplici
1176 1752 1325 1804 laude
1351 1752 1463 1804 Dei.
1507 1750 1687 1814 Fides,
1726 1761 1846 1812 spes
1873 1750 1927 1798 et
1951 1747 2171 1798 charitas

844 1828 900 1879 in
931 1827 1030 1877 hac
1067 1826 1171 1877 vita
1198 1824 1484 1889 peregi-ime
1513 1823 1603 1889 (a).
1635 1820 1780 1871 Ferri
1810 1818 1877 1883 (α)
1905 1819 2172 1883 multiplex

845 1898 1167 1965 significatio.
1222 1896 1299 1947 Ad
1347 1909 1462 1960 quae
1512 1895 1796 1947 inflammet
1847 1896 2170 1961 potissimum

846 1971 1063 2036 Spiritus
1090 1971 1328 2022 Sanctus.
1352 1967 1501 2027 Quod
1523 1970 1723 2031 septem
1749 1972 1868 2019 sunt
1894 1968 1948 2018 in
1971 1971 2172 2031 tempo·

844 2043 1055 2105 ralibus,
1079 2055 1196 2108 quoe
1220 2040 1458 2093 homines
1484 2042 1748 2105 appetunt.
1772 2041 1897 2091 Auri
1924 2040 2172 2106 significa-

843 2115 918 2167 tio
945 2113 1230 2178 multiplex.
2235 2115 2325 2165 282

784 2186 934 2249 Quod
957 2200 1050 2236 vas
1074 2183 1398 2249 tragilitatem
1436 2181 1685 2247 significat
1734 2181 1820 2247 (b).
1864 2183 1939 2233 De
1981 2184 2169 2248 triplici

843 2258 1124 2324 theologia.
1152 2257 1256 2307 Lex
1283 2255 1451 2320 Moysi
1475 2255 1662 2306 umbra
1677 2255 1774 2306 fuit
1789 2269 1943 2306 novoe
1977 2255 2122 2321 legis.

786 2330 1108 2396 Confitemini
1131 2329 1358 2388 Domino,
1383 2328 1616 2391 quoniam
1651 2326 1819 2392 bonus,
1842 2328 2028 2379 Psalm.
2061 2332 2168 2380 105.

846 2404 984 2453 Deus
1016 2400 1200 2453 dicitur
1222 2399 1393 2449 bonus
1419 2397 1787 2463 multipliciter.
2235 2404 2327 2455 283

783 2474 985 2528 Peccati
1031 2477 1083 2523 et
1132 2470 1412 2536 iniquitatis
1455 2469 1748 2522 discrimen.
1796 2472 1871 2521 De
1922 2471 2173 2537 polyono-

844 2550 982 2597 mate
1016 2545 1104 2608 (α).
1152 2545 1230 2594 De
1270 2542 1540 2605 multiplici
1579 2541 1750 2593 oculo.
1791 2542 1939 2601 Quod
1985 2544 2173 2607 triplici

843 2632 998 2669 sensu
1021 2617 1181 2667 homo
1221 2615 1520 2678 redemptus
1552 2612 1756 2663 dicitur.
1800 2616 1874 2664 De
1921 2628 2076 2665 sensu
2124 2620 2177 2666 et

845 2691 1030 2743 affectu
1056 2686 1311 2750 hominis,
1352 2690 1405 2736 et
1441 2685 1504 2736 de
1543 2685 1796 2735 divisione
1842 2699 2042 2738 eorum.
2073 2688 2174 2739 lni-

844 2764 964 2815 mici
991 2767 1113 2824 treS,
1141 2774 1172 2811 a
1198 2759 1383 2825 quibus
1401 2758 1497 2809 tria
1517 2760 1845 2821 peccatorum
1873 2772 2080 2822 genera.
2236 2765 2326 2815 284

785 2835 1109 2900 Confitemini
1131 2832 1361 2892 Domino,
1389 2831 1625 2895 quoniam
1649 2828 1818 2889 bonu-r,
1852 2831 2038 2881 Psalm.
2062 2834 2171 2883 106.

846 2906 995 2967 Quod
1031 2903 1262 2955 binarius
1303 2915 1550 2952 numerus
1586 2901 1886 2964 plerumque
1926 2902 2176 2967 significat

846 2978 1183 3036 charitatem,
1214 2973 1523 3039 quandoque
1549 2974 1725 3022 tamen
1762 2972 1877 3023 alia.
1908 2974 2055 3033 Quod
2091 2977 2177 3026 tri·

845 3051 966 3133 plex
993 3050 1071 3099 est
1097 3046 1243 3111 origo
1268 3044 1581 3095 tentationis.
1611 3043 1760 3102 Quod
1787 3043 1886 3094 tria
1911 3044 2178 3098 hominem

847 3122 901 3174 in
921 3118 1162 3186 praesenti
1181 3116 1469 3182 impediunt
1486 3115 1571 3179 (a).
1597 3114 2038 3181 Concupiscentia}
2055 3133 2177 3185 qua-

846 3200 964 3246 tuor
1007 3204 1217 3257 genera.
1251 3190 1400 3250 Quod
1433 3187 1592 3238 homo
1619 3202 1715 3251 per
1753 3190 2043 3252 superbiam
2069 3193 2175 3257 lap-

847 3282 963 3332 sus,
1001 3279 1094 3331 per
1121 3265 1275 3316 aliam
1300 3263 1440 3313 viam
1460 3275 1728 3327 resurgere
1758 3262 1927 3313 debet.
1962 3266 2027 3316 Es
2032 3270 2050 3315 t
2085 3267 2174 3316 de-

846 3352 1057 3390 scensus
1077 3351 1109 3387 a
1124 3337 1234 3387 vita
1253 3334 1649 3399 contemplativa
1662 3335 1726 3384 ad
1739 3335 1976 3401 activam,
1997 3351 2093 3389 nec
2108 3343 2179 3390 ta-

846 3423 968 3461 men
994 3410 1187 3473 lapsus.
2240 3416 2330 3468 285

785 3484 861 3535 De
900 3482 1103 3534 diversa
1157 3475 1526 3543 significatione
1574 3476 1742 3528 navis.
1788 3478 2016 3538 Quatuor
2061 3487 2182 3533 sunt

846 3567 963 3619 quae
1003 3550 1190 3604 Christi
1231 3548 1536 3612 discipulum
1573 3552 1938 3603 commendant
1975 3551 2064 3616 (α).
2105 3556 2178 3606 De

845 3625 1030 3691 triplici
1055 3623 1299 3676 clamore.
1321 3622 1470 3681 Quod
1492 3624 1702 3685 peccata
1720 3624 1954 3685 quamvis
1971 3638 2177 3691 magna,

845 3697 1005 3748 multa
1033 3698 1085 3746 et
1109 3695 1295 3758 turpia,
1324 3693 1611 3743 remedium
1652 3693 1942 3760 admittunt,
1965 3699 2034 3758 :et
2063 3698 2176 3763 qui-

847 3770 968 3820 dem
1001 3767 1185 3832 triplex
1221 3765 1304 3828 (a).
1336 3766 1410 3815 De
1439 3763 1624 3828 triplici
1650 3764 1806 3816 bello.

784 3841 975 3892 Parata
1065 3852 1150 3889 cor
1179 3850 1362 3900 meum,
1391 3836 1544 3899 Deus,
1573 3835 1761 3886 Psalm.
1806 3839 1912 3889 107.
1943 3838 2019 3888 De
2057 3853 2181 3890 con·

847 3911 968 3963 fessi
1003 3924 1069 3962 ne
1099 3907 1205 3960 oris
1233 3911 1286 3959 et
1310 3905 1500 3958 cordis.
2243 3915 2333 3964 285

788 3986 862 4036 De
915 3984 1183 4036 inventore
1233 3979 1407 4031 annuli
1424 4016 1442 4043 ,
1489 3980 1542 4029 et
1587 3978 1697 4043 ejus
1736 3991 1851 4028 usu.
1896 3980 2084 4031 Civitas
2127 3982 2180 4032 in

847 4057 1024 4108 monte
1054 4051 1276 4105 Ecclesia
1305 4055 1403 4114 est,
1428 4051 1574 4116 cujus
1599 4050 1989 4103 fundamentum
2013 4053 2181 4105 Chris·

849 4132 946 4190 tus,
969 4139 1175 4178 necnon
1205 4137 1403 4184 murus,
1433 4125 1483 4172 et
1503 4122 1678 4183 turris,
1708 4125 1760 4172 et
1784 4128 1949 4188 porta,
1980 4129 2032 4175 et
2059 4139 2181 4176 cus-

847 4204 928 4250 tos
936 4215 955 4264 3
983 4212 1139 4264 quam
1166 4196 1324 4248 etiam
1363 4193 1584 4244 laetificat
1629 4194 1818 4244 flumen
1843 4209 1960 4245 cum
1987 4197 2181 4263 rivulis,

847 4269 1121 4336 praesentia
1148 4268 1340 4320 scilicet
1366 4281 1427 4317 ac
1454 4265 1593 4316 dona
1621 4265 1837 4329 Spiritus
1867 4268 2029 4318 sancti
2059 4268 2147 4333 (α).

785 4345 939 4409 Deus,
967 4342 1168 4393 laudem
1205 4355 1365 4390 meam
1394 4352 1454 4388 ne
1480 4339 1717 4403 tacueris,
1747 4337 1933 4387 Psalm.
1967 4343 2073 4390 108.
2107 4342 2180 4391 De

844 4415 1009 4467 tribus
1041 4412 1315 4479 generibus
1342 4412 1692 4475 peccatorum.
1738 4411 1812 4460 De
1853 4409 2039 4474 duplici
2067 4427 2182 4463 ora-

847 4487 987 4538 tione
1015 4484 1222 4537 Christi.
2244 4489 2335 4539 287

787 4561 860 4611 De
888 4557 1075 4622 triplici
1111 4556 1239 4607 vitio
1283 4554 1341 4617 (c)
1369 4590 1383 4617 ,
1422 4558 1632 4618 peccato
1669 4556 1722 4603 et
1755 4554 2002 4605 remedio.
2034 4555 2182 4616 Quod

846 4635 1066 4697 quatuor
1091 4627 1258 4679 modis
1287 4639 1441 4691 super
1471 4625 1694 4690 aliquem
1735 4626 1967 4677 diabolus
1994 4629 2185 4694 consti<

847 4702 1022 4753 tuitur.
1043 4698 1331 4763 Quotuplici
1352 4697 1507 4750 modo
1531 4697 1696 4748 oratio
1718 4697 1804 4746 flat
1819 4697 1872 4748 in
1890 4703 2179 4762 peccatum.

847 4776 922 4824 De
947 4771 1211 4836 multiplici
1238 4783 1413 4821 usura.
1456 4771 1529 4819 De
1569 4768 1835 4832 multiplici
1868 4770 2049 4833 spiritu
2077 4772 2176 4837 (d).

849 4846 998 4908 Quod
1024 4848 1296 4910 peccatum
1330 4843 1387 4893 fit
1428 4840 1845 4907 quadrupliciter.
1888 4844 1962 4892 De
2003 4844 2181 4894 multi-

797 4977 800 4980 ,
844 4918 965 4983 plici
993 4916 1221 4982 cingulo.
2242 4920 2331 4969 288

785 4989 935 5041 Dixit
961 4990 1203 5040 Dominus
1231 4987 1442 5037 Domino
1467 4998 1595 5048 meo,
1627 4984 1812 5037 Psalm.
1847 4988 1956 5037 109.
1993 4984 2175 5038 Dicere

846 5065 898 5112 et
913 5060 1105 5112 Sedere
1120 5058 1292 5109 multis
1305 5056 1471 5108 modis
1486 5056 1826 5121 accipiuntur.
1844 5057 2008 5108 Donec
2033 5057 2178 5122 quin·

847 5145 945 5197 que
964 5130 1133 5183 modis
1153 5129 1416 5194 accipitur.
1449 5129 1521 5178 De
1546 5127 1810 5192 multiplici
1839 5127 2173 5194 subjectione.
2239 5133 2329 5183 289

784 5205 985 5256 Nomen
1031 5202 1341 5266 Principium
1377 5199 1548 5252 multis
1582 5201 1752 5252 modis
1799 5202 2064 5269 accipitur.
2117 5204 2176 5253 ln

847 5275 1103 5328 oblatione
1132 5280 1350 5340 quatuor
1374 5274 1682 5326 necessaria.

837 5440 902 5496 (ο)
923 5443 1017 5485 Hoc
1035 5452 1124 5485 uon
1142 5441 1308 5485 habent
1325 5444 1421 5485 cot.
1439 5441 1545 5485 edit.
1561 5463 1617 5474 —
1633 5439 1692 5494 (ὁ)
1716 5443 1809 5484 noc
1826 5441 1941 5485 refer
1960 5440 2016 5484 ad
2037 5441 2198 5484 Psalm.
2224 5443 2267 5496 2,
2287 5444 2327 5484 9.

2251 454 2511 527 INDEX.

2430 595 2714 662 Confitebov·
2736 595 2853 661 tibi,
2888 596 3116 661 Domine,
3142 595 3327 651 Psalin.
3355 598 3460 646 110.
3490 598 3559 647 De
3586 600 3750 651 coufes-

2490 668 2632 718 sione
2657 669 2827 719 cordis
2853 672 2906 719 et
2945 667 3068 719 oris.
3102 666 3379 718 Consilium
3402 668 3662 733 multiplex.
3692 673 3747 721 De

2489 739 2833 803 magnitudine
2855 740 3225 803 Redemptoris‚
3249 739 3494 803 redempti
3518 754 3693 805 quoque
3714 746 3754 792 et

2490 812 2874 875 redemptionis
2913 814 2986 861 De
3039 824 3192 861 causa
3237 812 3372 861 finali
3416 816 3465 861 et
3504 814 3730 866 materiali.

2492 885 2717 935 Christus
2734 884 2920 935 missus
2938 888 3016 935 est
3034 884 3099 934 ad
3116 886 3142 935 J
3149 884 3325 935 udaeos
3347 884 3519 949 triplici
3542 886 3598 935 de
3618 901 3751 938 causa.

2492 958 2640 1016 Quod
2669 958 2907 1008 voluntas
2948 958 3079 1022 signi
3122 960 3185 1022 (e)
3220 957 3401 1008 dicitur
3439 957 3643 1022 quinque
3666 974 3753 1010 mo-

2431 1101 2578 1161 Quod
2597 1100 2890 1165 justificatio
2917 1100 3149 1152 consistit
3187 1101 3241 1150 in
3277 1100 3494 1150 duobus.
3522 1102 3588 1151 De
3610 1102 3759 1153 timore

2492 1173 2660 1223 servili
2705 1177 2756 1224 et
2792 1172 2986 1225 initiali.
3016 1174 3162 1224 Fides
3204 1186 3308 1223 non
3349 1187 3443 1237 pro
3478 1175 3659 1238 merito,
3686 1176 3755 1225 sed

2490 1246 2682 1310 proevie
2707 1246 2771 1297 ad
2795 1247 2980 1297 merita
3005 1247 3154 1298 datur
3183 1246 3269 1308 (α).

2412 1318 2736 1369 -Beatus'vir
2772 1319 2858 1381 qui
2915 1319 3057 1367 timet
3114 1318 3410 1380 Dominum,
3461 1318 3630 1369 Psalm.
3677 1323 3760 1369 111.

2492 1390 2665 1443 Sancti
2703 1389 2893 1441 habent
2932 1390 3238 1441 hilaritatem
3279 1389 3333 1440 in
3368 1390 3543 1443 tribus,
3576 1393 3683 1451 Quae
3702 1392 3764 1441 ia-

2492 1466 2629 1516 ciant
2671 1464 2933 1515 hominem
2974 1465 3183 1514 beatum
3233 1464 3328 1527 (α).
3372 1465 3514 1523 Quod
3560 1464 3643 1515 tria
3674 1472 3765 1515 sunt

2492 1551 2649 1602 opera
2671 1537 3054 1588 misericordias.
3082 1539 3171 1588 Est
3197 1537 3413 1587 verbum
3441 1550 3676 1601 asperum,
3706 1551 3765 1587 as-

2491 1609 2681 1675 perius,
2715 1609 3073 1674 asperrimum.
3809 1614 3863 1661 291

2431 1682 2519 1733 Est
2554 1680 2771 1730 verbum
2807 1694 2962 1731 suave
2981 1717 2997 1741 ,
3037 1679 3276 1743 suavius,
3316 1679 3674 1731 suavissimum.
3710 1683 3766 1732 De

2490 1765 2754 1804 mammon
2782 1754 2832 1802 et
2861 1766 3175 1802 mammona.

2430 1826 2665 1885 Laudare,
2693 1824 2859 1889 pueri,
2898 1825 3182 1887 Dominum,
3211 1824 3402 1875 Psalm.
3447 1828 3545 1876 112.
3583 1826 3769 1891 Triplici·

2492 1901 2570 1948 ter
2591 1898 2728 1947 Deus
2755 1898 2935 1960 gentes
2956 1896 3184 1947 assumit.
3212 1896 3501 1961 Tripliciter
3520 1899 3667 1947 Deum
3677 1897 3770 1947 'lau-

2492 1968 2613 2018 dare
2666 1967 2932 2018 debemus.
2986 1969 3269 2019 Puerorum
3325 1967 3603 2031 privilegia.
3656 1968 3773 2029 Quod

2493 2044 2778 2092 stercorum
2821 2040 3032 2091 nomine
3072 2041 3171 2091 tria
3214 2040 3268 2091 in
3308 2041 3580 2106 scripturis
3622 2041 3775 2092 intelli·

2492 2115 2696 2177 guntur.
3817 2112 3875 2162 29³

2433 2187 2640 2249 Septem
2664 2183 2833 2234 modis
2859 2183 3044 2234 dicitur
3072 2184 3208 2233 Deus
3233 2182 3468 2235 habitare
3493 2184 3547 2235 ln
3566 2184 3727 2249 aliquo.

2434 2254 2489 2307 In
2514 2258 2657 2307 exitu
2693 2253 2852 2305 Israel
2885 2256 2947 2305 de
2983 2255 3231 2319 AEqypto‚
3263 2255 3454 2308 Psalm.
3499 2261 3600 2308 113.
3639 2256 3777 2307 Exitus

2493 2324 2776 2391 multiplex.
2813 2328 2851 2376 Α
2878 2326 3068 2390 triplici
3103 2326 3257 2377 domo
3297 2332 3508 2391 oportet
3530 2342 3619 2378 nos
3649 2327 3777 2377 exire.

2494 2400 2553 2449 ln
2579 2401 2801 2463 AEgypto
2826 2398 2981 2463 hujus
3008 2398 3186 2447 mundi
3226 2401 3304 2448 est
3337 2399 3593 2450 tribulatio
3617 2400 3779 2462 triplex.

2498 2473 2740 2522 Peccator
2767 2469 2895 2520 mari
2934 2468 3112 2520 similis
3143 2469 3231 2534 (α).
3264 2471 3419 2529 Quod
3446 2472 3540 2521 tria
3562 2472 3784 2521 hominem

2495 2541 2783 2608 impediunt
2821 2542 2955 2592 circa
2986 2543 3170 2591 Deum.
3202 2544 3275 2592 De
3300 2543 3546 2594 iordanis
3571 2542 3783 2609 etymolo-

2496 2615 2595 2681 gia.
2621 2617 2696 2666 De
2724 2619 2942 2679 quatuor
2966 2615 3240 2679 generibus
3267 2615 3555 2666 hominum.
3830 2611 3887 2662 29³

2436 2687 2582 2749 Quod
2608 2686 2791 2750 triplex
2819 2686 3061 2750 gaudium
3105 2686 3188 2735 vel
3230 2686 3421 2736 festum
3471 2686 3697 2737 debemus
3729 2685 3786 2735 fn·

2498 2775 2634 2812 cere.
2680 2762 2753 2811 De
2782 2760 2969 2823 triplici
3009 2762 3173 2810 motu.
3207 2760 3434 2811 Christus
3475 2766 3613 2825 petra
3642 2759 3713 2812 vel
3739 2760 3792 2809 la·

2496 2836 2592 2900 pis.
2631 2833 2859 2886 Christus
2898 2833 3161 2897 tripliciter
3201 2834 3501 2885 misericors
3546 2836 3629 2899 (a).
3670 2832 3790 2893 Quod

2497 2911 2717 2972 quatuor
2747 2906 2865 2955 sunt
2905 2905 3102 2970 species
3141 2905 3465 2957 idololatrias.
3506 2909 3578 2956 Dc
3603 2907 3790 2972 quinque

2499 2977 2743 3043 operariis
2769 2976 2822 3025 in
2845 2975 3069 3027 homine.
3099 2979 3211 3028 Duo
3243 2978 3401 3041 pedes
3427 2978 3640 3029 mentis.
3837 2975 3895 3023 291

2439 3049 2687 3101 Memoria
2703 3048 2933 3098 beneficii
2957 3049 3109 3099 debet
3131 3062 3243 3099 esse
3269 3049 3483 3114 triplex.
3506 3049 3667 3101 Sancti
3689 3060 3793 3113 prae·

2499 3122 2585 3173 lati
2618 3120 2803 3173 ccelum
2836 3120 3072 3172 dicuntur
3100 3121 3282 3186 triplici
3309 3122 3373 3172 de
3403 3136 3579 3174 causa.

2439 3194 2632 3256 Da’leaei,
2666 3194 2918 3259 quoniam,
2964 3193 3150 3245 Psalm.
3197 3195 3305 3245 114.
3344 3195 3484 3244 Laus
3532 3194 3700 3246 Christi
3738 3193 3796 3242 di·

2500 3265 2739 3331 guissima
2769 3269 2980 3330 propter
3008 3266 3118 3316 tria.
3141 3267 3200 3316 ln
3217 3265 3319 3316 hoc
3346 3269 3492 3329 quod
3517 3269 3647 3318 Deus
3668 3265 3796 3315 filium

2501 3352 2650 3389 suum
2676 3338 2829 3387 nobis
2870 3338 3037 3399 dedit,
3080 3336 3177 3387 tria
3212 3338 3585 3403 intelliguntur.
3615 3337 3799 3398 Quidam

2501 3409 2770 3460 inveniunt
2794 3409 2943 3470 mala,
2977 3412 3027 3459 et
3055 3422 3085 3458 a
3111 3409 3259 3459 malis
3290 3410 3624 3462 inveniuntur
3648 3409 3729 3473 (a).
3757 3410 3797 3456 Ιιι

2499 3481 2707 3532 homine
2735 3485 2837 3531 tres
2870 3484 3056 3545 partes.
3090 3482 3148 3530 ln
3174 3480 3383 3532 homine
3409 3481 3540 3572 nibil
3571 3481 3738 3532 melius
3758 3478 3802 3528 li·

2500 3552 2624 3603 bero
2653 3550 2868 3603 arbitrio
2898 3552 2995 3617 (a).
3848 3547 3908 3596 295

2440 3623 2663 3676 Ecclesia
2690 3623 2872 3673 dicitur
2901 3637 3006 3673 una
3030 3622 3102 3687 (s)
3130 3625 3343 3687 propter
3376 3624 3496 3676 tria.

2442 3694 2662 3757 Credidi,
2690 3696 2894 3759 propter
2929 3693 3063 3760 quod
3100 3694 3292 3743 locutus
3330 3709 3461 3757 sum,
3505 3695 3685 3745 Psalm.
3712 3694 3802 3742 115.

2503 3765 2827 3830 Quadruplici
2847 3765 2910 3816 de
2940 3779 3093 3816 causa
3114 3767 3386 3818 confltetur
3413 3769 3531 3831 quis
3549 3782 3653 3818 ore.
3681 3763 3807 3824 Quod

2500 3839 2626 3890 fides
2645 3839 2798 3889 debet
2815 3851 2926 3888 esse
2945 3837 3125 3901 fidelis,
3145 3839 3314 3899 firma,
3342 3838 3549 3904 integra
3567 3843 3618 3889 et
3641 3838 3799 3887 volun-

2502 3911 2647 3962 taria.
2676 3908 2862 3960 Mentis
2886 3922 3123 3959 excessus
3143 3909 3413 3973 tripliciter
3428 3912 3503 3961 fit.
3529 3910 3673 3971 Quod
3696 3921 3808 3958 mar-

2503 3987 2642 4047 tyres
2676 3982 2740 4032 de
2778 3981 2939 4031 tribus
2965 3979 3237 4044 perhibent
3264 3982 3637 4033 testimonium.
3665 3982 3810 4040 Quan-

2502 4058 2612 4104 tum
2652 4053 2717 4104 sit
2740 4051 3108 4115 redemptionis
3134 4052 3459 4103 beneficium.
3856 4042 3919 4095 2⁹⁶

2442 4127 2659 4177 Laudate
2697 4125 2963 4174 Dominum
2985 4159 3001 4183 ,
3036 4136 3203 4172 omnes
3240 4127 3405 4188 qentes
3435 4161 3450 4185 ‚
3495 4123 3679 4176 Psalm.
3720 4124 3811 4172 116.

2505 4196 2693 4249 Psalmi
2728 4195 2888 4246 atomi
2909 4196 2996 4260 qui
3024 4194 3141 4246 sint.
3174 4196 3322 4255 Quod
3353 4197 3519 4262 gratia
3560 4197 3651 4247 Dei
3682 4194 3813 4245 nobis

2503 4270 2781 4334 promissa,
2819 4268 2936 4317 data
2977 4270 3027 4318 et
3066 4268 3365 4319 confirmata
3413 4273 3495 4320 est
3536 4272 3723 4320 naturae
3762 4268 3806 4317 et

2504 4341 2783 4405 discipliuae
2808 4339 3103 4390 discrimen.
3860 4333 3924 4383 297

2445 4414 2766 4479 confitemini
2783 4412 3013 4473 Domino
3038 4410 3221 4464 Psalm.
3246 4414 3353 4463 117.
3379 4413 3454 4463 De
3477 4411 3661 4478 triplici
3682 4408 3812 4461 laude

2503 4485 2817 4550 angelorum.
2845 4485 2919 4534 De
2945 4482 3211 4533 latitudine
3242 4488 3294 4533 et
3314 4485 3551 4549 angustia
3577 4485 3815 4534 bonorum

2506 4556 2850 4607 etmalorum.
2881 4552 3050 4618 Spinae
3088 4554 3433 4618 multipliciter
3466 4556 3714 4606 dicuntur.
3751 4553 3816 4601 De

2504 4628 2822 4694 quadruplici
2849 4640 2996 4676 voce.
3018 4628 3092 4677 Dc
3116 4626 3219 4678 vita
3244 4630 3295 4678 et
3323 4631 3489 4679 morte
3510 4629 3756 4679 bonorum
3773 4626 3817 4672 et

2504 4702 2776 4752 malorum.
3868 4691 3934 4742 297

2443 4778 2518 4827 De
2545 4773 2713 4837 lapide
2745 4769 2976 4837 angulari
3006 4770 3094 4835 (a).
3123 4773 3197 4821 De
3245 4771 3427 4835 triplici
3463 4771 3563 4823 die.
3594 4773 3668 4822 De
3696 4781 3817 4819 anno

2494 4846 2708 4910 jubilaeo
2739 4845 2821 4908 (α).
2863 4845 3174 4894 Paromoeon
3209 4842 3333 4908 quid
3372 4844 3438 4894 sit
3470 4845 3560 4908 (a).
3607 4844 3820 4903 Quatuor

2502 4917 2566 4969 de
2612 4917 2777 4967 causis
2816 4916 3016 4967 adimus
3060 4915 3347 4967 ecclesiam.
3395 4919 3470 4966 De
3514 4910 3820 4980 quadruplici

2501 4989 2768 5054 partitione
2797 4988 2876 5054 (9)
2910 4988 3097 5038 Missas.

2440 5064 2586 5113 Beati
2625 5059 2939 5110 immaculati
2966 5062 3017 5109 in
3044 5060 3156 5123 via,
3190 5058 3373 5109 Psalm.
3406 5062 3514 5111 118.
3541 5057 3707 5122 Alcph
3736 5054 3818 5120 (h).

2501 5133 2761 5199 Scriptura
2782 5145 2928 5182 sacra
2954 5131 3137 5182 dicitur
3154 5131 3333 5182 hortus
3352 5131 3535 5198 triplici
3561 5133 3626 5182 de
3659 5141 3816 5181 causa.

2502 5209 2576 5257 De
2613 5204 2791 5257 litteris
2838 5204 3189 5256 Hebraeorum.
3232 5205 3275 5254 A
3324 5207 3538 5270 quatuor
3580 5201 3817 5268 capitibus

2491 5377 2544 5434 (e)
2584 5377 2694 5422 Coeae.
2732 5376 2840 5420 edit.
2872 5377 2971 5419 Dei.

2436 5441 2541 5485 edit.
2564 5444 2751 5497 qmtuor
2769 5439 3069 5496 petitionibus.
3089 5462 3139 5473 -
3159 5439 3219 5494 (h)
3244 5443 3309 5482 lta
3329 5453 3407 5495 per
3425 5442 3475 5483 22
3496 5438 3666 5482 litteras
3692 5434 3940 5480 lichnum

3001 5398 3051 5408 —
3071 5376 3124 5433 (l)
3146 5376 3255 5419 Coee.
3283 5376 3387 5430 edit.
3419 5375 3646 5419 catholica.
3684 5393 3733 5403 -·
3759 5369 3816 5424 (9)
3855 5363 3938 5406 eat

783 5525 838 5542 ιιι-
855 5503 911 5561 (c)
930 5503 1061 5550 Edit.
1089 5503 1193 5551 Vm.
1211 5504 1333 5549 vino.
1352 5525 1404 5537 -
1425 5503 1498 5559 (d)
1537 5506 1632 5548 Hoc
1660 5503 1774 5546 refer
1798 5503 1855 5547 ad
1892 5505 2053 5559 psalm.
2087 5506 2181 5558 ¹50,
2217 5507 2257 5549 θ.
2278 5527 2328 5537 -
2435 5505 2722 5561 designantur
2748 5505 2799 5546 22
2828 5503 3090 5559 partitiones
3102 5503 3235 5559 hujus
3251 5503 3425 5559 psalmi.
