4196 6294
1609 444 1974 514 PSALMUS
2016 443 2279 512 can.
2397 469 2420 484 ·

343 584 515 644 estin
545 600 724 643 versu
760 584 1155 659 praece'dent03
1187 584 1263 643 de
1290 583 1664 658 dilatatione,
1706 601 1888 660 quam

342 678 464 753 agit
506 679 569 736 in
616 679 930 738 tentatione
945 720 964 750 ,
1001 677 1276 737 scribitur
1318 679 1380 737 in
1425 679 1714 754 praesenti.
1758 682 1889 738 Hoec

342 776 543 833 autem
590 771 853 831 dilatatio
890 777 1029 831 tunc
1069 772 1293 844 elucet,
1335 773 1579 848 quando
1616 773 1765 847 quid
1792 790 1888 833 su-

339 865 697 941 perandum,
715 883 821 942 per
848 866 996 941 quid
1020 866 1445 942 superandum,
1470 870 1712 942 propter
1739 867 1888 942 quid

342 961 779 1037 superandum,
832 961 1033 1018 unctio
1078 949 1180 1019 Dei
1236 961 1411 1019 docet
1454 962 1550 1038 (a).
1611 961 1886 1036 superari

340 1072 603 1130 namque
631 1056 800 1113 decet
824 1054 1173 1113 exteriorem
1214 1055 1580 1113 inimicitiam
1607 1071 1714 1129 per
1740 1056 1887 1113 inte-

340 1150 562 1207 riorem
600 1148 1013 1223 prudentiam,
1054 1152 1296 1223 propter
1332 1149 1700 1223 superiorem
1737 1149 1886 1207 obe-

341 1241 627 1301 dientiam
653 1286 673 1314 ,
738 1246 948 1317 praeter
1007 1244 1392 1317 posteriorem
1451 1242 1884 1301 deficientiam:

339 1336 491 1395 sicut
524 1335 756 1411 liquido
794 1341 953 1411 patet
989 1353 1096 1411 per
1126 1335 1552 1411 quadrifariam
1586 1336 1887 1411 praesentis

337 1446 540 1489 versus
569 1429 1009 1489 continentiam.

844 1591 1120 1646 Articulus
1149 1591 1384 1662 primus.

411 1717 705 1786 Quantum
731 1714 813 1772 ad
836 1714 1121 1788 primum,
1153 1714 1368 1772 dicitur
1394 1734 1409 1772 :
1441 1717 1611 1788 Super
1638 1718 1885 1773 inimicos

338 1826 498 1868 meos.
529 1811 657 1868 Non
683 1808 765 1867 ait
789 1808 992 1865 subter
1018 1807 1311 1880 inimicOS,
1341 1807 1449 1866 sed
1485 1824 1663 1883 super
1693 1808 1884 1866 inimi-

338 1920 469 1973 cos„
506 1909 572 1962 ut
609 1905 841 1960 notaret
867 1916 970 1960 eos
997 1917 1119 1960 non
1148 1901 1600 1975 pusillanimiter
1625 1904 1885 1961 toleran-

244 2039 253 2047 .
340 1998 472 2068 doe,
494 1997 606 2055 sed
625 1995 1083 2069 magnanimiter
1104 1995 1494 2071 superandos,
1512 1999 1885 2073 Quapropter

109 4094 308 4139 Pruden-

80 4159 146 4201 tis
204 4169 305 4201 mu·

84 4231 197 4265 nus.

336 2091 433 2150 hic
456 2094 649 2167 potest
673 2089 888 2160 notari,
908 2089 1012 2164 qui
1040 2095 1177 2148 sunt
1202 2090 1426 2148 inimici
1446 2090 1882 2163 hujuscemodi,

337 2190 394 2243 et
443 2185 697 2260 qualiter
746 2185 1088 2259 superandi.
1131 2185 1308 2242 Plane
1355 2185 1612 2243 morales
1656 2185 1884 2244 inimici

335 2282 471 2338 sunt
508 2279 761 2337 insultus
800 2279 1047 2350 terreni,
1079 2278 1376 2352 carnales„
1422 2279 1741 2351 diabolici3
1779 2280 1884 2354 qui

335 2374 527 2432 solent
552 2372 966 2448 eleemosynis,
996 2371 1344 2447 discipliniS,
1368 2376 1425 2431 et
1446 2374 1664 2433 divinis
1689 2373 1884 2432 laudi-

333 2467 448 2526 bus
475 2467 765 2543 superari.
794 2470 870 2523 De
897 2467 1092 2541 primo
1116 2466 1170 2523 ¹:
1194 2487 1223 2520 c<
1251 2468 1550 2527 conclude
1578 2467 1884 2526 eleemosi-

334 2577 476 2620 nam
522 2562 584 2619 in
627 2561 765 2618 sinu
807 2561 1115 2635 pauperiS,
1157 2564 1215 2618 et
1255 2563 1380 2619 haec
1418 2578 1529 2636 pro
1566 2567 1620 2621 te
1669 2577 1881 2621 exora-

334 2655 422 2714 bit
435 2673 454 2727 ;
485 2676 514 2709 n
541 2658 598 2713 et
625 2653 808 2713 infra:
835 2655 1067 2728 oeSuper
1084 2659 1316 2712 scutum
1338 2655 1611 2730 potentie,
1634 2659 1690 2714 et
1706 2672 1884 2730 super

333 2750 604 2808 lanceam
630 2749 950 2807 adversum
978 2748 1287 2806 inimicum
1309 2752 1476 2807 tuum
1502 2750 1822 2824 pugnabit:
1850 2770 1878 2805 ιο

335 2860 471 2902 ecce
499 2843 771 2901 inimicus
799 2842 1179 2917 eleemosyna
1205 2843 1666 2917 impugnandus·
1692 2847 1768 2902 De
1795 2860 1885 2902 se-

336 2937 536 2995 cundo
558 2937 617 2994 ἐ
651 2958 677 2992 α
700 2939 847 2994 Cum
869 2936 977 2993 das
994 2937 1170 2993 nobis
1189 2935 1585 3010 disciplinam,
1610 2937 1884 2996 inimicos

335 3035 573 3088 nostros
608 3027 1007 3104 multipliciter
1042 3029 1346 3103 flagellas:
1377 3050 1406 3085 ιο
1440 3046 1574 3088 ecce
1611 3031 1885 3090 inimicus

338 3123 650 3199 disciplina
690 3122 1107 3198 flagellandus.
1155 3126 1233 3181 De
1290 3123 1457 3182 tertio
1508 3123 1782 3183 scribitur
1821 3127 1880 3184 ⁸:

343 3239 372 3272 α
410 3218 681 3276 Laudans
715 3218 1007 3277 invocabo
1044 3218 1393 3289 Dominum,
1435 3221 1493 3275 et
1526 3218 1606 3277 ab
1633 3219 1887 3280 inimicis

335 3312 484 3370 meis
501 3312 702 3370 salvus
720 3329 854 3371 ero:
872 3334 911 3368 ι)
923 3328 1058 3371 ecce
1077 3312 1349 3371 inimicus
1369 3311 1586 3371 divinis
1603 3312 1886 3372 laudibus

334 3406 727 3481 superandus·

807 3561 1089 3618 Articulus
1129 3562 1410 3619 secundus.

404 3699 699 3767 Quantum
723 3696 802 3755 ad
824 3697 1176 3768 secundum,
1194 3698 1535 3772 subjicitur:
1558 3702 1882 3759 Prudentem

331 3808 415 3849 me
449 3795 652 3862 fecisti.
685 3793 836 3850 Sane
877 3792 1231 3865 prudentem
1274 3797 1505 3867 oportet
1550 3795 1730 3868 effici,
1777 3812 1885 3870 per

333 3901 515 3958 quem
565 3886 787 3943 tentiva
823 3885 1001 3944 debet
1041 3886 1347 3945 inimicitia
1386 3889 1680 3962 superari3
1729 3906 1882 3964 quo-

333 3979 498 4037 niam
537 3978 970 4054 imprudentior
1006 3982 1093 4037 est
1123 3979 1203 4037 ad
1244 3982 1649 4055 superandum
1689 3984 1885 4057 impo-

334 4072 568 4144 tentior,
591 4072 810 4132 scilicet
832 4071 1183 4148 prudentior
1220 4074 1300 4132 ad
1334 4077 1739 4149 superandum
1766 4094 1878 4151 po-

332 4166 564 4225 tentior.
600 4167 848 4237 Quaeris„
896 4170 1120 4243 quare?
1162 4168 1492 4242 specialiter
1532 4170 1746 4244 triplici
1784 4187 1882 4231 ra-

335 4261 527 4319 tione:
552 4262 694 4335 quia
712 4259 1021 4335 prudentis
1047 4262 1286 4320 interest
1312 4263 1560 4322 consilia
1576 4265 1878 4337 trutinare,

334 4354 577 4429 eloquia
613 4370 986 4427 mensurare,
1029 4359 1083 4413 et
1123 4370 1305 4431 opera
1331 4361 1670 4429 fmaturare3
1712 4363 1771 4417 et
1796 4361 1884 4417 id-

334 4449 489 4507 circo
507 4448 804 4523 potentior
829 4452 918 4507 est
935 4454 1179 4523 peccata
1201 4451 1418 4519 cordiS,
1439 4451 1580 4525 oriS,
1604 4456 1661 4511 et
1683 4455 1880 4528 operis

334 4558 634 4617 superare.
666 4546 745 4600 De
771 4543 968 4617 primo
999 4546 1023 4581 ¹·
1041 4563 1059 4600 ε
1093 4563 1120 4597 α
1150 4548 1215 4602 ln
1242 4545 1421 4603 corde
1448 4547 1756 4621 prudentis
1783 4564 1878 4607 re-

331 4636 582 4711 quiescit
620 4636 907 4712 sapientia
933 4656 952 4693 ε
998 4656 1026 4691 n
1058 4652 1194 4695 ecce
1240 4639 1594 4713 prudentem
1632 4642 1881 4702 consilia

332 4730 615 4789 trutinare
639 4732 961 4806 potentem.
993 4734 1073 4789 De
1104 4733 1366 4791 secundo
1388 4736 1438 4792 ⁸:
1463 4754 1493 4790 α
1519 4736 1710 4794 Verba
1737 4753 1873 4811 pru-

333 4823 598 4883 dentium
642 4829 857 4883 statera
898 4823 1436 4899 ponderabuntur:
1483 4849 1512 4884 »
1554 4846 1688 4888 ecce
1732 4847 1877 4905 pru-

331 4917 571 4977 dentem
586 4918 830 4994 eloquia
842 4934 1187 4978 mensurare
1207 4925 1528 4995 potentem.
1545 4927 1623 4982 De
1643 4924 1814 4983 tertio
1831 4926 1872 4983 ⁶:

336 5036 363 5065 «
394 5002 593 5073 Melior
628 5018 716 5072 est
748 5013 1067 5088 sapientia,
1097 5029 1281 5088 quam
1308 5016 1462 5074 vires
1473 5036 1492 5089 3
1523 5022 1580 5076 et
1606 5018 1696 5077 vir
1736 5036 1878 5094 pru·
1920 5040 1925 5045 ·

331 5109 478 5167 dens
525 5108 747 5182 magis,
790 5124 974 5183 quam
1018 5108 1218 5167 sortis:
1262 5130 1290 5165 ι)
1336 5126 1470 5170 ecce
1519 5115 1876 5188 prudentem

331 5219 513 5278 opera
539 5207 834 5262 maturare
862 5206 1183 5278 potentem.
1292 5248 1298 5252 .

287 5354 295 5361 -
396 5330 407 5359 ¹
433 5329 613 5392 Ecclt'„
640 5342 784 5393 xxxx,
811 5333 889 5382 18.
913 5355 968 5367 -
1001 5330 1019 5360 ²
1042 5330 1185 5395 Sap„
1211 5341 1311 5392 ιιι,
1336 5333 1416 5383 22.
1438 5358 1498 5371 -
1524 5332 1548 5368 ⁸
1575 5334 1710 5386 emt.
1740 5348 1871 5402 xvu,

332 5401 383 5449 4.
404 5425 466 5437 —
492 5401 509 5429 ⁴
540 5404 707 5462 Ρωυ..
735 5413 842 5465 xiv,
872 5403 951 5454 33.
979 5427 1041 5439 -
1072 5401 1094 5437 ⁸
1119 5401 1302 5464 Eccli„
1337 5414 1448 5466 xx1,
1474 5406 1554 5455 28.
1589 5432 1651 5444 —
1679 5407 1702 5443 ⁸
1727 5408 1870 5473 Sap„

3423 441 3543 506 4103

2510 644 2792 701 Articulus
2822 643 3034 700 tertius.

2069 773 2364 841 Quantum
2405 770 2484 828 ad
2511 768 2775 840 tertium,
2813 766 3055 826 additur
3084 784 3100 823 ε
3132 766 3394 825 Mandato
3422 771 3546 833 tuo,

1997 864 2063 921 id
2086 868 2193 936 est,
2222 869 2464 939 propter
2486 863 2835 922 mandatum
2864 865 3060 933 tuum;
3092 859 3238 935 quia
3261 859 3545 917 nimirum

1996 963 2242 1034 propter
2276 959 2624 1017 mandatum
2662 961 2975 1032 superatur
3017 959 3367 1032 peccatum:
3405 953 3548 1012 alio·

1998 1054 2146 1128 quin
2174 1053 2458 1112 mandato
2497 1069 2623 1111 non
2663 1053 3064 1127 obtemperat,
3106 1051 3211 1126 qui
3239 1053 3547 1126 peccatum

1997 1165 2122 1208 non
2150 1152 2406 1224 superat.
2435 1152 2502 1206 Et
2530 1149 2893 1222 notandum,
2923 1148 3090 1223 quod
3130 1146 3347 1222 triplex
3373 1163 3546 1206 man-

1999 1244 2205 1301 datum
2229 1243 2443 1316 legitur
2480 1243 2545 1300 in
2570 1243 2909 1319 scripturis„
2941 1242 3417 1317 correspondens
3441 1237 3544 1300 tri-

1995 1338 2113 1396 bus
2156 1337 2384 1395 actibus
2427 1338 2812 1396 memoratis:
2864 1337 3145 1396 videlicet
3193 1336 3547 1395 mandatum

1996 1432 2242 1504 silendi,
2280 1433 2650 1507 respondens
2686 1434 2842 1492 actui
2891 1433 3140 1492 consilia
3178 1431 3543 1504 trutinandi3

1995 1527 2347 1585 mandatum
2373 1528 2695 1602 loquendi,
2718 1528 3085 1603 respondens
3113 1527 3267 1585 actui
3301 1526 3546 1600 eloquia

1997 1622 2409 1691 mensurandi;
2452 1623 2802 1680 mandatum
2842 1621 3133 1693 faciendi,
3174 1620 3546 1694 respondens

1996 1715 2151 1772 actui
2191 1732 2375 1789 opera
2409 1716 2767 1775 maturandi.
2797 1720 2877 1773 De
2911 1716 3107 1791 primo
3134 1718 3190 1771 ⁷:
3227 1734 3257 1770 ι
3283 1713 3543 1772 sabbato

1998 1808 2245 1882 quidem
2273 1808 2559 1867 siluerunt
2585 1810 2916 1881 secundum
2940 1808 3324 1867 mandatum:
3355 1826 3383 1861 ιι
3407 1823 3544 1866 ecce

1995 1904 2348 1962 mandatum
2383 1905 2612 1963 silendi.
2662 1909 2740 1963 De
2788 1904 3051 1962 secundo
3079 1905 3135 1961 ⁸:
3175 1921 3206 1957 a
3242 1903 3352 1972 Qui
3388 1902 3547 1960 misit

1994 2015 2092 2056 me
2121 2003 2306 2072 Pater,
2337 2001 2463 2075 ipse
2495 2000 2642 2058 mihi
2675 2000 3026 2059 mandatum
3053 1998 3248 2071 dedit,
3280 1998 3430 2073 quid
3457 1997 3547 2055 di-

1994 2105 2148 2166 cam,
2194 2099 2251 2153 et
2299 2095 2446 2170 quid
2491 2096 2752 2170 loquar:
2799 2116 2828 2149 n
2878 2110 3013 2153 ecce
3054 2093 3406 2152 mandatum
3452 2092 3545 2152 lo-

1996 2189 2241 2263 quendi.
2293 2192 2370 2247 De
2417 2189 2585 2248 tertio
2624 2191 2682 2246 ⁹:
2719 2209 2748 2243 α
2791 2189 2950 2248 Sicut
2990 2186 3343 2246 mandatum
3378 2186 3546 2245 dedit

1994 2282 2141 2340 mihi
2195 2285 2388 2354 Pater,
2443 2283 2525 2341 sic
2578 2282 2733 2342 facio
2765 2301 2780 2340 ε
2827 2301 2856 2337 ι
2889 2297 3024 2340 ecce
3065 2280 3416 2342 mandatum
3458 2280 3544 2339 fa-

1995 2377 2212 2435 ciendi.

2492 2452 2778 2507 Articulus
2814 2452 3060 2522 quarm.

2065 2570 2360 2638 Quantum
2391 2566 2471 2624 ad
2501 2570 2781 2641 quartum
2798 2609 2818 2638 ,
2850 2562 3305 2640 superadjicitur
3334 2582 3352 2620 ε
3400 2565 3541 2634 Quo-

1992 2667 2144 2720 niam
2171 2665 2231 2718 in
2258 2665 2514 2718 aeternum
2540 2662 2682 2717 mihi
2707 2666 2786 2719 est
2803 2680 2828 2741 ςι
2848 2658 3147 2733 siquidem
3167 2658 3231 2715 in
3257 2661 3542 2716 oeternum

1994 2762 2079 2814 est
2127 2755 2474 2814 memoriale
2511 2755 2828 2826 internum,
2873 2754 3042 2829 quod
3083 2768 3206 2811 non
3251 2751 3449 2810 deficit
3479 2752 3541 2811 in

1992 2853 2296 2909 aeternum.
2315 2850 2452 2908 Tale
2468 2849 2816 2907 memoriale
2845 2848 3024 2906 debet
3039 2863 3163 2905 esse
3179 2850 3542 2921 praeceptum

1991 2945 2244 3015 morale,
2273 2944 2440 3020 quod
2467 2945 2689 3002 servari
2713 2944 2892 3002 debet
2915 2941 3255 3001 memoriter
3282 2941 3345 2999 in
3369 2944 3539 2999 aeter-

1991 3054 2159 3110 num,
2191 3043 2477 3113 tanquam
2507 3039 2606 3111 jus
2645 3042 2982 3112 paternum,
3011 3051 3356 3110 supernum,
3393 3052 3541 3094 sem-

1991 3133 2309 3209 piternum.
2356 3135 2549 3204 Quare
2577 3136 2893 3208 paternum
2916 3132 2947 3188 ‘i
2975 3130 3124 3201 Quia
3150 3145 3258 3205 per
3293 3132 3541 3204 paterna

1992 3228 2235 3302 eloquia
2262 3228 2636 3302 acquisitum.
2664 3229 2854 3297 Quare
2877 3240 3204 3300 supernum
3218 3227 3248 3282 ἳ
3270 3223 3417 3295 Quia
3434 3239 3542 3300 per

1991 3338 2249 3398 superna
2263 3320 2490 3395 judicia
2506 3319 2843 3378 diffinitum.
2865 3322 3056 3390 Quare
3074 3319 3496 3394 sempiternum
3510 3321 3540 3376 ⁴?

1990 3417 2139 3488 Quia
2184 3415 2540 3490 sempiterna
2567 3413 2792 3487 justitia
2836 3413 3184 3472 stabilitum.
3217 3416 3296 3471 De
3345 3413 3540 3489 primo

1990 3527 2098 3587 per
2125 3511 2478 3584 Prophetam
2502 3508 2773 3582 psallitur
2799 3507 2842 3543 ¹⁰
2868 3526 2882 3565 :
2919 3526 2950 3562 α
2978 3506 3303 3566 Hereditate
3332 3508 3538 3583 acqui-

1991 3606 2101 3663 sivi
2128 3604 2464 3663 testimonia
2489 3606 2594 3661 tua
2620 3602 2683 3660 in
2706 3608 2995 3661 aeternum
3025 3621 3039 3659 :
3071 3623 3102 3657 w
3134 3617 3271 3661 ecce
3299 3601 3540 3677 eloquia

1989 3699 2375 3771 hereditaria,
2404 3698 2502 3756 vel
2538 3700 2818 3772 paterna,
2849 3695 3069 3770 quibus
3095 3696 3222 3755 hoec
3245 3696 3382 3770 jura
3406 3700 3543 3755 sunt

1991 3794 2296 3868 acquisita.
2331 3797 2408 3850 De
2435 3792 2699 3850 secundo
2726 3807 2835 3866 per
2860 3790 3161 3850 Psalmum
3200 3789 3416 3848 dicitur
3453 3790 3494 3827 ¹¹
3521 3811 3535 3846 ε

1996 3909 2025 3941 «
2052 3891 2116 3947 In
2142 3891 2426 3947 aeternum
2450 3886 2653 3944 omnia
2664 3885 2890 3958 jndicia
2908 3883 3143 3958 justitiae
3168 3887 3317 3941 tuae:
3346 3903 3377 3939 »
3406 3899 3540 3943 ecce

1984 3981 2212 4055 judicia
2239 3997 2518 4055 superna,
2548 3979 2768 4054 quibus
2792 3978 2918 4037 haec
2941 3980 3080 4051 jnra
3105 3980 3240 4035 sunt
3267 3976 3537 4036 diffinita.

1994 4080 2070 4133 De
2105 4075 2274 4134 tertio
2305 4074 2550 4149 quidem
2576 4073 2805 4131 ibidem
2838 4072 3113 4131 scribitur
3142 4071 3184 4106 ¹²
3214 4090 3229 4130 ε
3262 4092 3289 4126 α
3314 4072 3541 4130 lustitia

1992 4172 2115 4242 tua,
2138 4168 2366 4241 Justitia
2388 4168 2452 4225 in
2475 4169 2760 4225 aeternum
2790 4184 2805 4223 ε
2839 4185 2868 4221 n
2901 4180 3035 4224 ecce
3057 4165 3282 4238 justitia
3319 4166 3537 4240 sempi-

1991 4268 2179 4333 terna,
2223 4263 2284 4320 in
2333 4277 2454 4336 qua
2498 4263 2635 4318 sunt
2677 4260 2815 4332 jura
2862 4259 3207 4331 hujusmodi
3256 4260 3534 4318 stabilita.

1991 4357 2166 4428 Quod
2192 4360 2391 4415 autem
2417 4354 2767 4413 mandatum
2794 4353 2868 4410 sit
2887 4354 2987 4426 jus
3015 4352 3310 4424 divinum,
3333 4370 3536 4428 supra,

1988 4450 2249 4526 capitulo
2277 4451 2465 4515 sexto,
2509 4451 2566 4506 et
2603 4461 2781 4506 versu
2816 4445 3085 4507 similiter
3109 4450 3275 4505 sexto
3302 4446 3537 4521 plenius

1989 4550 2075 4605 est
2105 4559 2466 4620 expressum.

2633 4626 2892 4692 Epilogus.

2057 4737 2149 4796 Ait
2188 4752 2330 4810 ergo
2379 4732 2669 4808 Propheta
2719 4730 2782 4789 in
2828 4730 3052 4803 tentati,
3108 4728 3216 4788 sed
3252 4729 3533 4789 charitate

1988 4833 2215 4893 dilatati
2240 4847 2535 4909 persona:
2561 4830 2734 4900 Super
2751 4832 2999 4886 inimicos
3023 4842 3186 4898 meos,
3216 4825 3296 4885 ad
3323 4828 3535 4885 notan·

1988 4929 2166 4999 dum,
2195 4926 2345 5002 quid
2369 4924 2803 4999 superandum,
2832 4921 3121 4998 quoniam
3147 4920 3304 4978 dicta
3332 4920 3531 4979 inimi-

1985 5023 2120 5081 citia
2136 5041 2155 5095 3
2188 5020 2511 5079 Prudentem
2537 5033 2620 5075 me
2664 5020 2870 5089 fecisti,
2918 5015 2997 5074 ad
3042 5014 3376 5074 notandum
3423 5030 3532 5088 per

1986 5189 2071 5239 vi,
2108 5181 2153 5226 1.
2197 5200 2259 5213 -
2298 5175 2320 5210 '¹
2359 5174 2500 5236 Luc„
2536 5182 2702 5234 xxm,
2742 5172 2821 5222 56.
2863 5196 2918 5205 —
2953 5169 2976 5204 ⁸
3013 5169 3177 5233 ἆσαι,
3218 5179 3325 5229 xu,
3368 5171 3529 5220 49.—

1984 5251 2003 5280 ⁹
2031 5249 2200 5307 Joan„
2223 5257 2331 5309 x1v,
2356 5247 2436 5294 31.
2460 5270 2521 5280 -
2552 5244 2590 5279 ⁸⁰
2614 5241 2755 5293 Psal.
2785 5242 2912 5303 hoc,
2941 5244 3046 5291 111.
3076 5267 3137 5278 -
3167 5243 3208 5278 ¹¹
3239 5239 3387 5303 ibid„
3418 5243 3527 5292 160.

1980 5347 2042 5360 -
2071 5318 2286 5379 ¹²1hid„
2318 5318 2424 5367 142.

2041 5410 2115 5474 (a)
2139 5409 2263 5462 Goet.
2291 5407 2413 5458 edit.
2447 5408 2610 5457 vocet.

3608 1157 3788 1213 Triplex

3593 1219 3777 1264 manda·

3595 1283 3688 1326 mm
3691 1311 3705 1326 0
