4196 6294
826 561 1117 628 omnium
1142 578 1313 625 reus.
1344 581 1375 620 υ
1409 559 1491 625 Et
1513 559 1670 625 illud
1691 559 2052 624 manifestat
2076 579 2191 643 per
2220 579 2355 625 me-

824 670 1181 753 taphoram,
1211 668 1363 752 quia
1387 668 1626 751 peccati
1646 667 1930 749 cognitio
1955 672 2361 751 comparatur

826 796 1066 844 muscae
1085 777 1403 857 morienti,
1435 777 1587 859 quia
1603 776 1808 841 reddit
1833 777 1940 859 (α),
1962 780 2025 841 et
2040 777 2189 842 facit
2203 778 2358 842 abo-

824 885 1243 950 minationem
1294 883 1546 949 affectui
1608 886 1670 947 et
1723 884 2155 965 conscientiae;
2215 884 2357 951 ideo

823 992 1115 1058 subditur
1146 1010 1165 1056 ε

1336 1151 1687 1222 CAPUT
1753 1150 1839 1220 X.

905 1326 964 1384 1.
986 1318 1222 1384 Muscoe
1260 1316 1620 1396 morientes,
1659 1315 1723 1380 id
1764 1320 1890 1394 est,
1935 1316 2357 1398 cogitationes

823 1428 1223 1511 peccatorum
1268 1423 1389 1487 sibi
1421 1422 1841 1503 succedentes,
1884 1422 2166 1505 perdunt
2212 1440 2356 1491 sua-

823 1535 1088 1602 vitatem
1125 1532 1462 1615 unquenti,
1492 1531 1555 1595 id
1599 1534 1716 1611 est,
1753 1531 2028 1614 perdunt
2053 1532 2352 1595 intentio-

822 1661 1008 1723 nem,
1054 1644 1118 1707 et
1168 1641 1256 1706 ita
1306 1640 1509 1704 multa
1544 1639 1741 1713 hona,
1772 1640 1924 1722 quia
1951 1644 1971 1679 ¹
2006 1661 2021 1703 ε
2085 1638 2357 1705 «Unctio

823 1752 1000 1817 docet
1050 1768 1167 1814 vos
1210 1748 1290 1813 de
1341 1747 1657 1813 omnibus,
1689 1769 1719 1806 n
1765 1747 1929 1814 Vel:
1964 1747 2356 1815 Suavilatem

824 1860 1171 1942 unquenti,
1200 1855 1266 1921 id
1291 1857 1420 1932 est,
1459 1855 1779 1918 internam
1824 1854 2222 1919 devotionem
2252 1873 2353 1920 sa-

825 1965 1078 2049 pientiae
1100 1966 1124 2001 ’
1164 1986 1179 2028 :
1250 1985 1283 2023 α
1308 1962 1652 2045 Unguento
1699 1966 1765 2027 et
1814 1961 2010 2026 variis
2055 1962 2359 2027 odoribus

823 2073 1186 2138 delectatur.
1208 2093 1239 2132 ι»
1252 2071 1595 2138 Pretiosior
1612 2075 1706 2137 est
1724 2070 2074 2152 sapientia,
2096 2074 2215 2134 etc.
2241 2068 2358 2134 Hic

821 2180 1011 2246 tertio
1035 2179 1446 2263 praemittitur
1470 2176 1772 2261 sapientia
1809 2176 2128 2241 altitudini
2168 2195 2355 2242 mun-

823 2291 1005 2355 danae
1020 2288 1266 2371 gloriae,
1281 2286 1397 2375 ‚vel
1425 2286 1615 2351 etiam
1642 2284 1948 2365 stultitiae,
1972 2303 2168 2368 quam
2184 2285 2359 2350 stulti

824 2399 1161 2481 appetunt;
1193 2398 1523 2479 propterea
1547 2392 1734 2457 dicit:
1766 2391 2113 2460 Pretiosior
2140 2397 2234 2459 est
2257 2409 2361 2460 sa·

820 2506 1094 2590 pientia,
1128 2509 1189 2570 et
1217 2503 1425 2586 aleria
1446 2518 1676 2584 parva,
1729 2501 1793 2565 id
1821 2505 1937 2580 est,
1985 2519 2135 2573 cum
2161 2519 2359 2584 parva

825 2612 1057 2694 gloria,
1086 2610 1175 2676 ad
1207 2616 1473 2692 tempus,
1511 2609 1577 2673 id
1605 2612 1701 2673 est
1724 2608 2183 2692 temporaliter3
2218 2628 2359 2674 me-

825 2720 978 2800 lior,
1011 2719 1307 2802 inquam,
1363 2716 1641 2783 stultitia
1694 2716 1887 2782 etiam
1932 2735 2081 2782 cum
2123 2735 2362 2799 magna

833 2826 1039 2909 gloria
1063 2827 1087 2863 ⁸
1116 2848 1131 2890 :
1161 2823 1424 2890 «Melior
1450 2827 1546 2888 est
1568 2841 1730 2907 puer
1742 2842 1985 2907 pauper
2002 2829 2066 2889 et
2084 2826 2359 2908 sapienS,

827 2952 985 3016 rege
1011 2951 1162 2998 sene
1186 2936 1250 2997 et
1276 2931 1492 2996 stulto.
1518 2952 1549 2990 υ
1583 2931 1694 2997 Vel
1722 2934 2085 3015 potestesse
2112 2951 2358 3011 sensus,

827 3047 903 3108 ut
946 3040 1251 3125 sapientia
1304 3038 1530 3104 melior
1578 3039 1659 3102 sit
1708 3039 2006 3119 stultitia,
2054 3044 2120 3104 et
2171 3042 2357 3107 etiam

828 3169 1029 3235 parva
1079 3147 1287 3231 gloria
1335 3145 1426 3213 ad
1470 3151 1743 3229 tempu-3,
1792 3146 1858 3212 id
1901 3152 2025 3227 est,
2054 3147 2124 3212 in
2151 3151 2361 3217 debito

831 3264 1115 3342 tempore
1141 3256 1386 3336 collata,
1415 3254 1649 3319 melior
1675 3259 1768 3318 est
1790 3253 2088 3335 stultit1a;
2120 3261 2183 3321 et
2208 3259 2362 3322 sub-

831 3367 1002 3433 ditur
1043 3365 1205 3430 ratio
1240 3368 1325 3444 (v.
1356 3363 1413 3446 2)
1447 3383 1462 3427 ε
1499 3361 1616 3428 Cor
1648 3362 1962 3445 sapientis
2001 3364 2075 3429 in
2102 3364 2365 3432 dextera

833 3474 994 3556 ejus,
1025 3477 1088 3540 et
1113 3486 1221 3538 cor
1235 3471 1421 3538 stulti·
1445 3473 1518 3536 in
1544 3471 1819 3536 sinistra
1841 3470 2041 3537 illius.
2069 3470 2193 3536 Per
2218 3473 2365 3537 dex-

832 3585 996 3646 tram
1024 3583 1218 3659 bona,
1247 3597 1362 3662 per
1403 3577 1724 3642 sinistram
1759 3577 1927 3641 mala
1952 3583 1975 3619 ⁸
2006 3600 2022 3643 ε
2058 3600 2090 3641 α
2123 3578 2367 3644 Statuet

832 3706 985 3754 oves
1003 3706 1043 3751 a
1068 3686 1309 3752 dextris
1321 3685 1474 3764 suis,
1493 3685 1712 3749 hoedos
1725 3688 1939 3749 autem
1955 3703 1993 3747 a
2011 3685 2303 3751 sinistris.
2324 3708 2354 3748 n

832 3797 982 3864 Vult
1011 3813 1172 3877 ergo
1224 3793 1457 3873 dicere,
1500 3792 1670 3876 quod
1716 3792 2028 3875 sapientes
2083 3796 2367 3876 cogitant

832 3910 1031 3985 bona,
1086 3910 1151 3969 et
1185 3901 1359 3967 stulti
1414 3901 1695 3983 cogitant
1744 3900 1914 3965 mala
1961 3900 1984 3935 ⁸
2029 3922 2044 3964 ε
2098 3923 2130 3962 c
2174 3900 2367 3967 Labia

826 4013 987 4097 justi
1029 4010 1425 4076 considerant
1447 4007 1696 4091 placita,
1743 4026 1816 4072 os
1842 4008 2187 4091 impiorum
2219 4029 2362 4092 per-

835 4138 1039 4186 versa.
1067 4140 1100 4180 ο
1134 4119 1368 4183 Dextra
1393 4117 1498 4181 dat
1519 4116 1880 4197 intelligere
1904 4116 2072 4181 bona
2094 4121 2361 4199 aeterna3

834 4229 1118 4307 sinistra,
1172 4223 1543 4309 temporalia
1574 4246 1591 4291 ι
1620 4223 1789 4289 unde
1829 4225 1852 4260 ⁸
1882 4246 1896 4288 ε
1935 4248 1966 4287 α
2007 4223 2366 4305 Longitudo

719 4400 731 4411 ,
834 4336 1081 4401 dierum
1107 4335 1176 4398 in
1201 4333 1428 4399 dextra
1470 4334 1644 4415 ejus,
1670 4332 1739 4395 in
1757 4331 2014 4396 sinistra
2059 4331 2231 4397 illius
2276 4333 2367 4396 di-

834 4445 1009 4509 vitiae
1052 4446 1116 4507 et
1158 4440 1387 4524 gloria.
1417 4462 1448 4500 n
1503 4439 1655 4506 vult
1700 4456 1856 4521 ergo
1910 4439 2147 4517 dicere,
2194 4440 2365 4522 quod

837 4552 1150 4636 sapientes
1212 4548 1499 4634 cogitant
1556 4546 1724 4610 bona
1794 4549 2031 4610 aeterna
2044 4594 2066 4626 ,
2127 4552 2191 4610 et
2252 4567 2367 4613 cu-

837 4660 1043 4742 piunt,
1087 4660 1153 4721 et
1187 4655 1364 4719 stulti
1419 4651 1793 4736 temporalia
1818 4654 1840 4690 ⁷
1874 4670 1891 4716 :
1929 4675 1960 4714 α
1989 4652 2178 4719 Laeva
2228 4657 2368 4738 ejus

834 4765 957 4830 sub
999 4764 1205 4847 capite
1255 4778 1430 4843 mee,
1487 4764 1553 4826 et
1595 4761 1855 4826 dextera
1909 4761 2079 4826 illius
2134 4762 2368 4846 ample-

831 4873 1089 4938 xabitur
1115 4888 1241 4936 me.
1275 4891 1307 4930 n
1343 4868 1521 4951 Ergo
1557 4868 1791 4933 strutus
1818 4888 2005 4948 vana,
2049 4875 2114 4936 et
2165 4872 2368 4936 nescit

830 4981 1047 5065 aliquo
1074 4980 1264 5045 modo
1289 4977 1685 5043 considerare
1710 4978 2001 5058 discreta,
2031 4998 2151 5044 nec
2177 4980 2248 5045 in
2272 4999 2362 5060 se,

832 5106 949 5152 nec
971 5087 1042 5150 in
1066 5085 1226 5165 aliis,
1270 5084 1441 5167 quod
1492 5086 1704 5166 majus
1741 5084 2194 5149 inconveniens
2233 5089 2361 5163 est;

831 5195 971 5259 ideo
996 5193 1143 5258 dicit
1174 5192 1346 5259 :Sed
1381 5196 1441 5259 et
1472 5193 1547 5258 in
1569 5192 1684 5258 via
1724 5190 1960 5259 stultus
1997 5192 2361 5272 ambulans3

811 5385 818 5392 η
899 5357 911 5384 ¹
944 5354 1143 5409 lJoan..
1175 5355 1333 5410 11‚20;
1357 5379 1422 5392 —-
1448 5353 1652 5416 *Pr-ov„
1682 5364 1850 5416 xxvn,
1879 5356 1928 5404 9.
1952 5379 2013 5390 -
2037 5354 2056 5383 ³
2076 5356 2260 5418 Supra,
2292 5365 2360 5415 1v,

837 5426 914 5480 ¹3.
939 5450 1004 5463 —
1026 5424 1049 5460 δ
1074 5424 1276 5488 Bauli„
1303 5435 1422 5492 xxv,
1456 5426 1533 5476 33.
1565 5450 1625 5464 -
1650 5425 1672 5461 ⁸
1693 5427 1863 5490 Pron„
1896 5437 1948 5489 x,
1979 5428 2054 5478 32.
2080 5452 2144 5466 -·
2172 5427 2190 5458 ⁶
2216 5425 2361 5488 ibid„

1835 424 2245 492 EXPOSITIO
2288 425 2371 491 IN
2412 427 3005 498 ECCLESIASTEN.

2466 563 2539 627 in
2565 564 2691 646 via,
2723 565 2960 632 scilieet
2984 567 3115 648 illa,
3142 587 3289 652 qnae
3312 569 3562 637 videtur
3579 574 3691 639 sibi
3711 576 3851 643 bona
3869 577 3924 641 ⁸:

2475 694 2507 732 α
2533 671 2650 739 Via
2696 673 2873 738 stulti
2903 679 3073 740 recta
3113 675 3184 740 in
3227 677 3426 743 oculis
3466 680 3624 761 ejuS.
3648 703 3678 740 n
3715 682 3845 749 Cum
3863 688 3928 751 sit

2466 781 2602 861 ipse
2627 781 2968 863 insipiens,
3003 782 3066 846 id
3094 787 3209 863 est,
3237 802 3381 849 cum
3411 786 3734 869 insipiente
3749 791 3926 854 ambu-

2466 886 2576 966 lat,
2607 888 2760 971 quia
2785 888 2853 953 in
2886 890 3166 954 tenebris
3193 890 3258 954 ⁹:
3298 915 3328 953 (ι
3356 891 3600 957 Stultus
3614 894 3682 958 in
3706 898 3926 961 tenebris

2464 993 2770 1060 ambulat.
2788 1016 2819 1054 υ
2859 995 3087 1063 Omnes
3112 998 3334 1065 stultos
3360 1000 3674 1074 oestimat‚·
3696 1003 3841 1068 unde
3857 1005 3924 1069 ¹0:

2471 1124 2502 1163 α
2528 1101 2883 1185 Sapientior
2906 1104 3026 1168 sibi
3048 1105 3297 1171 videtur
3317 1107 3546 1173 stultus
3569 1114 3788 1192 septem
3808 1111 3926 1175 viris

2462 1207 2868 1291 loquentibus
2903 1213 3266 1278 sententias,
3298 1237 3329 1273 n

2543 1314 2766 1382 Incidit
2803 1317 2909 1382 hic
2952 1320 3223 1401 quaestio
3261 1321 3338 1385 de
3382 1321 3537 1401 hoc,
3582 1323 3739 1405 quod
3773 1323 3923 1387 dicit:

2468 1424 2590 1497 Qui
2602 1426 2678 1495 in
2692 1441 2819 1493 uno
2829 1429 3205 1509 peccaverit,
3227 1432 3346 1495 etc.
3368 1428 3438 1497 Si
3458 1430 3628 1495 enim
3646 1430 3792 1496 Deus
3803 1449 3926 1495 sem·

2462 1550 2575 1614 per
2599 1533 2783 1615 punit
2818 1534 2976 1598 citra
3001 1536 3429 1617 condignum;
3461 1555 3615 1619 ergo
3637 1538 3739 1620 qui
3765 1542 3929 1621 peccat

2462 1638 2534 1702 in
2558 1657 2713 1718 un0,
2747 1657 2878 1704 non
2909 1641 3092 1706 debet
3115 1642 3332 1725 puniri
3366 1644 3494 1707 nisi
3532 1644 3599 1708 in
3622 1662 3740 1709 uno
3767 1666 3782 1708 z
3807 1662 3927 1724 ergo

2462 1763 2591 1810 non
2625 1744 2806 1811 debet
2834 1747 3094 1829 perdere
3121 1749 3354 1829 multa,
3404 1751 3516 1815 sed
3558 1770 3765 1823 unum.
3811 1751 3928 1814 Item

2463 1869 2546 1916 ex
2574 1853 2696 1918 hoc
2729 1853 3011 1934 videtur,
3044 1856 3210 1938 quod
3240 1856 3320 1919 sit
3354 1859 3660 1923 connexio
3684 1859 3744 1921 in
3775 1858 3924 1934 vitiis,

2464 1958 2627 2024 sicut
2653 1960 2724 2024 in
2750 1961 3095 2028 virtutibus
3122 1982 3139 2026 ε
3170 1963 3356 2046 quia,
3389 1967 3445 2029 si
3475 1966 3697 2031 vitium
3731 1971 3810 2029 est
3830 1966 3925 2048 pri·

2464 2067 2635 2132 vatio
2659 2069 2850 2148 boni,
2892 2087 3053 2152 ergo
3093 2071 3147 2134 si
3187 2090 3320 2135 uno
3365 2078 3618 2156 peccato
3662 2075 3930 2157 privantur

2468 2174 2669 2240 multa
2696 2175 2884 2255 bona,
2905 2194 3066 2257 ergo
3092 2196 3224 2241 uno
3246 2185 3502 2261 peccato
3523 2180 3768 2247 incurrit
3783 2181 3928 2245 homo

2471 2284 2672 2349 multa
2699 2285 2853 2351 vitia
2883 2303 2901 2349 :
2931 2285 3041 2350 sed
3065 2285 3188 2350 hoc
3236 2305 3367 2352 non
3395 2293 3515 2366 est,
3545 2290 3660 2354 nisi
3691 2309 3789 2373 per
3816 2307 3924 2353 con-

2464 2393 2844 2459 nexionem:
2878 2412 3035 2476 ergo
3063 2396 3372 2460 connexio
3399 2398 3581 2462 estin
3598 2398 3768 2466 vitiis.
3788 2397 3923 2474 Item,

2466 2501 2636 2583 quod
2660 2501 2740 2565 sit
2768 2501 3083 2567 connexio
3114 2503 3184 2565 in
3211 2503 3385 2568 vitiis
3424 2510 3735 2587 quantum·
3746 2505 3813 2570 ad
3834 2521 3929 2567 om-

2464 2609 2593 2687 nia,
2625 2609 2876 2676 videtur
2888 2631 2905 2688 ;
2949 2608 3180 2673 dicitur
3207 2611 3384 2675 enim
3418 2614 3459 2653 ¹¹
3497 2636 3512 2677 :
3552 2636 3581 2675 c
3607 2613 3718 2690 Qui
3756 2612 3813 2675 in
3833 2627 3926 2677 uno

2467 2715 2849 2798 peccaverit,
2877 2717 3079 2780 factus
3104 2718 3200 2780 est
3227 2718 3523 2784 omnium
3551 2738 3689 2785 reus
3720 2740 3784 2782 :n
3811 2732 3927 2797 ergo

2468 2822 2739 2900 videtur,
2769 2823 2937 2905 quod
2983 2823 3097 2905 qui
3146 2828 3607 2907 perpetraverit
3646 2844 3821 2893 unum
3855 2824 3926 2886 vi·

2466 2930 2650 3008 tium,
2683 2929 2762 2993 sit
2788 2930 2876 2994 ita
2901 2948 3079 3010 reus,
3114 2951 3186 2996 ac
3229 2933 3283 2997 si
3327 2934 3549 2999 omnia
3589 2935 3924 3019 perpetraret·

2469 3035 2593 3102 Sed
2620 3042 2840 3102 contra
2871 3060 2885 3102 ε
2920 3037 3079 3116 Quia
3121 3040 3335 3124 aliqua
3359 3043 3518 3107 vitia
3554 3046 3695 3108 sunt
3732 3046 3926 3106 contra-

2469 3144 2586 3226 ria,
2614 3164 2775 3228 ergo
2814 3144 2868 3209 si
2909 3145 2978 3211 in
3022 3146 3195 3212 vitiis
3239 3153 3403 3214 esset
3450 3151 3770 3231 connexim
3820 3155 3929 3212 tunc

2470 3255 2599 3320 duo
2648 3256 2962 3320 contrarIa
3003 3261 3212 3320 essent
3236 3257 3304 3321 in
3329 3259 3578 3324 eodem.
3620 3259 3793 3336 Item,
3815 3257 3930 3319 vitia

2471 3380 2604 3427 non
2628 3364 2841 3426 sunta
2870 3361 3016 3441 Dec,
3048 3363 3159 3428 sed
3184 3364 3495 3446 acquisita
3528 3385 3608 3430 ex
3637 3384 3802 3449 opere
3822 3380 3930 3427 nos-

2471 3472 2570 3534 tro
2603 3490 2617 3532 :
2645 3469 2755 3533 sed
2782 3472 3029 3533 certum
3059 3474 3185 3547 est,
3224 3471 3398 3552 quod
3427 3490 3562 3536 non
3600 3473 3798 3537 eodem
3827 3472 3930 3534 actu

2471 3578 2822 3660 acquiritur
2848 3576 2916 3641 in
2944 3577 3126 3642 nobis
3167 3582 3607 3661 temperantia,
3636 3585 3694 3645 et
3714 3579 3927 3662 justitia,

2472 3685 2726 3768 quando
2770 3690 2922 3749 sunt
2968 3686 3570 3752 consuetudinales:
3616 3705 3761 3769 ergo
3796 3683 3933 3748 simi-

2470 3794 2615 3858 liter
2641 3795 2795 3858 etin
2823 3794 3017 3858 vitiis,
3051 3795 3412 3877 Respondeo
3437 3797 3780 3874 dicendum,
3809 3790 3933 3875 quod

2471 3904 2568 3966 est
2593 3901 2766 3984 loqui
2794 3902 2871 3967 de
2900 3908 3173 3984 peccato.
3202 3907 3265 3967 et
3289 3904 3537 3969 ratione
3563 3899 3930 3975 deformitatis,

2473 4014 2535 4073 et
2555 4009 2797 4074 ratione
2823 4009 3229 4090 obligationis
3256 4010 3338 4074 ad
3364 4029 3621 4096 poenam
3646 4035 3660 4076 ε
3682 4012 3730 4075 si
3746 4009 3934 4076 ratione

2472 4117 2906 4198 deformitatiS,
2932 4117 3039 4180 illa
3052 4117 3311 4201 quidem
3331 4121 3585 4204 respicit
3598 4121 3728 4199 tria,
3751 4114 3933 4180 scilicet

2475 4224 2894 4308 privationem
2922 4224 3072 4290 boni
3103 4227 3389 4307 gratuiti,
3413 4228 3809 4311 privationem
3822 4221 3934 4286 boni

2474 4332 2801 4411 naturalis,
2832 4333 2968 4402 sive
2991 4331 3361 4416 habilitatis,
3417 4340 3483 4399 et
3528 4334 3771 4400 ulterius
3794 4326 3932 4400 incli-

2474 4440 2796 4504 nationem
2822 4440 2902 4508 ad
2938 4443 3151 4514 actum
3178 4440 3635 4522 inordinatum,
3664 4457 3794 4524 quae
3827 4433 3936 4499 dici-

2473 4551 2582 4611 tur
2605 4546 2959 4610 habilitatio
2985 4547 3299 4630 quaedam.
3329 4546 3589 4614 Ratione
3615 4546 3786 4632 primi
3800 4540 3931 4614 boni,

2475 4658 2571 4717 est
2613 4653 2922 4718 connexio
2970 4654 3036 4718 in
3080 4655 3283 4734 vitiiS,
3334 4656 3487 4738 quia
3533 4657 3640 4740 qui
3685 4653 3866 4737 peccat
3895 4647 3936 4708 1³

2476 4779 2604 4826 uno
2629 4763 2909 4843 peccato,
2937 4761 3168 4832 amittit
3199 4763 3498 4844 gratiam,
3527 4767 3588 4828 et
3625 4777 3821 4827 omnes
3848 4754 3936 4818 vir-

2478 4870 2662 4943 tutes,
2694 4870 3005 4949 quatenus
3030 4871 3181 4932 sunt
3210 4871 3527 4950 gratuitae.
3563 4869 3801 4933 Ratione
3823 4873 3935 4925 vero

2472 4974 2849 5056 privationis
2903 4974 3242 5044 habilitatis
3257 5024 3274 5053 ,
3335 4995 3470 5042 non
3520 4983 3614 5044 est
3661 4967 3932 5042 connexio,

2475 5081 2587 5146 sed
2638 5098 2861 5145 eorum
2902 5081 3249 5161 distinctiO,
3305 5085 3458 5172 quia
3507 5077 3935 5166 unumquodque

2479 5257 2733 5319 111,16.-
2766 5256 2781 5284 ⁷
2809 5254 2975 5312 Cant„
3006 5266 3058 5314 u,
3089 5257 3135 5305 6.
3166 5281 3227 5291 -
3249 5257 3268 5286 ⁸
3289 5257 3450 5319 Pron„
3473 5268 3558 5319 xit,
3589 5258 3659 5305 25.
3680 5279 3736 5291 —
3759 5251 3935 5310 ’Supra

2476 5339 2534 5387 11,
2568 5329 2641 5378 14.
2673 5353 2733 5364 —
2764 5327 2798 5356 ¹⁰
2827 5330 2988 5388 Prov„
3016 5337 3158 5389 xxvi,
3185 5331 3259 5375 ¹6.
3287 5352 3350 5364 —
3380 5331 3415 5364 ι·
3440 5330 3561 5390 λεια,
3591 5338 3651 5388 11,
3681 5329 3747 5375 lo.

2542 5426 2604 5488 (a)
2629 5423 2807 5494 suppl.
2836 5437 3049 5490 pravum
3076 5423 3303 5476 odorem.
