4196 6294
1668 362 2031 431 PSALMUS
2072 364 2331 431 CXVIII.

406 523 575 579 nem,
605 502 861 563 dicendo
891 520 906 560 ε
946 504 1185 560 Domine.
1215 502 1355 571 Quis
1384 499 1544 559 enim
1578 515 1704 558 non
1737 503 1955 573 paveat

404 601 578 658 illum
616 596 963 667 Dominum,
996 597 1161 667 cujus
1189 596 1276 652 est
1313 594 1609 664 indicare,
1647 592 1948 666 jndicare,

403 693 748 752 vindicare?
780 694 908 765 lpse
953 689 1114 747 enim
1141 691 1199 746 et
1233 688 1454 746 indicat
1481 686 1865 759 abscondita,
1897 691 1955 745 et

398 787 628 861 judicat
653 785 890 855 merita,
920 788 976 842 et
1001 783 1264 841 vindicat
1292 781 1511 839 illicita.
1544 785 1621 839 De
1658 781 1853 854 primo
1885 783 1899 817 ¹
1934 798 1949 836 ε

409 902 439 936 α
466 883 521 941 Si
553 880 868 939 descendet
908 878 1075 949 Saul,
1103 878 1252 935 sicut
1293 876 1521 935 audivit
1542 891 1748 932 servus
1786 879 1949 947 tuuS,

403 976 648 1036 Domine
691 977 841 1032 Deus
874 973 1078 1046 lsrael,
1109 972 1308 1030 indica
1346 987 1517 1029 servo
1556 973 1698 1028 tuo:
1745 990 1775 1025 n
1818 985 1952 1027 ecce

402 1073 684 1132 Dominus
729 1069 1017 1128 indicans.
1069 1069 1161 1127 Sic
1204 1068 1524 1139 indicabit,
1579 1083 1714 1123 cum
1758 1070 1953 1124 reatus

402 1165 813 1235 absconditoS,
838 1168 894 1221 et
933 1163 1225 1222 cruciatus
1254 1163 1484 1221 debitos
1518 1159 1839 1236 hypocritis
1862 1159 1954 1233 ju-

402 1262 559 1320 dicio
606 1276 715 1318 suo
757 1258 928 1333 justis
975 1261 1035 1317 in
1078 1258 1307 1331 judicio
1346 1275 1449 1316 suo
1500 1257 1838 1332 explicabit.
1875 1260 1950 1313 De

402 1357 664 1417 secundo
690 1358 713 1390 ²
750 1373 764 1414 ε
796 1378 824 1407 «
865 1354 974 1424 Qui
1008 1353 1237 1426 judicat
1271 1369 1397 1423 me,
1442 1351 1723 1410 Dominus
1766 1356 1886 1409 est:
1919 1371 1948 1405 ι

402 1470 536 1512 ecce
565 1451 848 1510 Dominus
870 1449 1168 1523 judicanS.
1196 1448 1287 1506 Sic
1322 1446 1646 1521 judicabit,
1673 1462 1809 1503 cum
1830 1446 1954 1517 jus-

403 1553 598 1606 torum
624 1561 909 1622 personas
936 1545 1090 1601 bene
1119 1542 1357 1601 meritas
1377 1586 1393 1611 ‚
1424 1545 1480 1598 et
1507 1556 1758 1621 coronas
1784 1556 1954 1613 repo-

400 1643 539 1700 sitas
584 1640 933 1716 publicabit.
963 1642 1040 1697 De
1069 1638 1240 1696 tertio
1264 1640 1321 1694 ⁸:
1359 1658 1387 1689 α
1422 1640 1519 1693 Vae
1562 1638 1718 1708 genti
1764 1635 1955 1692 insur-

403 1737 561 1812 genti
595 1753 771 1811 super
798 1751 985 1809 genus
1021 1751 1261 1792 meum:
1309 1732 1591 1790 Dominus
1630 1730 1788 1788 enim
1818 1747 1951 1787 om·-

401 1833 674 1906 nipotens
698 1828 1028 1887 vindicabit
1052 1829 1115 1886 in
1140 1827 1223 1885 eis
1251 1846 1264 1883 z
1296 1849 1325 1882 n
1357 1843 1490 1884 ecce
1520 1825 1803 1883 Dominus
1828 1824 1955 1881 vin-

404 1927 626 1984 dicans.
660 1924 752 1984 Sic
786 1921 1143 1994 vindicabit,
1182 1937 1318 1978 cum
1360 1919 1655 1978 indebitas
1691 1918 1954 1978 actiones

405 2010 616 2080 debitis
642 2018 1019 2095 passionibus
1047 2014 1390 2091 applicabit.

896 2177 1175 2233 Articulus
1212 2178 1461 2247 quartus.

473 2310 541 2364 Ut
565 2303 855 2374 cavenda,
883 2305 1120 2360 notatur
1155 2317 1265 2375 per
1291 2299 1440 2372 legis
1468 2297 1952 2370 custoditionem,

406 2399 694 2458 dicendo:
716 2397 788 2453 Ee
801 2396 1072 2453 custodivi
1085 2397 1250 2465 leqem
1272 2400 1443 2451 tuam.
1466 2393 1693 2467 Optime
1712 2409 1955 2467 poenam

404 2493 575 2566 cavit,
606 2490 711 2567 qui
736 2492 933 2563 legem
968 2488 1241 2547 servavit.
1273 2492 1402 2545 Non
1437 2490 1523 2544 est
1558 2487 1771 2545 melior
1796 2503 1954 2544 sem-

401 2588 644 2662 piternoe
669 2584 874 2643 mortis
901 2582 1151 2653 cautela,
1176 2596 1365 2655 quam
1392 2596 1662 2654 supernoe
1687 2580 1837 2653 legis
1864 2597 1954 2639 se-

404 2681 600 2756 quela.
657 2678 757 2737 llic
795 2681 1003 2736 notare
1041 2690 1392 2751 possumuS,
1442 2673 1610 2749 quod
1647 2673 1835 2732 tribus
1877 2675 1952 2734 de

405 2774 596 2832 causis
634 2772 829 2846 legem
857 2770 1152 2829 custodire
1192 2769 1480 2828 debemus
1505 2787 1520 2826 ε
1551 2768 1856 2841 videlicet,
1888 2773 1955 2826 ut

404 2883 718 2928 caveamus
745 2870 1000 2925 mortem
1025 2865 1313 2939 primam3
1349 2867 1416 2921 ut
1440 2879 1755 2921 caveamus
1790 2879 1952 2921 mor-

406 2967 524 3022 tem
557 2960 881 3020 secundam
897 2979 915 3032 ;
954 2963 1018 3017 ut
1054 2958 1428 3016 obtineamus
1456 2957 1640 3015 vitam
1674 2957 1912 3014 beatam
1933 2977 1952 3014 ε

407 3074 665 3134 quorum
698 3055 961 3131 primum
1000 3053 1254 3128 pertinet
1286 3051 1366 3109 ad
1400 3050 1717 3124 flagitium5
1747 3066 1953 3108 secun-

403 3154 569 3224 dum,
611 3151 691 3210 ad
734 3147 1128 3225 supplicium;
1178 3146 1446 3216 tertium,
1492 3143 1572 3202 ad
1616 3143 1947 3219 praemium.

401 3252 480 3307 De
503 3249 697 3323 primo
721 3249 771 3302 ⁴:
808 3265 836 3299 α
864 3245 1061 3302 Exitus
1080 3258 1375 3317 aquarum
1402 3240 1776 3299 deduxerunt
1794 3241 1953 3299 oculi

401 3342 548 3413 mei,
584 3341 726 3415 quia
760 3354 884 3397 non
918 3336 1321 3395 custodierunt
1353 3335 1549 3407 legem
1580 3339 1762 3392 tuam.
1797 3355 1827 3390 w
1862 3337 1954 3393 At-

402 3436 575 3494 tende
625 3433 1025 3507 lacrymarum
1075 3429 1455 3488 emissionem
1505 3433 1750 3504 propter
1801 3428 1953 3502 legis

402 3529 806 3596 omissionem,
838 3543 971 3600 quae
998 3524 1249 3599 pertinet
1274 3524 1353 3582 ad
1379 3526 1633 3581 mortem
1662 3523 1948 3596 primam,

401 3624 524 3681 sive
561 3620 875 3680 mortalem
923 3620 1183 3693 culpam.
1224 3620 1303 3676 De
1352 3616 1616 3675 secundo
1644 3617 1703 3673 ⁸:
1738 3636 1767 3670 «
1804 3619 1951 3675 Cum

403 3718 601 3777 essetis
653 3716 903 3775 ministri
954 3715 1124 3788 regni
1169 3712 1360 3785 illius,
1412 3727 1535 3770 non
1586 3714 1741 3768 recte
1779 3710 1952 3783 judi-

402 3812 603 3884 castis,
635 3834 661 3864 n
714 3810 955 3884 supple,
1015 3808 1305 3882 quantum
1368 3806 1448 3863 ad
1497 3803 1915 3862 diffinitionem
1927 3825 1947 3876 ;

406 3926 433 3959 α
478 3922 674 3981 neque
720 3903 1052 3962 custodistis
1102 3902 1300 3975 legem
1321 3900 1593 3973 justitiae,
1651 3919 1679 3953 n
1728 3899 1951 3958 scilicet

402 4003 691 4073 quantum
718 3999 798 4055 ad
833 3996 1278 4068 executionem3
1329 4012 1358 4047 α
1394 4009 1590 4067 neque
1617 3992 1949 4050 secundum

403 4092 767 4151 voluntatem
795 4089 1026 4149 Domini
1055 4087 1423 4157 ambulastis,
1448 4108 1477 4141 »
1512 4086 1732 4144 scilicet
1758 4101 1950 4160 quan-

404 4193 528 4245 tum
567 4186 646 4244 ad
673 4185 1076 4243 intentionem.
1109 4183 1207 4240 Hic
1236 4186 1583 4254 arguuntur,
1618 4181 1722 4254 qui
1748 4181 1946 4254 legem

404 4281 747 4351 omiserunt,
777 4283 1020 4353 propter
1041 4293 1313 4352 poenam,
1353 4292 1535 4350 quam
1570 4280 1943 4348 meruerunt3

402 4392 535 4451 quoe
547 4375 798 4449 pertinet
820 4372 898 4429 ad
918 4376 1171 4430 mortem
1190 4369 1536 4439 secundam,
1556 4368 1678 4426 sive
1704 4385 1946 4444 poenam

400 4474 700 4527 oeternam.
737 4465 900 4523 Unde
930 4464 1194 4538 sequitur
1218 4463 1275 4518 ⁸:
1309 4483 1336 4516 α
1362 4465 1623 4520 Potentes
1651 4462 1811 4519 enim
1832 4478 1945 4537 po-

402 4567 585 4620 tenter
609 4564 901 4619 tormenta
929 4559 1239 4633 patientur.
1272 4579 1298 4612 »
1336 4561 1413 4616 De
1449 4556 1619 4615 tertio
1648 4559 1670 4592 '¹
1697 4576 1711 4613 :
1755 4576 1783 4610 α
1810 4560 1947 4615 Cus-

402 4656 584 4714 todite
628 4654 791 4727 leges
826 4669 1019 4723 meaS,
1057 4658 1233 4726 atque
1268 4650 1523 4725 judicia,
1554 4666 1689 4724 quae
1725 4650 1947 4709 faciens

401 4756 585 4813 bomo
631 4751 789 4834 viret
828 4751 892 4807 in
938 4750 1056 4807 eis:
1103 4769 1132 4803 w
1168 4749 1265 4806 hic
1309 4748 1629 4807 mandatur
1678 4750 1947 4808 custodia

402 4848 603 4920 legum
655 4843 974 4902 moralium
1031 4848 1273 4917 propter
1329 4846 1558 4900 aeternae
1607 4841 1740 4900 vitae
1795 4859 1943 4918 proe·

402 4942 610 5000 mium.

1047 5007 1300 5074 Epilogus.

478 5133 543 5186 Et
579 5129 693 5184 hoc
735 5130 849 5196 est,
887 5125 1053 5199 quod
1093 5141 1199 5198 per
1236 5124 1602 5182 psalmistam
1630 5129 1896 5183 cantatur
1927 5144 1942 5183 ε

472 5257 489 5289 ¹
519 5255 536 5303 l
574 5255 711 5319 Κεφ,
748 5266 915 5314 xxm,
945 5256 1021 5302 Η.
1053 5277 1113 5287 -
1147 5252 1170 5284 ¹
1200 5252 1215 5299 Ι
1248 5251 1383 5312 Cor„
1412 5263 1488 5313 iv,
1527 5255 1574 5302 4.
1604 5278 1664 5290 -
1693 5253 1711 5282 ³
1746 5251 1943 5312 Iudith,

409 5339 526 5389 xri,
555 5328 631 5376 20.
662 5351 724 5362 —
763 5326 781 5356 ⁴
813 5324 948 5376 Psal.
985 5324 1114 5386 hoc,
1164 5323 1266 5373 136.
1300 5349 1362 5360 —
1401 5324 1418 5354 ⁸
1447 5323 1587 5387 Sap„
1622 5337 1699 5388 vi,
1746 5327 1845 5375 5-6.
1886 5348 1942 5360 --

3489 375 3599 439 39¹

2062 503 2267 560 Memor
2301 505 2394 572 rui
2421 508 2606 573 nocte,
2650 506 2941 577 quantum
2985 502 3066 562 ad
3092 519 3333 578 poenam
3365 505 3605 564 studen-

2065 593 2235 665 dam,
2269 598 2334 653 ut
2361 600 2770 670 percurratur3
2800 600 3050 655 Nominis
3073 602 3157 654 tui
3171 641 3190 670 ,
3216 604 3507 673 quantum
3527 599 3607 659 ad

2062 703 2307 761 poenam
2353 689 2710 763 stupendam
2732 733 2751 762 ,
2797 694 2864 746 ut
2914 695 3256 750 occurratur
3275 713 3292 764 3
3344 697 3603 767 Domino,

2062 786 2355 857 quantum
2376 783 2456 841 ad
2481 799 2724 857 poenam
2743 785 3085 858 pavendam
3102 827 3120 855 ,
3138 791 3203 843 ut
3228 792 3602 859 succuratur3

2061 884 2134 938 Et
2185 882 2453 939 mstodivi
2494 884 2660 954 legem
2697 888 2848 938 tuam
2867 924 2886 953 ,
2926 887 3216 956 quantum
3247 886 3328 944 ad
3363 902 3605 960 poenam

2063 976 2430 1047 cavendam,
2458 992 2534 1034 ne
2560 977 2908 1035 incurratur.

2587 1150 2927 1195 vnasmutus
2964 1152 3085 1195 vm.

2134 1266 2225 1320 56.
2241 1264 2369 1319 Hoec
2378 1266 2534 1333 facta
2549 1269 2626 1322 est
2641 1267 2799 1334 mihi,
2819 1269 2927 1322 etc.
2941 1267 3223 1335 Quartum
3237 1270 3434 1325 actum
3449 1284 3608 1327 com-

2062 1357 2356 1431 patientiae
2367 1399 2387 1429 ,
2402 1356 2676 1416 videlicet
2691 1360 3170 1433 procurationem
3196 1360 3464 1420 fraternae
3486 1379 3610 1437 poe·

2062 1450 2355 1520 nitentiae,
2387 1450 2675 1509 dilucidat
2701 1468 2906 1510 versus
2944 1454 3082 1524 iste,
3120 1455 3186 1511 in
3221 1471 3344 1528 quo
3373 1460 3611 1515 notatur

2064 1545 2390 1602 consolatio
2427 1545 2673 1619 praefata
2694 1589 2711 1616 ,
2752 1546 3033 1604 divinitus
3072 1547 3359 1607 destinata
3385 1593 3405 1621 ,
3444 1567 3607 1609 com-

2061 1638 2307 1712 patienti
2354 1638 2572 1695 collata
2600 1681 2620 1707 ,
2674 1655 2786 1713 pro
2839 1640 3180 1713 poenitentia
3222 1649 3539 1717 procurata
3590 1664 3605 1702 :

2064 1748 2200 1791 ecce
2229 1734 2251 1768 ⁸
2292 1752 2322 1787 α
2352 1731 2558 1790 datum
2600 1733 2927 1807 optimum,
2966 1735 3334 1795 descendens
3370 1755 3408 1796 a
3443 1743 3608 1798 Patre

2062 1827 2393 1897 luminum,
2412 1848 2441 1881 u
2475 1826 2554 1884 ad
2584 1829 2994 1900 compatientis
3023 1831 3290 1890 animum
3308 1874 3329 1904 ,
3367 1837 3611 1907 propter

2064 1936 2419 1979 conversum
2444 1920 2809 1995 proximum.

2561 2080 2844 2137 Articulus
2877 2084 3108 2154 primus.

2136 2206 2612 2267 consolationem
2647 2207 2951 2281 proet'atam
2987 2209 3278 2282 Propheta
3327 2210 3608 2268 demons-

2062 2302 2265 2372 travit,
2294 2318 2432 2359 cum
2460 2301 2572 2359 ait:
2602 2303 2751 2372 Hoec,
2781 2300 3002 2359 scilicet
3027 2318 3163 2376 spes
3191 2304 3606 2378 consolatoria,

2064 2396 2140 2453 de
2169 2411 2291 2469 qua
2321 2410 2500 2469 supra
2526 2395 2810 2469 scriptum
2833 2400 2948 2452 est:
2968 2397 3094 2452 Hoec
3113 2413 3196 2454 me
3215 2401 3484 2455 consolata
3504 2405 3605 2457 est.

2062 2494 2131 2548 Et
2145 2492 2309 2557 nota,
2349 2488 2519 2562 quod
2556 2505 2691 2562 spes
2730 2489 2945 2546 dicitur
2973 2489 3371 2548 consolatoria
3396 2492 3606 2564 praeci·

2062 2599 2181 2659 pue
2216 2585 2460 2657 propter
2510 2581 2622 2640 tria
2671 2600 2686 2639 z
2731 2583 2874 2657 quia
2922 2583 3216 2641 servitutis
3251 2586 3606 2659 mutatoria3

2063 2677 2208 2753 quia
2233 2676 2461 2735 virtutis
2479 2677 2857 2751 probatoria;
2883 2677 3026 2751 quia
3048 2678 3254 2736 salutis
3274 2680 3609 2753 praelibato-

2060 2772 2153 2830 ria
2181 2790 2196 2828 τ
2228 2787 2488 2846 quorum
2524 2770 2785 2845 primum
2833 2772 3085 2846 pertinet
3117 2772 3196 2829 ad
3232 2773 3570 2847 insipientes
3588 2794 3606 2846 3

2062 2865 2392 2924 secundum
2411 2908 2427 2935 ,
2456 2864 2536 2922 ad
2563 2864 2936 2939 proficientes
2946 2884 2962 2937 3
2996 2866 3228 2923 tertium
3253 2909 3272 2939 ,
3298 2867 3377 2925 ad
3404 2884 3610 2942 perve-

2062 2960 2309 3018 nientes.
2341 2961 2420 3016 De
2446 2958 2641 3034 primo
2661 2960 2683 2993 ⁹
2713 2976 2728 3015 ε
2757 2976 2789 3012 α
2811 2961 2975 3017 Nunc
2998 2959 3151 3034 coepi
3168 3003 3185 3030 ,
3215 2960 3339 3019 haec
3362 2962 3608 3020 mutatio

2064 3054 2316 3112 dexterae
2341 3052 2564 3110 Excelsi
2589 3071 2604 3110 :
2632 3075 2658 3105 n
2683 3069 2800 3110 vox
2826 3056 2913 3110 est
2939 3052 3271 3127 incipientis
3292 3097 3311 3126 ,
3340 3071 3401 3112 se
3430 3072 3467 3113 a
3493 3072 3610 3114 ser-

2061 3149 2242 3206 vitute
2266 3146 2566 3205 diabolica
2584 3145 2663 3205 ad
2681 3146 3016 3205 servitutem
3041 3149 3403 3207 dominicam
3423 3154 3608 3207 trans-

2060 3241 2277 3301 mutari
2303 3240 2609 3314 sperantis.
2640 3244 2716 3297 De
2744 3241 3007 3299 secundo
3034 3241 3078 3277 ¹⁰
3113 3260 3178 3299 :u
3207 3245 3332 3300 llaec
3362 3242 3435 3300 sit
3460 3243 3605 3301 mihi

2062 3335 2411 3405 consolatio,
2434 3336 2501 3391 ut
2518 3333 2788 3406 affligens
2806 3349 2902 3392 me
2916 3334 3145 3407 dolore,
3167 3351 3290 3393 non
3315 3352 3525 3410 parcas
3542 3355 3556 3393 :
3572 3358 3601 3390 n

2060 3446 2179 3488 vox
2224 3431 2310 3486 est
2351 3427 2743 3501 proficientiS,
2786 3428 3032 3502 probari
3077 3433 3134 3486 et
3170 3429 3491 3503 approbari
3542 3430 3606 3487 in

2060 3522 2454 3582 tribulationis
2469 3521 2817 3580 conflatorIo
2846 3521 3218 3580 confidentis.
3235 3525 3312 3580 De
3327 3523 3495 3580 tertio
3521 3525 3559 3560 ¹¹
3585 3543 3600 3581 :

2066 3638 2095 3672 «ι
2121 3616 2316 3676 Gloria
2357 3617 2482 3674 haec
2508 3621 2595 3674 est
2633 3616 2915 3674 omnibus
2951 3618 3165 3674 sanctis
3201 3619 3329 3690 ejus
3360 3637 3374 3675 ε
3400 3640 3428 3673 »
3463 3619 3605 3693 quia

2060 3712 2254 3785 gloria
2281 3714 2622 3769 sanctorum
2647 3710 2709 3767 in
2743 3711 2871 3782 via,
2893 3714 2979 3768 est
2999 3710 3354 3786 praestolatio
3381 3716 3438 3771 et
3460 3730 3605 3788 proe-

2058 3806 2264 3864 libatio
2293 3806 2628 3863 futurorum
2656 3804 2960 3862 bonorum
2987 3805 3049 3862 in
3077 3805 3289 3878 patria.

2533 3964 2812 4018 Articulus
2846 3962 3129 4020 secundus.

2129 4087 2559 4148 Consolationis
2586 4087 3038 4147 destinationem
3065 4089 3435 4163 designavit,
3464 4109 3600 4149 cum

2058 4183 2208 4242 dixit
2237 4202 2252 4241 ε
2282 4186 2452 4240 Facta
2479 4187 2580 4239 est.
2617 4185 2662 4238 A
2691 4197 2813 4256 quo
2841 4180 2994 4239 facta
3035 4186 3122 4240 est
3140 4186 3169 4241 ‘P
3202 4184 3291 4242 Ab
3319 4202 3390 4242 eo
3419 4187 3598 4259 plane

2055 4279 2210 4337 sacta
2244 4282 2331 4336 est
2352 4318 2372 4347 ,
2406 4296 2435 4331 ι
2458 4276 2583 4333 sine
2611 4291 2735 4350 quo
2766 4277 2810 4311 ¹²
2836 4275 2985 4333 nihil
3011 4276 3233 4334 sactum
3272 4283 3374 4335 est.
3396 4300 3426 4332 u
3472 4282 3598 4337 Haec

2053 4372 2230 4431 t'actio
2269 4371 2483 4428 dicitur
2521 4368 2850 4428 destinati0.
2894 4369 3009 4427 Sed
3048 4374 3222 4440 nota,
3269 4373 3436 4445 quod
3472 4373 3596 4432 hoec

2057 4465 2382 4525 consolatio
2424 4463 2725 4538 tripliciter
2760 4463 2915 4521 facta
2957 4464 3244 4537 reperitur
3285 4482 3321 4522 a
3349 4468 3467 4523 Deo
3504 4484 3595 4524 se-

2056 4561 2322 4619 cundum
2364 4557 2655 4632 triplicem
2697 4556 3175 4631 apparitionem3
3221 4559 3598 4633 sensibilem,

2054 4652 2521 4726 intelligibilem,
2550 4655 2607 4708 et
2647 4650 3095 4723 imaginabilem
3128 4669 3142 4707 ε
3171 4651 3365 4725 prima
3394 4652 3461 4709 fit
3491 4670 3601 4727 per

2053 4764 2266 4807 vocem
2293 4744 2665 4819 corporalem
2683 4763 2702 4816 ;
2736 4743 3028 4815 secunda,
3070 4760 3178 4817 per
3209 4744 3593 4804 illuminatio-

2053 4859 2193 4901 nem
2214 4839 2611 4916 spiritualem
2644 4837 2843 4908 tertia,
2864 4854 2973 4912 per
2995 4837 3316 4910 imaginem
3344 4839 3598 4896 somnia·

2051 4939 2194 4996 lem.
2238 4933 2526 5004 Quocirca
2563 4931 2758 5006 prima
2794 4930 3009 4988 dicitur
3036 4930 3191 4988 facta
3228 4932 3398 5005 quasi
3439 4949 3593 5004 vox,

2052 5029 2316 5090 secunda
2353 5026 2525 5101 quasi
2561 5026 2701 5098 lux,
2747 5024 2918 5083 tertia
2962 5025 3133 5099 quasi
3162 5041 3304 5083 nox.
3349 5029 3429 5084 De
3479 5028 3598 5102 pri·

2053 5181 2075 5215 ⁸
2120 5177 2264 5240 thid„
2299 5179 2347 5226 Ἰ.
2383 5201 2446 5213 -
2482 5177 2498 5206 ⁷
2536 5175 2712 5231 Levit..
2754 5186 2912 5234 xvm,
2949 5178 2995 5225 5.
3027 5201 3092 5212 —-
3126 5174 3150 5211 ⁸
3183 5173 3310 5234 Jac„
3347 5186 3386 5237 1,
3425 5177 3503 5224 Π.
3539 5202 3595 5212 -

2054 5254 2072 5281 ⁹
2098 5248 2244 5300 Psal.
2271 5259 2448 5310 mxxvi,
2481 5249 2555 5296 Η.
2587 5273 2650 5284 -
2673 5247 2712 5280 ¹·
2738 5245 2848 5310 Job,
2886 5258 2957 5307 vr,
2993 5250 3066 5296 ¹0.
3097 5273 3159 5283 —
3190 5248 3228 5283 ¹¹
3254 5245 3389 5297 Psal.
3419 5258 3594 5313 cmx,

2053 5326 2100 5375 9.
2134 5347 2189 5358 —
2222 5323 2257 5350 ¹²
2284 5320 2446 5382 loom,
2479 5329 2517 5380 1,
2548 5321 2594 5368 3.
