4196 6294
665 543 781 606 346

1171 732 1456 790 Articulus
1487 730 1699 787 tertius,

734 862 940 938 Liquet
981 860 1181 935 itaque
1222 856 1533 933 quomodo
1574 852 1837 927 gramitoe
1876 849 2211 910 dilectionis

665 962 827 1015 actus
856 955 1113 1028 gignitur
1141 957 1197 1012 et
1221 951 1481 1009 vestitur.
1512 949 1569 1006 Si
1589 948 1872 1007 volumus
1893 944 2040 1004 scire
2065 960 2211 1019 qua-

663 1052 796 1108 liter
825 1053 881 1107 et
907 1048 1193 1119 nutritur,
1221 1043 1664 1103 consideremus
1692 1041 1862 1115 quod
1896 1039 2162 1114 sequitur
2192 1058 2208 1097 :

665 1147 1089 1217 ,iustificationes
1118 1147 1257 1199 tuas.
1299 1144 1442 1198 Ecce
1479 1154 1588 1214 per
1614 1138 1905 1212 optimam
1941 1134 2213 1193 nutritio-

666 1256 804 1297 nem
832 1238 911 1297 ad
937 1236 1317 1295 nutriendam
1352 1233 1732 1292 dilectionem
1756 1234 1997 1306 propter
2024 1228 2209 1304 tripli-

472 1351 637 1394 susue-
667 1350 797 1391 cem
849 1331 1189 1390 rationem:
1244 1329 1389 1404 quia
1436 1326 1772 1401 justificatio
1820 1323 2211 1395 mundificat,

425 1414 554 1457 catio.

662 1426 953 1496 vivificat,
996 1423 1326 1483 salvificat:
1366 1438 1623 1496 quorum
1661 1420 1925 1494 primum
1959 1417 2214 1492 pertinet

664 1521 745 1578 ad
793 1518 1156 1593 imaginem3
1210 1516 1540 1575 secundum
1593 1514 1673 1572 ad
1724 1512 2170 1587 similitudinem
2189 1532 2208 1586 ;

663 1616 898 1675 tertium
938 1615 1018 1674 ad
1056 1612 1506 1673 beatitudinem.
1555 1614 1634 1669 De
1676 1611 1873 1687 primo
1903 1612 1965 1668 ¹:
2019 1630 2049 1665 ιι
2088 1588 2213 1670 F’iat

664 1726 767 1768 cor
815 1725 1019 1767 meum
1076 1707 1527 1765 immaculatum
1580 1706 1644 1763 in
1693 1704 2211 1779 ¹iustificationibus

663 1804 776 1861 tuis
803 1823 817 1860 ι
850 1824 879 1857 ι»
917 1819 1051 1860 ecce
1072 1801 1407 1875 justificatio
1435 1799 1854 1870 mundificans,
1886 1799 2210 1871 imaginem

664 1896 1020 1971 reparando,
1083 1899 1162 1953 De
1199 1895 1464 1953 secundo
1491 1896 1521 1966 ,¹
1565 1913 1580 1951 t
1636 1913 1667 1948 a
1711 1897 1841 1952 Non
1889 1892 2210 1951 obliviscar

660 1990 1107 2062 justificationes
1125 1995 1277 2060 tuas,
1298 1990 1439 2064 quia
1457 1989 1518 2046 in
1537 1988 1680 2063 ipsis
1690 1987 1999 2047 vivificasti
2017 2003 2113 2044 me
2136 2004 2150 2042 ε
2175 2005 2204 2040 ιι

664 2102 800 2144 ecce
831 2084 1167 2159 justificatio
1195 2084 1534 2155 vivificanS,
1566 2081 2011 2141 similitudinem
2040 2096 2208 2138 com·

662 2180 957 2255 parando,
997 2183 1075 2237 De
1111 2179 1280 2238 tertio
1309 2181 1332 2215 ³
1363 2198 1379 2237 ε
1434 2198 1464 2234 α
1502 2177 1742 2239 Salvum
1768 2194 1865 2235 me
1904 2177 2027 2247 fac,
2055 2191 2208 2250 quo-

663 2273 826 2331 niam
874 2272 1319 2346 justificationes
1335 2316 1355 2345 ,
1386 2294 1416 2325 »
1478 2275 1630 2330 etc,:
1684 2286 1817 2329 ecce
1867 2269 2207 2343 J‘ustiflcatio

664 2366 1001 2424 salvificans
1022 2367 1100 2425 ad
1129 2366 1558 2425 beatitudinem
1586 2364 2000 2440 praeparando,
2031 2368 2206 2424 Caete·

664 2477 834 2528 rum,
864 2461 1007 2536 quia
1044 2477 1260 2535 parum
1298 2458 1534 2536 proficit
1579 2459 1894 2532 gratuitam
1936 2458 2208 2517 dilectio-

1709 522 2123 593 EXPOSITIO
2165 520 2247 588 IN
2294 521 2826 591 PSALTERIUM,

2876 788 3206 835 vtasmnms
3240 790 3300 830 V.

2391 945 2481 1001 21.
2507 944 2845 1017 Increpasti,
2874 948 2983 1003 etc,
3012 946 3077 1003 ln
3102 944 3458 1019 praecedenti
3486 946 3864 1021 quaternario

2319 1038 2632 1094 tractatum
2658 1042 2743 1097 est
2778 1038 2855 1097 de
2877 1039 3170 1111 iustorum
3204 1038 3438 1096 fervore
3467 1042 3755 1114 quantum
3782 1041 3864 1098 ad

2318 1130 2659 1189 interiorem
2703 1131 3022 1205 affectum3
3072 1133 3135 1189 in
3180 1133 3453 1206 praesenti
3484 1134 3863 1209 quaternario

2317 1231 2595 1286 tractatur
2617 1228 2692 1286 de
2720 1230 2925 1302 tepore
2950 1228 3249 1300 justorum
3278 1233 3568 1302 quantum
3597 1229 3676 1287 ad
3703 1234 3865 1289 exte·

2316 1322 2539 1381 riorem
2581 1321 2875 1379 effectum.
2923 1320 3033 1379 Iste
3075 1325 3245 1396 tepor
3287 1322 3585 1380 interdum
3626 1324 3862 1383 evenire

2319 1413 2685 1488 dignoscitur
2721 1429 2829 1489 per
2870 1414 3142 1473 effectum
3172 1419 3505 1490 aspectum,
3533 1421 3590 1477 et
3626 1417 3862 1491 despec-

2317 1512 2446 1568 tum
2472 1526 2488 1566 z
2521 1507 2781 1566 defectus
2810 1508 3206 1584 subsequitur.
3234 1513 3300 1570 ln
3324 1510 3442 1568 hoc
3463 1510 3658 1586 primo
3687 1529 3864 1572 versu

2317 1602 2636 1662 adhibetur
2661 1602 2999 1661 remedium
3037 1607 3245 1662 contra
3272 1609 3538 1679 teporem
3584 1608 3861 1668 extrinse-

2318 1712 2487 1767 cum,
2514 1696 2612 1755 vel
2640 1696 2935 1754 desectum
2973 1696 3342 1770 recogitandi
3383 1698 3533 1772 quid
3571 1703 3861 1775 postposi.

2315 1793 2480 1860 tum,
2507 1789 2657 1865 quid
2699 1790 3118 1865 praepositum,
3158 1792 3308 1866 quid
3353 1792 3672 1864 omissum,
3713 1795 3861 1869 quid

2317 1885 2668 1945 admissum,
2722 1887 3083 1961 Postpositus
3138 1892 3224 1945 est
3275 1887 3451 1945 timor
3495 1890 3807 1966 increpans
3835 1914 3855 1966 ;

2316 1979 2666 2055 praepositus
2694 1980 2767 2056 (α)
2817 1983 3011 2039 tumor
3051 1997 3338 2055 crepans3
3383 1984 3638 2042 omissus
3662 1985 3859 2044 fervor

2315 2073 2716 2147 maledicens3
2746 2073 3040 2133 admissus
3068 2079 3238 2149 tepor
3266 2076 3667 2138 malefaciens,

2806 2232 3097 2291 Articulus
3137 2238 3370 2308 primus,

2387 2358 2718 2429 increpasti3
2757 2371 2893 2416 ecce
2927 2357 3124 2432 prima
3171 2375 3292 2419 vox
3338 2364 3686 2436 ostendenS,
3710 2366 3856 2440 quid

2316 2452 2550 2527 tepidus
2589 2452 2786 2528 primo
2814 2454 3126 2529 recogitat.
3157 2457 3301 2531 quia
3336 2458 3648 2531 timorem,
3675 2478 3857 2535 quem

2316 2550 2761 2623 postposuerat,
2786 2566 2895 2624 per
2922 2566 3103 2624 quem
3133 2554 3285 2610 Deus
3323 2558 3632 2627 peccantes
3672 2556 3855 2614 incre-
3883 2573 4009 2615 neu·
4026 2572 4103 2615 tri-

2316 2644 2439 2715 pat,
2491 2642 2593 2701 Hic
2628 2657 2948 2717 possumus
2992 2649 3226 2717 notare,
3256 2647 3424 2721 quod
3471 2649 3622 2707 Deus
3658 2667 3765 2724 per
3792 2666 3856 2709 se
3896 2634 4090 2748 ἓξὲξ

2316 2734 2415 2793 vel
2435 2751 2576 2794 suos
2599 2735 2838 2795 videtur
2863 2743 3177 2812 peccantes
3199 2740 3500 2814 tripliciter
3526 2741 3853 2818 increpare,
3883 2758 4105 2802 insinere·

2315 2828 2591 2888 videlicet
2626 2834 2895 2905 potenter
2915 2875 2935 2904 ,
2963 2833 3285 2907 prudenter
3306 2877 3325 2906 ,
3353 2835 3669 2896 clementer
3699 2857 3715 2896 z
3744 2855 3856 2914 po·
3883 2821 3977 2872 Μ·

664 2571 802 2613 nem
832 2555 1003 2628 oriri,
1029 2555 1262 2625 vestiri,
1286 2555 1525 2628 nutriri,
1553 2553 1666 2612 nisi
1702 2552 1975 2629 proficiat
2009 2557 2205 2612 custo-

667 2650 816 2721 diri;
854 2652 1227 2726 pensandum
1256 2654 1371 2723 est,
1411 2648 1578 2724 quod
1622 2648 1763 2707 dicit
1815 2647 2106 2722 Propheta
2130 2647 2207 2706 de

664 2745 847 2818 ipsius
874 2744 1160 2804 custodia,

1150 2904 1439 2962 Articulus
1469 2905 1717 2976 quartus,

734 3034 800 3088 ln
828 3033 971 3088 omni
993 3034 1241 3103 tempore,
1273 3028 1426 3099 Quid
1453 3031 1616 3086 estin
1638 3029 1785 3084 omni
1810 3031 2065 3099 tempore,
2092 3026 2207 3085 nisi

663 3124 941 3184 continue
958 3126 988 3182 ⁶?
1010 3123 1383 3183 continuatio
1413 3137 1553 3196 ergo
1578 3121 1862 3198 temporis
1887 3120 2209 3198 requiritur

663 3221 742 3279 ad
787 3217 1119 3277 custodiam
1157 3217 1481 3276 dilectionis
1514 3236 1528 3273 ε
1572 3217 1740 3291 quod
1783 3218 2092 3291 proprium
2122 3221 2208 3276 est

661 3313 1107 3389 perseverantiae
1134 3311 1349 3369 finalis,
1380 3314 1447 3368 Et
1472 3313 1643 3382 nota,
1689 3310 1854 3385 quod
1880 3311 1992 3370 ista
2019 3311 2206 3370 conti-

661 3407 864 3465 nuatio
893 3406 1177 3481 temporis
1205 3405 1383 3462 debet
1411 3420 1536 3461 esse
1565 3404 1923 3462 trimembris
1954 3424 1968 3461 :
1999 3408 2206 3479 utputa

661 3501 953 3573 mentali5,
978 3498 1325 3574 corporaliS,
1353 3498 1608 3571 vocalis3
1638 3503 1704 3557 ut
1734 3499 1899 3556 omni
1936 3504 2206 3574 tempore

661 3596 736 3654 sit
759 3595 1013 3654 charitas
1039 3595 1103 3651 in
1143 3596 1338 3651 mente
1356 3636 1376 3665 ,
1405 3593 1636 3652 castitas
1661 3593 1723 3649 in
1750 3608 2035 3669 corpore,
2072 3592 2207 3651 laus

661 3689 724 3747 in
752 3706 877 3748 ore,
925 3692 1003 3746 De
1044 3687 1238 3763 primo
1267 3687 1336 3745 ⁸:
1394 3707 1423 3742 ιι
1472 3692 1620 3746 Ama
1662 3687 1978 3745 Dominum
2018 3690 2205 3746 Deum

660 3787 851 3856 tuum,
884 3786 939 3840 et
963 3798 1136 3841 serva
1162 3785 1460 3856 praecepta
1477 3782 1604 3854 eJ‘us
1631 3781 1796 3840 omni
1823 3785 2090 3855 tempore
2123 3798 2139 3837 ε
2170 3803 2198 3838 ιι

662 3895 795 3936 ecce
834 3877 1102 3936 custodia
1136 3877 1429 3935 mentalis,
1479 3881 1557 3935 De
1585 3877 1848 3935 secundo
1876 3877 1897 3911 ⁸
1928 3893 1943 3932 :
1979 3897 2007 3931 α
2035 3876 2204 3935 Omni

662 3976 927 4046 tempore
972 3971 1086 4030 sint
1127 3971 1474 4030 vestimenta
1513 3974 1618 4029 tua
1660 3970 1935 4029 candida.
1980 3991 2009 4025 ιι
2061 3973 2203 4040 Quae

662 4069 750 4124 est
770 4065 947 4123 vestis
975 4065 1254 4138 candida,
1283 4066 1395 4123 nisi
1428 4065 1797 4124 conversatio
1829 4069 1987 4124 casta
2004 4066 2034 4122 ἲ
2057 4068 2202 4124 Ecce

663 4159 931 4217 custodia
966 4159 1315 4233 corporalis,
1355 4164 1434 4219 De
1469 4160 1640 4220 tertio
1668 4158 1690 4192 ⁶
1730 4178 1746 4217 ε
1785 4177 1814 4213 ι
1855 4158 2027 4218 Omni
2053 4163 2202 4217 tem-

660 4269 805 4328 pore
834 4252 1085 4311 benedic
1112 4257 1295 4312 Deum
1323 4273 1337 4312 ε
1372 4274 1399 4308 ιι
1433 4269 1568 4311 ecce
1598 4252 1867 4313 custodia
1893 4251 2139 4310 vocalis,
2170 4272 2199 4306 ιι

1306 4417 1567 4482 Epilogus,

733 4537 879 4597 Dicit
917 4555 1063 4612 ergo
1088 4539 1376 4614 Propheta
1403 4538 1469 4597 in
1493 4538 1605 4598 viri
1627 4538 1772 4612 justi
1798 4551 2083 4613 persona,
2113 4537 2205 4596 in-

659 4650 850 4691 nuens
878 4633 1175 4692 fervorem
1213 4636 1483 4709 respectu
1528 4631 1794 4707 gratuitas
1822 4631 2154 4691 dilectionis
2184 4651 2200 4692 z

664 4729 981 4802 Concupivi!
1010 4730 1195 4786 anima
1220 4745 1371 4798 mea,
1400 4731 1690 4803 quantum
1730 4726 1811 4784 ad
1837 4726 2204 4785 voluntatem

660 4823 1021 4898 parientem3
1053 4824 1402 4890 Desiderare,
1433 4826 1727 4897 quantum
1748 4821 1825 4880 ad
1859 4821 2203 4879 charitatem

659 4917 1003 4974 vestientem
1037 4936 1055 4988 ;
1102 4919 1525 4989 ,iustificationes
1576 4923 1700 4974 tuas
1726 4959 1745 4989 ,
1791 4920 2082 4990 quantum
2123 4915 2204 4974 ad

655 5009 939 5080 justitiam
961 5011 1316 5069 nutrientem
1328 5031 1346 5083 ς
1366 5014 1434 5069 In
1457 5015 1603 5069 omni
1624 5019 1857 5084 tempore
1872 5053 1886 5078 ,
1912 5015 2203 5084 quantum

661 5102 740 5159 ad
764 5105 1262 5178 perseverantiam
1288 5106 1736 5164 custodientem.

727 5274 744 5307 ¹
774 5271 911 5325 Psal,
950 5273 1078 5339 hoe,
1120 5279 1200 5327 80.
1236 5303 1297 5315 -
1336 5278 1354 5308 ²
1387 5278 1537 5340 ibid„
1573 5280 1653 5329 93,
1691 5302 1753 5315 -
1789 5277 1813 5312 ³
1847 5275 1997 5341 thid„
2031 5278 2110 5327 94.
2139 5301 2204 5315 -·-

660 5342 678 5374 ⁴
704 5342 875 5406 Dent..
911 5356 995 5408 ιι,
1029 5350 1075 5398 ¹.
1106 5373 1170 5385 --
1199 5348 1223 5384 ⁸
1249 5349 1424 5411 Becli„
1452 5360 1523 5413 ιι,
1554 5352 1601 5400 8.
1629 5374 1692 5388 -
1718 5351 1738 5380 ⁶
1766 5346 1899 5411 Teo„
1930 5358 2003 5411 ιν,
2031 5349 2112 5397 20,
2139 5372 2204 5382 —

661 5414 683 5450 τ
712 5413 832 5479 m,
861 5425 898 5478 ι,
930 5419 1098 5465 10.-
1122 5419 1146 5455 ⁸
1174 5420 1323 5484 ibid„
1355 5424 1431 5473 ¹3.
1464 5445 1526 5460 -
1553 5422 1577 5456 ⁹
1605 5421 1751 5484 Gen„
1777 5430 1891 5483 ιιι,
1922 5421 1983 5470 25
2010 5422 2064 5469 et
2088 5430 2201 5480 seq.

662 5512 722 5523 -
748 5487 787 5525 ¹⁰
808 5487 942 5540 Psal.
971 5501 1092 5556 exn,
1120 5493 1169 5542 5.
1192 5519 1253 5530 —
1281 5493 1349 5558 (α)
1374 5492 1515 5544 Edit,
1557 5493 1673 5543 Ven.
1702 5490 2013 5556 propositus,

2315 2925 2502 2981 tenter
2547 2923 2814 2999 increpat
2852 2930 3163 2999 peccantes
3207 2944 3282 2985 ex
3321 2928 3654 3003 industria;
3707 2950 3856 3008 pru-

2316 3015 2524 3075 denter
2544 3060 2564 3089 ,
2607 3023 2920 3092 peccantes
2962 3036 3037 3078 ex
3082 3021 3462 3095 ignorantia3
3505 3024 3855 3101 clementer,

2314 3114 2624 3186 peccantes
2647 3128 2721 3170 ex
2749 3112 3110 3187 impotentia,
3152 3118 3231 3174 De
3257 3116 3454 3192 primo
3478 3118 3752 3180 scribitur
3777 3123 3856 3183 ab

2312 3205 2596 3279 Apostolo
2620 3205 2642 3240 ⁷
2672 3224 2692 3262 ε
2727 3227 2756 3260 α
2786 3209 2930 3267 Sunt
2954 3209 3122 3268 multi
3151 3210 3598 3287 inobedienteS,
3626 3219 3859 3278 vanilo-

2315 3298 2442 3372 qui,
2468 3298 2823 3359 seductores,
2854 3321 2884 3356 ιι
2918 3305 2983 3360 Et
3010 3301 3162 3361 infra
3186 3303 3208 3338 ⁸
3241 3321 3256 3360 ε
3293 3322 3325 3358 α
3355 3306 3531 3378 (Quos
3552 3311 3636 3380 tu)
3667 3311 3855 3370 incre·

2312 3407 2392 3466 pa
2420 3391 2607 3464 dure,
2647 3414 2676 3448 ιι
2721 3410 2793 3451 ac
2832 3395 2882 3451 si
2928 3395 3087 3453 dicat
3114 3416 3132 3453 ε
3161 3401 3430 3472 potenter
3470 3409 3853 3480 peccantem,

2313 3483 2568 3544 libenter
2605 3491 2665 3545 et
2705 3489 2952 3546 scienter
2970 3531 2990 3560 ,
3022 3489 3206 3548 debes
3231 3490 3536 3567 increpare
3564 3502 3853 3570 potenter,

2314 3579 2394 3636 De
2417 3579 2681 3640 secundo
2700 3581 2722 3618 ⁹
2750 3599 2766 3639 z
2805 3601 2834 3635 α
2853 3582 3151 3642 Abraham
3168 3584 3494 3661 increpavit
3517 3590 3856 3654 Abimelech

2312 3678 2558 3748 propter
2572 3678 2821 3748 puteum
2839 3693 3010 3751 aquae
3037 3695 3218 3753 quem
3236 3680 3295 3737 vi
3320 3681 3681 3745 abstulerant
3700 3691 3856 3748 servi

2314 3766 2495 3826 illius,
2538 3769 2981 3843 Responditque
3009 3772 3351 3831 Abimelech
3381 3793 3396 3831 ε
3428 3780 3650 3836 Nescivi
3670 3823 3690 3852 ,
3723 3784 3857 3857 quis

2312 3857 2513 3920 fecerit
2538 3862 2692 3920 hanc
2713 3880 2862 3935 rem,
2881 3865 2990 3921 sed
3011 3868 3069 3922 et
3096 3870 3157 3925 tu
3183 3883 3309 3925 non
3335 3869 3608 3930 indicasti
3633 3876 3801 3934 mihi,
3821 3899 3849 3934 ιι

2314 3957 2460 4014 Ecce
2506 3957 2816 4031 quomodo
2856 3974 3110 4032 peccans
3143 3961 3486 4035 ignoranter
3521 3967 3857 4044 increpatur

2312 4049 2640 4123 prudenter
2651 4069 2670 4123 3
2702 4051 2845 4126 quia
2885 4054 3100 4112 veritas
3144 4057 3412 4131 corrigit,
3442 4077 3622 4135 quem
3651 4067 3858 4124 severi-

2314 4146 2406 4201 tas
2429 4159 2555 4203 non
2582 4146 2945 4218 constringit,
2996 4149 3075 4205 De
3102 4150 3271 4208 tertio
3323 4153 3552 4213 canitur
3599 4155 3663 4214 in
3703 4160 3857 4217 Psal-

2312 4254 2414 4295 mo
2439 4240 2483 4275 ¹⁰
2514 4257 2577 4296 z«
2605 4240 2890 4314 Corripiet
2916 4259 3012 4301 me
3039 4245 3230 4315 justus
3257 4246 3320 4304 in
3341 4250 3768 4325 misericordia,
3800 4262 3856 4314 et

2311 4331 2641 4406 increpabit
2662 4350 2759 4391 me
2782 4353 2801 4405 ;
2828 4355 2856 4390 ιι
2891 4337 3063 4410 quasi
3107 4340 3265 4398 dicat
3291 4359 3306 4398 ε
3336 4345 3484 4412 Quia
3513 4350 3752 4421 peccavi
3781 4367 3853 4410 ex

2312 4424 2666 4485 infirmitatis
2707 4428 2973 4502 miseria,
3003 4436 3258 4506 compiet
3294 4453 3378 4493 me
3405 4437 3587 4509 justus
3615 4444 3676 4498 in
3702 4447 3856 4502 mise·

2311 4520 2588 4593 ricordia,
2619 4527 2671 4579 et
2698 4524 3000 4596 increpabit
3027 4542 3109 4583 me
3128 4571 3148 4595 ,
3170 4544 3244 4585 ex
3271 4534 3703 4607 compassione,
3732 4554 3855 4596 non

2314 4628 2390 4673 ex
2414 4613 2822 4687 indignatione
2855 4635 2871 4673 z
2904 4618 3048 4691 quia
3069 4636 3212 4678 vera
3234 4622 3455 4693 justitia
3488 4627 3670 4687 habet
3693 4647 3856 4689 com-

2311 4708 2689 4782 passionem3
2719 4708 2871 4769 falsa
2893 4716 3091 4770 autem
3116 4714 3602 4789 indignationem,

2775 4869 3065 4928 Articulus
3110 4877 3392 4935 secundus,

2386 4994 2668 5066 Superbos.
2724 4998 2867 5053 Ecce
2919 4998 3184 5057 secunda
3227 5017 3347 5059 vox
3398 5009 3559 5062 extra
3602 5013 3856 5080 reserat,

2314 5086 2484 5163 quod
2508 5086 2744 5161 tepidus
2785 5088 2941 5148 intra
2964 5106 3029 5150 se
3060 5094 3414 5156 considerat,
3445 5099 3621 5158 Plane
3647 5117 3854 5176 super-

2314 5184 2429 5244 bos
2472 5183 2840 5260 considerat,
2883 5186 3028 5260 quia
3070 5191 3376 5264 superbire
3422 5202 3718 5269 coeperat3
3746 5197 3856 5256 sed

2312 5278 2504 5337 fuerat
2540 5275 2905 5352 increpatus,
2935 5286 2994 5342 et
3027 5299 3268 5358 crepare
3309 5285 3600 5362 desierat3
3631 5294 3689 5348 et
3713 5291 3852 5349 ideo

2315 5372 2392 5431 de
2433 5370 2704 5447 superbis
2741 5388 2869 5432 non
2902 5376 3157 5447 superbe
3187 5377 3511 5453 deliberat,
3543 5384 3855 5456 quomodo

2316 5483 2420 5528 cor
2446 5483 2655 5526 eorum
2681 5470 2829 5527 Deus
2852 5470 3063 5531 timore
3091 5472 3384 5550 increpat,
3415 5480 3724 5552 quomodo
3753 5496 3858 5541 cor
