4196 6294
412 3759 517 3802 Tria
535 3772 625 3803 non

414 3825 519 3864 sunt
543 3822 623 3865 ab·

412 3887 627 3930 scondeu-

416 3956 489 3999 da.

657 504 776 566 344

654 633 926 693 videlicet
964 638 1207 710 propter
1246 631 1625 707 agitationem
1645 672 1663 702 ,
1695 626 2161 687 commotionem
2179 669 2199 698 ,

656 729 1069 788 contritionem
1088 772 1107 801 ,
1173 726 1635 787 confractionem
1676 740 1691 779 z
1753 722 1978 795 agitant
2039 720 2202 779 enim

655 824 1103 897 intelligentiam
1124 866 1141 895 ,
1195 822 1574 881 commovent
1616 815 2159 890 concupiscentiam
2178 855 2199 885 ,

655 921 964 976 conterunt
1013 916 1465 987 conscientiam,
1509 911 1887 983 confringunt
1922 908 2202 966 innocen-

655 1012 817 1070 tiam.
862 1014 939 1068 De
977 1012 1172 1085 primo
1214 1014 1271 1067 ¹:
1307 1029 1337 1064 α
1372 1006 1699 1081 Agitatione
1726 1002 2042 1077 agitabitur
2091 1007 2202 1059 ter-

655 1124 744 1178 ra,
788 1127 816 1161 n
852 1107 1022 1181 quasi
1049 1104 1242 1163 dicat:
1273 1102 1600 1176 Agitatione
1627 1104 1873 1157 terrenae
1899 1095 2201 1171 sapientiai

655 1218 763 1276 per
792 1200 1025 1257 diversa
1050 1197 1245 1256 studia
1272 1194 1592 1269 agitabitur
1613 1197 1842 1251 terrena
1868 1190 2198 1263 intelligen-

657 1299 755 1356 tia.
803 1296 956 1367 Quid
999 1294 1159 1353 enim
1172 1337 1193 1366 ,
1233 1292 1348 1350 nisi
1401 1296 1632 1349 terrena
1695 1288 1988 1362 cogitant,
2044 1301 2201 1361 quos

654 1394 849 1452 studia
865 1397 1097 1451 terrena
1120 1392 1385 1465 agitant?
1407 1392 1485 1446 De
1504 1386 1768 1446 secundo
1788 1388 1813 1422 ¹
1835 1404 1849 1443 ε
1878 1406 1907 1439 α
1926 1386 2201 1442 Commo-

653 1488 809 1546 tione
832 1486 1305 1545 commovebitur
1334 1489 1508 1554 terra,
1536 1502 1567 1536 n
1600 1479 1770 1556 quasi
1799 1479 1996 1536 dicat:
2027 1479 2200 1536 Gom·

653 1583 915 1641 motione
969 1588 1215 1639 terrenae
1275 1575 1672 1650 intelligentiae
1724 1570 2202 1632 commovebitur

652 1680 884 1734 terrena
912 1672 1407 1748 concupiscentia.
1430 1674 1578 1729 Nam
1604 1669 1709 1744 qui
1735 1671 1859 1726 tota
1887 1667 1983 1725 die
2012 1665 2202 1722 consi-

653 1771 864 1828 derant
881 1768 1194 1840 terrestria,
1211 1765 1357 1840 quid
1377 1764 1731 1835 desiderant,
1742 1762 1854 1818 nisi
1871 1760 2201 1819 terrestria?

656 1870 732 1922 ne
772 1864 945 1922 tertio
978 1864 1001 1899 ³
1038 1880 1055 1919 τ
1111 1880 1140 1915 «
1183 1858 1539 1919 contritione
1581 1860 1913 1915 conteretur
1945 1859 2136 1927 terra,
2166 1874 2195 1908 n

653 1958 824 2032 quasi
852 1957 1039 2027 dicat3
1067 1954 1415 2013 contritione
1442 1959 1686 2011 terrenae
1712 1947 2202 2024 concupiscentiae

655 2055 987 2110 conteretur
1015 2055 1246 2107 terrena
1274 2047 1630 2105 conscientia
1658 2065 1673 2103 z
1704 2062 1844 2104 cum
1870 2044 2031 2103 enim
2048 2060 2198 2119 pau-

652 2148 819 2205 latim
839 2144 1178 2202 dissolvitur
1204 2141 1684 2217 concupiscentiae
1699 2140 1985 2215 pronitaS,
2008 2138 2200 2214 pede-

651 2240 857 2300 tentim
880 2239 1194 2297 resolvitur
1220 2235 1589 2295 conscientiae
1616 2236 1873 2294 bonitas».
1912 2238 1990 2292 De
2019 2248 2199 2308 quar·

650 2339 711 2392 to
747 2337 768 2372 ⁸
805 2353 819 2391 :
857 2353 885 2388 α
909 2332 1316 2391 confractione
1340 2331 1741 2403 confringetur
1767 2333 1941 2401 terra,
1967 2349 1996 2382 π
2026 2327 2200 2403 quasi

653 2428 810 2487 dicat
856 2448 871 2484 :
911 2426 1318 2485 confractione
1355 2429 1594 2483 terrenae
1642 2422 2012 2482 conscientiae
2054 2437 2199 2479 con-

649 2522 937 2595 fringetur
959 2520 1322 2579 terrestrium
1348 2518 1687 2576 innocentia
1715 2536 1731 2574 ε
1761 2517 2009 2575 faciliter
2037 2515 2200 2574 enim

651 2615 1040 2688 confringitur
1063 2613 1430 2683 innocentia,
1473 2629 1605 2686 quae
1632 2627 1756 2669 non
1784 2610 2201 2682 constringitur

651 2726 689 2766 a
708 2708 1062 2768 conscientia
1083 2726 1097 2765 :
1120 2706 1478 2767 conscientia
1500 2722 1666 2777 vere,
1685 2722 1819 2779 quoe
1835 2720 1961 2762 non
1979 2704 2198 2776 stricta,

652 2803 754 2860 sed
782 2802 1043 2863 resoluta
1070 2808 1174 2875 est,
1206 2800 1515 2876 quomodo
1544 2798 1943 2872 constringere
1968 2799 2200 2872 potest?

1156 2964 1438 3019 Articulus
1468 2964 1682 3018 tertius.

724 3093 1017 3162 Quantum
1046 3089 1123 3149 ad
1151 3089 1414 3161 tertium,
1444 3087 1610 3147 addit
1642 3106 1656 3145 :
1686 3089 1811 3146 Non
1847 3085 2137 3143 abscondas
2165 3102 2202 3141 a

651 3204 751 3243 me.
795 3190 903 3244 Per
931 3185 1048 3243 hoc
1086 3185 1317 3242 intimat
1354 3182 1631 3241 desiderii
1667 3181 2112 3251 aestuationem,
2143 3183 2202 3237 et

651 3280 837 3354 ipsius
857 3279 1301 3337 virtuositatem.
1330 3277 1473 3336 Petit
1491 3277 1650 3335 enim
1669 3275 2006 3345 affectuose,
2031 3273 2199 3348 quod

652 3374 875 3448 appetit
898 3373 1158 3432 virtuose
1189 3390 1204 3429 :
1242 3371 1354 3429 nisi
1384 3370 1546 3428 enim
1573 3372 1873 3445 appeteret
1898 3369 2200 3442 amplecti,

652 3483 776 3526 non
814 3470 1040 3541 peteret
1071 3451 1196 3523 non
1240 3464 1550 3523 abscondi.
1593 3466 1707 3521 Nec
1751 3463 1969 3520 insulse
2008 3462 2196 3520 dicit:

653 3565 777 3621 Non
804 3562 1096 3619 abscondas
1132 3577 1168 3616 a
1191 3576 1273 3617 me
1306 3577 1321 3616 ε
1354 3574 1423 3617 ac
1460 3558 1509 3615 si
1538 3557 1758 3615 diceret
1784 3561 1984 3631 aperte
2025 3574 2040 3613 ε
2070 3560 2202 3614 Non

654 3655 987 3716 abscondas
1016 3659 1116 3713 tua
1151 3671 1188 3712 a
1214 3670 1340 3726 me,
1377 3653 1479 3728 qui
1507 3668 1631 3709 non
1660 3651 1967 3710 abscondo
2000 3667 2136 3709 mea
2164 3667 2201 3708 a

654 3757 729 3810 te.
776 3753 843 3807 Et
882 3753 1046 3822 nota,
1089 3749 1257 3824 quod
1302 3748 1413 3806 tria
1458 3747 1698 3823 praecise
1741 3745 2030 3804 debemus
2075 3761 2201 3803 non

654 3846 1052 3916 abscondere,
1094 3860 1231 3901 cum
1260 3844 1667 3917 opportunitas
1706 3841 1770 3899 id
1804 3840 2040 3899 videtur
2078 3839 2201 3898 exi-

654 3956 791 4014 gere
824 3958 838 3996 :
870 3943 937 3997 ut
969 3941 1112 4013 puta
1140 3937 1423 4010 justitiam
1451 3936 1814 4007 immissam,
1856 3934 2202 4009 injustitiam

652 4033 1004 4109 permissam
1023 4075 1043 4102 ,
1095 4032 1413 4107 pecuniam
1483 4031 1884 4089 commissam.
1940 4029 2204 4087 Primum

652 4126 957 4203 potissime
995 4141 1121 4184 non
1159 4125 1447 4184 debemus
1472 4124 1838 4183 abscondere
1874 4124 1938 4181 in
1980 4122 2202 4182 contri-

655 4224 853 4294 tione3
900 4220 1227 4278 secundum
1281 4221 1344 4277 in
1392 4218 1798 4290 confessione3
1855 4218 2089 4277 tertium
2138 4218 2203 4275 in

654 4314 1072 4377 satisfactione.
1108 4317 1187 4372 De
1231 4313 1427 4388 primo
1473 4316 1494 4349 ⁵
1543 4331 1558 4370 ε
1618 4334 1648 4369 α
1695 4313 1986 4372 Justitiam
2037 4317 2203 4371 tuam

655 4428 780 4471 non
818 4409 1108 4469 abscondi
1148 4410 1213 4466 in
1252 4409 1430 4467 corde
1470 4423 1647 4480 meo,
1686 4427 1715 4462 u
1760 4405 1982 4464 scilicet
2022 4407 2202 4481 plane

658 4506 907 4566 contrito
938 4509 995 4561 et
1020 4502 1330 4562 humiliato
1350 4545 1369 4574 ,
1400 4502 1571 4576 quasi
1608 4501 1830 4559 diceret
1857 4519 1872 4558 :
1907 4503 2036 4559 Non
2064 4500 2202 4559 abs-

658 4601 835 4660 condi
859 4599 1093 4673 justitiae
1114 4603 1229 4657 tuae
1258 4601 1581 4674 aspectum,
1609 4614 1719 4672 per
1743 4614 1926 4671 quam
1954 4598 2205 4656 contrivi

657 4696 949 4770 injustitiae
984 4710 1132 4752 meae
1160 4694 1453 4752 affectum.
1485 4692 1744 4762 Qualiter
1779 4692 1938 4749 enim
1963 4708 2205 4766 possem

659 4794 959 4849 conterere
985 4788 1250 4848 radicem
1278 4787 1572 4859 injustitiae
1599 4787 1662 4843 in
1688 4787 2035 4845 mortariolo
2064 4804 2205 4845 con-

658 4885 932 4954 scientiae,
952 4885 1065 4942 nisi
1089 4889 1203 4941 tuae
1224 4882 1443 4958 pistillo
1463 4882 1736 4955 justitiae?
1757 4885 1835 4939 De
1857 4882 2120 4940 secundo
2139 4885 2162 4919 ⁶
2185 4903 2199 4938 ε

666 4998 695 5030 κ
738 4977 1024 5036 Delictum
1057 4994 1261 5035 meum
1302 4977 1607 5050 cognitum
1641 4976 1750 5034 tibi
1788 4976 1941 5049 feci,
1989 4996 2019 5031 ι
2058 4979 2204 5047 etc.,

660 5072 833 5145 quasi
863 5071 1118 5129 diceret:
1158 5075 1372 5130 Notum
1397 5069 1509 5128 feci
1538 5070 1818 5129 delictum
1844 5070 2206 5140 omissionis,

659 5180 772 5224 nec
815 5164 1105 5224 abscondi
1149 5164 1494 5237 injustitiam
1530 5164 1983 5237 commissionis,
2026 5180 2100 5222 ne
2141 5167 2206 5224 tu

661 5257 996 5316 abscondas
1050 5258 1301 5332 gratiam
1350 5258 1713 5317 remissionis
1770 5277 1785 5315 ε
1846 5273 1973 5318 non
2028 5257 2207 5319 debet

729 5385 743 5416 ¹
774 5385 891 5446 Im„
921 5396 1065 5449 an,
1094 5388 1174 5436 2⁰.
1203 5411 1265 5423 -
1296 5385 1315 5416 ²
1340 5385 1487 5449 ibid„
1524 5388 1598 5436 19.
1631 5409 1694 5424 -
1723 5385 1747 5420 ⁸
1776 5384 1904 5436 ibid.
1931 5407 1995 5424 --
2020 5385 2044 5421 ⁸
2073 5383 2207 5434 ibid.

660 5482 724 5497 -—
758 5454 782 5490 ⁸
812 5454 949 5508 Psat.
979 5467 1163 5521 xxxix,
1198 5463 1273 5509 Η.
1313 5482 1367 5495 -
1400 5459 1420 5490 ⁸
1449 5457 1582 5509 Psal.
1622 5469 1768 5522 xxxi,
1809 5461 1854 5508 5.
1885 5481 1949 5497 -
1972 5458 1996 5493 Ἰ
2026 5456 2206 5518 Eccli„

1694 488 2110 557 EXPOSITIO
2151 489 2234 555 IN
2276 487 2803 557 PSALTERIUM.

2309 641 2454 699 ergo
2481 625 2849 687 abscondere
2867 634 3144 704 peccator
3159 630 3484 705 miseriam,
3505 647 3583 692 ne
3604 633 3854 694 abscon-

2308 719 2411 779 dat
2435 720 2704 780 Salvator
2727 722 3217 784 misericordiam.
3237 727 3315 785 De
3341 726 3511 785 tertio
3527 728 3551 764 ⁷
3570 746 3589 782 ε
3615 746 3644 782 α
3665 729 3851 787 Perde

2307 814 2624 889 pecuniam
2661 820 2904 891 propter
2939 818 3179 877 fratrem
3206 824 3265 877 et
3296 819 3590 891 amicum,
3630 824 3691 879 et
3728 836 3854 881 non

2308 908 2642 967 abscondas
2669 910 2834 968 illam
2862 912 2974 970 sub
3011 912 3213 987 lapide
3253 913 3317 971 in
3355 913 3787 987 perditionem,
3819 937 3848 971 n

2308 1000 2479 1075 quasi
2506 1001 2663 1061 dicat
2693 1023 2708 1060 :
2752 1006 2921 1063 Perde
2955 1007 3347 1080 temporalem
3371 1008 3852 1081 retributionem,

2306 1111 2431 1154 non
2446 1098 2841 1170 praestolando
2859 1105 3171 1173 pecuniam,
3197 1107 3441 1177 peccata
3458 1104 3853 1178 eleemosynis

2306 1190 2693 1263 redimend03
2732 1199 2951 1267 propter
2990 1196 3223 1264 fratrem
3250 1203 3302 1254 et
3348 1200 3603 1269 anticum,
3639 1198 3705 1255 id
3742 1203 3856 1270 est,

2305 1288 2548 1359 propter
2584 1285 2956 1347 fraternitatis
3008 1306 3277 1349 amorem
3315 1292 3565 1365 pauperi
3606 1309 3848 1351 succur-

2304 1378 2494 1436 rendo
2509 1398 2528 1450 ;
2555 1387 2606 1437 et
2632 1398 2741 1439 non
2767 1384 3060 1442 abscondas
3092 1386 3250 1441 illam
3274 1387 3373 1442 sub
3401 1387 3588 1458 lapide
3604 1427 3624 1456 ,
3650 1386 3716 1443 id
3744 1392 3851 1456 est,

2305 1471 2546 1547 lapideo
2584 1475 2794 1547 corde,
2824 1492 2927 1535 cor
2961 1482 3131 1536 tuum
3170 1478 3342 1553 quasi
3378 1478 3646 1553 lapidem
3672 1479 3851 1538 indu-

2306 1567 2528 1640 rando;
2567 1572 2628 1625 in
2665 1572 3060 1645 perditionem,
3101 1571 3166 1629 id
3212 1575 3340 1643 est,
3381 1573 3568 1630 vitam
3612 1573 3852 1632 beatam

2306 1661 2637 1734 perdendo.
2668 1663 2829 1722 Felix
2855 1681 3031 1739 erg0,
3061 1666 3166 1740 qui
3191 1666 3387 1741 perdit
3410 1668 3756 1741 pecuniam,
3782 1672 3852 1727 ut

2307 1771 2444 1813 cum
2493 1773 2565 1816 ea
2606 1759 2817 1833 perdat
2859 1759 3180 1818 miseriam.
3229 1760 3458 1834 Infelix,
3507 1763 3612 1837 qui
3654 1763 3851 1838 perdit

2306 1850 2490 1909 vitam
2517 1853 2884 1926 aeternalem,
2912 1870 2988 1912 ne
3014 1856 3226 1929 perdat
3259 1856 3577 1931 pecuniam
3613 1862 3846 1933 tempo-

2306 1943 2512 2004 ralem.

2788 2022 3076 2079 Articulus
3116 2027 3364 2095 quartus.

2377 2138 2670 2206 Quantum
2699 2137 2778 2196 ad
2806 2143 3118 2213 quartum,
3163 2142 3510 2217 superaddit
3538 2162 3553 2200 z
3583 2144 3852 2202 Mandata

2308 2233 2434 2303 tua;
2464 2246 2573 2304 per
2596 2231 2712 2292 hoc
2745 2231 3056 2306 implicans
3083 2234 3357 2294 divinum
3399 2236 3750 2311 imperium,
3795 2244 3853 2297 et

2304 2324 2559 2383 fructum
2604 2327 2732 2399 ejus
2764 2327 3035 2385 nimium.
3076 2328 3351 2388 Mandata
3394 2331 3617 2405 quippe
3646 2331 3851 2391 divina
3880 2362 4102 2406 mmm,

2305 2422 2440 2476 sunt
2464 2418 2718 2477 nimium
2742 2420 3043 2481 fructuosa
3071 2440 3086 2480 ε
3130 2422 3292 2481 unde
3328 2439 3440 2498 pro
3468 2441 3578 2482 sua
3603 2424 3851 2500 praecel-
3878 2425 4049 2471 divin·-

2305 2511 2486 2570 lentia
2513 2513 2788 2573 dicuntur
2826 2516 2958 2587 via,
2984 2516 3235 2588 veritas»,
3271 2518 3394 2576 vita
3422 2536 3439 2575 ε
3470 2519 3604 2590 via,
3635 2520 3856 2578 scilicet

2305 2605 2366 2663 in
2394 2607 2648 2681 patriam
2695 2624 2807 2666 nos
2855 2609 3184 2683 reducens3
3219 2611 3466 2683 veritas,
3492 2614 3557 2672 in
3599 2614 3854 2688 patriam

2306 2713 2416 2758 nos
2444 2701 2820 2775 conducens;
2849 2703 2971 2761 vita
2987 2747 3003 2773 ,
3033 2704 3097 2762 in
3121 2706 3376 2780 patriam
3402 2723 3514 2766 nos
3540 2708 3851 2768 inducens.

2307 2795 2387 2851 De
2439 2794 2635 2869 primo
2685 2796 2707 2831 ⁸
2763 2815 2778 2852 ε
2833 2817 2862 2850 α
2913 2795 3080 2856 Viam
3134 2799 3560 2858 mandatorum
3613 2808 3851 2861 tuorum

2309 2888 2538 2945 cucurri
2568 2906 2584 2945 ε
2628 2910 2655 2943 u
2700 2905 2835 2948 ecce
2867 2890 3010 2964 quia
3042 2892 3326 2952 mandata
3362 2899 3498 2953 sunt
3533 2894 3653 2954 via.
3695 2898 3853 2955 Hanc

2306 2979 2466 3040 viam
2491 2981 2782 3040 currimus
2808 2982 3052 3043 internis
3077 2986 3356 3059 pedibuS,
3386 2991 3451 3045 ut
3470 2988 3550 3046 ad
3578 2990 3853 3063 patriam,

2308 3091 2344 3132 a
2360 3090 2480 3150 qua
2499 3074 2830 3134 decidimus
2848 3094 2955 3153 per
2975 3078 3464 3153 inobedientiam,
3480 3096 3856 3142 recurramus

2306 3186 2415 3244 per
2441 3171 2862 3230 obedientiam.
2893 3177 2970 3232 De
2998 3176 3263 3233 secundo
3285 3177 3308 3212 ⁹
3339 3194 3355 3233 ε
3392 3195 3422 3229 «
3447 3178 3658 3235 Omnia
3685 3194 3856 3236 man-

2309 3265 2449 3324 data
2483 3269 2586 3325 tua
2616 3270 2851 3326 veritas.
2895 3288 2924 3323 i»
2970 3271 3242 3328 Mandata
3281 3270 3559 3330 dicuntur
3602 3273 3855 3347 veritas,

2309 3363 2452 3436 quia
2468 3362 2724 3422 lucentia
2744 3365 2892 3424 sicut
2909 3365 3147 3437 veritas,
3166 3367 3309 3441 quia
3323 3369 3600 3429 ducentia
3616 3385 3721 3445 per
3733 3375 3855 3445 jus-

2308 3457 2446 3515 titioe
2471 3458 2727 3516 semitas,
2750 3461 2828 3516 De
2850 3461 3020 3518 tertio
3043 3459 3120 3518 ¹⁰:
3147 3482 3177 3515 ι
3191 3461 3319 3519 Scio
3342 3464 3487 3537 quia
3508 3464 3856 3524 mandatum

2310 3553 2437 3625 eJus
2461 3553 2583 3611 vita
2622 3557 2839 3613 aeterna
2867 3559 2984 3627 est,
3015 3577 3044 3611 n
3076 3556 3299 3614 scilicet
3326 3559 3637 3617 causaliter
3668 3578 3682 3617 :
3712 3577 3857 3620 nam

2310 3647 2659 3705 mandatum
2698 3653 2783 3707 est
2819 3664 2998 3707 causa
3031 3650 3163 3710 vitae
3203 3656 3466 3722 aeternae,
3507 3669 3617 3712 nec
3655 3655 3856 3714 solum

2308 3741 2629 3814 meritoria,
2660 3743 2768 3800 sed
2786 3746 2842 3800 et
2868 3743 3314 3816 introductoria,
3343 3746 3574 3805 dIcente
3602 3749 3855 3808 Domino

2308 3834 2373 3892 in
2419 3836 2636 3895 eodem
2671 3837 2860 3912 capite
2891 3838 2930 3874 ¹¹
2967 3856 2983 3895 ε
3025 3857 3053 3892 α
3078 3838 3133 3897 Si
3163 3840 3254 3897 vis
3285 3840 3365 3899 ad
3390 3841 3571 3900 vitam
3599 3841 3855 3917 ingredi,

2312 3947 2482 3992 serva
2509 3935 2812 3994 mandata.
2851 3954 2882 3990 ι»

2958 4092 3218 4159 Epilogus.

2384 4219 2528 4278 Dicit
2552 4219 2751 4294 itaque
2778 4221 3070 4295 Propheta
3098 4239 3114 4278 τ
3155 4225 3336 4281 Incola
3363 4239 3457 4293 eqo
3485 4239 3633 4295 sum,
3671 4238 3859 4297 quan·

2313 4316 2439 4371 tum
2461 4313 2542 4371 ad
2563 4312 2867 4372 fastidium
2895 4330 3245 4387 onerosum3
3275 4319 3342 4372 In
3370 4321 3536 4387 terra,
3566 4320 3859 4391 quantum

2314 4405 2395 4463 ad
2421 4406 2683 4464 studium
2719 4406 3148 4466 infructuosum
3158 4428 3178 4481 ;
3207 4411 3332 4468 Non
3360 4410 3652 4467 abscondas
3678 4427 3713 4465 a
3740 4426 3856 4479 mc,

2314 4504 2604 4572 quantum
2648 4501 2728 4558 ad
2779 4501 3140 4560 desiderium
3185 4503 3540 4574 virtuosum3
3593 4503 3859 4562 Mandata

2314 4601 2413 4651 tua
2430 4639 2446 4662 ,
2478 4600 2769 4669 quantum
2797 4594 2878 4653 ad
2905 4594 3222 4670 imperium
3246 4597 3632 4657 fructuosum.

2870 4818 3198 4863 vnnslcums
3233 4822 3288 4864 lv
3297 4847 3309 4863 .

2386 4982 2479 5034 20.
2494 4978 2814 5049 concupivit
2836 4978 3024 5032 anima
3041 4992 3178 5047 mea,
3202 4981 3310 5035 etc.
3329 4977 3678 5036 Enucleatus
3696 4978 3864 5036 estin

2313 5070 2629 5147 praemissis
2672 5069 2869 5130 fervor
2907 5070 3233 5130 affectionis
3272 5076 3543 5146 respectu
3589 5089 3863 5148 supernae

2317 5163 2721 5223 delectationis
2729 5206 2750 5236 ,
2780 5170 3048 5240 respectu
3087 5166 3330 5225 internae
3378 5166 3862 5239 illuminationis,

2314 5262 2582 5332 respectu
2609 5258 2923 5319 meritoriae
2943 5260 3210 5335 actionis,
3233 5261 3382 5320 sicut
3404 5263 3566 5336 patet
3581 5261 3646 5320 in
3671 5260 3867 5321 tribus

2315 5397 2466 5450 1111,
2498 5388 2573 5439 ¹3.
2594 5412 2657 5424 —
2682 5387 2705 5423 ⁸
2730 5385 2871 5438 Psal.
2888 5387 3010 5446 boc,
3034 5391 3113 5438 32.
3133 5414 3196 5427 —
3224 5391 3242 5420 ⁹
3273 5388 3420 5453 thid„
3439 5391 3517 5440 86.
3541 5415 3602 5428 —
3635 5391 3676 5428 ¹⁰
3692 5389 3864 5454 loon„

2316 5468 2414 5522 ιη,
2449 5460 2526 5509 50.
2560 5483 2611 5496 -
2648 5459 2685 5492 ¹¹
2716 5459 2826 5510 imo
2855 5458 3058 5522 Mutila,
3087 5471 3203 5523 xxx,
3230 5461 3307 5512 Π.
