4196 6294
1271 462 1351 532 IN
1395 454 1967 530 HEXAEMERON.
2011 450 2275 529 SERMO
2314 457 2473 531 xlv.

288 609 563 676 cundum
623 605 1079 688 Augustinum·
1113 626 1128 667 ε
1195 625 1226 663 α
1273 601 1419 666 Ideo
1473 601 1546 664 fit
1609 598 1825 663 dilatio

286 734 551 801 sponsae,
582 717 654 780 ut
678 713 936 778 charior
960 711 1288 775 habeatur.
1321 732 1350 767 ι)
1386 707 1692 773 Similiter
1719 724 1833 796 sa·-

286 826 379 890 lus
405 824 724 906 promissa
753 825 853 886 est
893 821 964 884 in
1006 816 1403 900 patriarchiS,
1447 816 1729 896 figurata
1758 814 1826 877 in

288 933 444 1014 lege,
479 931 912 1016 praenuntiata
943 948 981 994 a
1016 926 1339 1011 prophetis
1356 974 1372 1005 ,
1423 923 1747 1007 persoluta
1788 942 1828 985 a

289 1038 740 1104 Christo.Unde
753 1036 1036 1119 oportuit
1061 1039 1135 1099 ut
1159 1035 1337 1117 prius
1356 1034 1538 1096 fieret
1558 1031 1826 1114 patriar-

289 1149 552 1211 charum
593 1147 782 1222 fixio,
829 1145 1056 1209 deinde
1102 1142 1410 1224 legalium
1455 1138 1788 1223 productio
1807 1186 1824 1215 ,

288 1256 471 1319 tertio
510 1255 970 1338 prophetarum
1000 1250 1357 1334 pullulatiO,
1392 1250 1618 1313 ultimo
1653 1248 1824 1310 fruc·

288 1368 384 1426 tus
413 1363 755 1444 Evangelii
783 1366 847 1426 et
874 1361 1092 1424 salutis
1124 1378 1238 1442 per
1277 1357 1597 1423 Christum
1626 1356 1830 1439 pleni-

292 1472 465 1537 tudo.
493 1472 861 1536 Secundum
892 1471 1012 1534 hoc
1038 1487 1200 1550 ergo
1233 1474 1407 1547 nota,
1439 1466 1608 1548 quod
1637 1466 1707 1528 in
1733 1484 1830 1529 or-

288 1586 583 1645 namento
602 1580 841 1644 summi
860 1579 1173 1662 pontificis
1190 1585 1208 1618 ¹
1249 1600 1281 1637 α
1301 1580 1616 1659 quatuor»
1650 1576 1830 1636 erant

294 1713 321 1747 «
349 1688 607 1751 ordines
634 1686 920 1769 lapidum
949 1707 963 1748 ε
998 1685 1070 1748 In
1099 1688 1296 1760 veste,
1318 1704 1348 1742 n
1374 1681 1586 1764 inquit
1603 1683 1645 1759 ¹,
1685 1698 1831 1762 «po-

288 1795 455 1859 deris
480 1798 654 1859 totus
686 1797 824 1857 erat
851 1792 1023 1856 orbis
1040 1796 1382 1868 terrarum;
1407 1792 1469 1853 et
1492 1791 1829 1870 parentum

292 1900 614 1983 magnalia
626 1900 693 1963 in
712 1904 986 1983 quatuor
1004 1898 1332 1963 ordinibus
1349 1895 1635 1977 lapidum
1652 1899 1833 1958 erant

292 2008 560 2090 sculpta,
588 2029 619 2067 n
656 2012 715 2071 et
751 2007 816 2069 in
868 2005 990 2068 illis
1029 2009 1180 2069 sunt
1208 2003 1677 2086 quadriformes
1723 2020 1827 2066 or-

289 2116 468 2179 dines
505 2115 989 2198 mysteriorum,
1037 2112 1276 2196 quibus
1322 2111 1622 2193 plantatae
1682 2114 1834 2173 sunt

110 2251 268 2305 uma.
291 2222 661 2308 Scripturas.
692 2221 772 2285 Et
794 2222 860 2283 in
878 2220 1090 2302 primo
1110 2220 1357 2295 ordine,
1386 2238 1500 2283 seu
1521 2222 1829 2299 tempore,

132 2314 234 2357 multa

138 2378 247 2420 aab·

111 2444 231 2484 ratur.

292 2330 409 2393 tria
420 2334 573 2393 sunt
588 2328 912 2411 mysteria,
936 2326 1171 2391 scilicet
1190 2325 1567 2389 conditionis
1590 2344 1828 2406 rerum,

292 2437 690 2519 purgationis
732 2435 1038 2499 scelerum
1064 2485 1080 2512 ,
1141 2434 1490 2499 vocationis
1551 2438 1829 2515 patrum.

294 2542 573 2609 conditio
601 2561 818 2607 rerum
850 2541 1189 2624 respondet
1213 2540 1567 2623 prudentiae
1597 2539 1830 2620 Patris3

297 2652 593 2733 purgatIO
619 2649 955 2728 scelerum,
980 2648 1304 2731 sapientiae
1323 2647 1486 2725 Filii,
1511 2667 1639 2729 qua
1660 2647 1833 2729 judi-

296 2765 410 2838 cat;
437 2758 689 2824 vocatio
710 2761 991 2841 patrum,
1018 2754 1284 2820 bonitati
1312 2754 1587 2837 Spiritus
1609 2755 1830 2819 sancti.

293 2865 591 2930 Similiter
618 2866 739 2929 sub
766 2866 914 2945 lege
940 2865 1063 2928 tria
1085 2868 1233 2928 sunt
1253 2864 1578 2947 mysteria,
1602 2863 1836 2927 scilicet

293 2974 673 3057 mysterium
712 2972 963 3036 lationis
989 2971 1216 3053 legum
1247 2972 1315 3035 in
1356 2976 1630 3053 quatuor
1656 2970 1835 3034 libris

291 3081 516 3166 Moysi,
557 3081 793 3145 scilicet
833 3081 1060 3161 tribuS,
1094 3080 1163 3142 in
1197 3079 1432 3163 quibus
1459 3076 1835 3141 describitur

290 3189 434 3254 latio
462 3190 667 3272 legis3
716 3193 777 3254 et
818 3189 886 3252 in
924 3194 1152 3272 quarto
1181 3192 1277 3252 est
1301 3186 1613 3269 reparatio
1639 3185 1827 3266 legis,

294 3298 553 3365 Genesis
582 3303 798 3362 autem
821 3298 1009 3361 datur
1036 3294 1305 3379 tempori
1336 3297 1605 3372 naturae,
1629 3294 1745 3357 ubi
1772 3297 1834 3358 et

292 3406 354 3470 in
383 3425 517 3489 quo
556 3411 711 3470 sunt
756 3423 994 3486 magna
1038 3402 1363 3487 mysteria,
1396 3402 1549 3484 quia
1582 3402 1829 3466 uberri-

289 3532 469 3578 mum
488 3514 570 3597 (a)
596 3519 691 3578 est
718 3513 1059 3595 mysteriis,
1080 3509 1454 3594 Mysterium
1481 3509 1832 3572 secundum

285 3626 377 3684 est
411 3620 860 3704 prostrationis
884 3619 1169 3681 hostium
1196 3618 1267 3680 in
1293 3620 1507 3683 Josue.
1540 3615 1830 3680 Tertium

287 3734 375 3793 est
402 3729 721 3811 promotio
738 3727 1056 3810 judicum,
1078 3726 1236 3789 utin
1260 3723 1422 3787 libro
1442 3724 1484 3788 J
1484 3721 1747 3788 tadicum
1769 3728 1832 3787 et

289 3836 476 3904 Ruth.
508 3836 804 3901 Primum
842 3835 1217 3918 mysterium
1264 3830 1602 3914 respondet
1631 3831 1824 3910 Patri,

287 3942 534 4008 ratione
576 3931 1004 4019 auctoritatis;
1053 3940 1403 4004 secundum
1446 3938 1630 4017 Filio,
1677 3939 1830 4020 quia

286 4054 378 4113 est
421 4051 679 4116 verbum
726 4048 748 4083 ³
791 4048 1114 4114 mundans
1151 4051 1216 4111 et
1269 4052 1293 4087 ⁴
1326 4062 1617 4129 purgans
1632 4065 1661 4124 ;
1712 4051 1829 4110 ter-

288 4158 448 4223 tium
496 4157 764 4241 Spiritui
807 4161 1024 4221 sancto
1045 4205 1067 4236 ,
1108 4156 1353 4220 ratione
1396 4155 1645 4235 gratiae.
1696 4153 1827 4219 Hoc
1866 4161 1869 4168 “

289 4271 537 4350 tempus
583 4266 812 4330 dicitur
850 4265 1039 4345 legis,
1070 4264 1223 4346 quia
1263 4261 1474 4326 adhuc
1500 4262 1826 4345 prophetae
1865 4261 1873 4270 '

287 4392 408 4438 non
437 4377 895 4458 apparuerunt.
939 4371 1216 4454 Tempus
1255 4368 1606 4452 prophetiae
1643 4388 1682 4432 a
1710 4367 1826 4433 Sa-

288 4483 493 4547 muele
539 4482 797 4565 incoepit
825 4528 844 4558 ‚
902 4479 1073 4562 quod
1122 4478 1317 4542 habet
1369 4476 1658 4541 similiter
1706 4477 1828 4540 tria

286 4589 589 4673 mysteria
615 4609 631 4652 ε
661 4589 942 4671 primum
966 4585 1355 4650 inunctionis
1376 4602 1633 4666 regum,
1663 4584 1825 4648 utin

284 4696 446 4763 libro
482 4699 749 4780 Requm,
779 4700 842 4759 et
880 4695 1413 4776 Paralipomenon
1423 4710 1450 4772 ;
1475 4691 1826 4755 secundum

286 4805 398 4870 tuit
414 4803 823 4871 revelationis
840 4803 1319 4887 prophetarum,
1339 4803 1414 4865 ut
1431 4799 1500 4862 in
1517 4799 1821 4878 Psalmis,

284 4917 343 4978 et
375 4912 715 4978 duodecim
754 4911 1086 4993 Prophetis
1112 4910 1502 4988 minoribuS,
1553 4912 1825 4991 quatuor

286 5022 658 5104 majoribus3
677 5020 935 5085 tertium
958 5017 1436 5083 restaurationis
1463 5016 1824 5099 principum

284 5135 345 5194 et
385 5128 814 5207 sacerdotum,
864 5131 927 5191 et
972 5126 1133 5191 illud
1174 5131 1269 5191 est
1320 5122 1567 5203 Esdrce,
1619 5124 1824 5191 Nehe-

345 5258 360 5287 ¹
388 5254 577 5318 Exod„
603 5265 787 5316 xxvia,
812 5256 889 5305 Π.
909 5279 973 5290 -
998 5253 1017 5282 ²
1036 5253 1177 5316 Sap„
1202 5262 1351 5313 xvnx,
1378 5252 1457 5301 24.
1491 5276 1545 5286 --
1575 5249 1597 5284 ⁸
1615 5249 1819 5314 Ephes„

289 5338 335 5390 v,
367 5331 448 5378 26.
483 5353 550 5365 —
579 5326 597 5356 ⁴
629 5324 867 5387 Malach„
901 5336 991 5387 111,
1037 5326 1085 5372 3.
1115 5349 1176 5362 -—
1206 5323 1228 5359 ⁸
1256 5321 1395 5372 Peal.
1433 5333 1625 5386 cxvm,
1660 5324 1736 5372 18.
1763 5350 1826 5361 —

288 5398 505 5462 ‘Greg.,
546 5395 752 5458 Mor-al„
788 5395 879 5446 lib.
917 5394 1003 5443 ΙΙΙ.
1042 5419 1103 5431 -
1138 5394 1155 5424 ²
1186 5393 1327 5458 Gen„
1369 5403 1417 5456 1,
1459 5397 1503 5442 1.
1531 5418 1595 5430 -
1631 5392 1650 5421 ⁸
1679 5393 1824 5455 Gen„

289 5480 359 5534 vi,
386 5476 468 5521 ιι.

602 5575 754 5623 ΤΟΙ.
798 5575 890 5621 lx.

3389 478 3467 539 97

1934 600 2076 664 mioe
2103 600 2177 683 (b)
2208 603 2272 664 et
2290 599 2813 667 Machaboeorum.
2847 601 2920 666 In
2941 608 3167 685 quarto
3185 613 3470 691 tempore

1934 710 2085 769 sunt
2119 708 2242 771 tria
2281 709 2586 790 mysteria
2618 727 2634 772 ε
2683 710 2990 791 primum,
3022 713 3470 798 redemptionis

1933 813 2292 895 hominum,
2313 817 2380 879 in
2399 818 2775 899 Evanqeli05
2792 820 3473 901 secundum,diffusio-

1933 921 2034 982 nis
2057 921 2533 1004 charismatum,
2561 925 2630 986 in
2649 925 2913 992 Actibus
2932 927 3395 1009 Apostolorum,
3413 936 3475 995 et

1935 1030 2245 1112 Epistolis
2277 1034 2499 1113 Pauli,
2528 1039 2591 1097 et
2623 1036 2982 1117 canonicis,
3010 1039 3119 1102 ubi
3139 1041 3475 1104 ostendun-

1938 1143 2043 1201 tur
2069 1144 2310 1222 septem
2340 1141 2507 1205 dona
2536 1141 2811 1225 Spiritus
2838 1146 3060 1224 sancti;
3093 1148 3355 1210 tertium
3382 1167 3476 1213 re-

1937 1246 2268 1309 serationis
2295 1246 2766 1331 Scripturarum
2794 1251 2862 1314 in
2890 1252 3302 1337 Apocalypsi,
3336 1261 3477 1339 post

1935 1354 2106 1435 quod
2136 1372 2265 1417 non
2295 1360 2499 1437 potest
2528 1376 2664 1421 esse
2684 1359 2878 1422 aliud.
2915 1359 2988 1423 In
3015 1360 3116 1423 his
3143 1362 3475 1426 duodecim

1932 1462 2260 1553 ¹mysteriis
2289 1467 2384 1526 est
2402 1466 2536 1526 tota
2559 1483 2738 1528 sacra
2756 1464 3101 1548 Scriptura.
3119 1469 3233 1534 Job
3261 1476 3477 1533 autem

1938 1571 2001 1630 et
2027 1568 2276 1648 Esther,
2320 1570 2568 1652 rebius,
2614 1571 2871 1652 Judith,
2904 1574 3291 1640 cohaerentes
3330 1581 3481 1640 sunt

1938 1677 2097 1755 aliis,
2147 1679 2302 1760 quia
2339 1678 2449 1744 Job
2489 1680 2767 1744 cohaeret
2806 1681 2965 1763 Legi
2998 1688 3076 1747 et·
3107 1683 3440 1766 Prophetis
3453 1704 3476 1766 3

1938 1784 2044 1846 alii
2072 1789 2200 1848 tres
2227 1784 2549 1850 cohaerent
2577 1786 2752 1851 libris
2771 1791 3268 1856 restaurationis
3302 1791 3480 1857 Unde

1939 1892 2098 1956 dixit
2130 1892 2580 1977 HieronymuS,
2612 1895 2782 1977 quod
2819 1897 3155 1979 aliquando
3181 1899 3339 1964 liber
3365 1902 3476 1967 Job

1940 2003 2133 2063 tantae
2170 2002 2560 2065 auctoritatis
2588 2003 2707 2067 fuit
2743 2006 2912 2087 apud
2958 2006 3233 2085 Judaeos,
3265 2013 3336 2071 ut
3365 2027 3478 2090 po-

1941 2112 2197 2170 neretur
2226 2109 2292 2170 in
2329 2128 2474 2173 arca
2502 2128 2650 2173 cum
2687 2112 2898 2192 virga.
2948 2112 3098 2177 Haec
3127 2119 3278 2179 sunt
3320 2116 3478 2180 duo-

1940 2213 2146 2278 decim
2175 2214 2357 2296 ligna
2383 2215 2759 2298 pullulantia
2785 2219 2852 2282 in
2881 2217 3197 2286 Paradiso.
3232 2216 3485 2304 In'quo-

1942 2320 2095 2384 libet
2124 2323 2392 2387 istorum
2434 2329 2585 2388 sunt
2620 2325 2954 2388 duodecim
2994 2326 3245 2392 lumina
3287 2331 3485 2393 trIum

1904 2464 1913 2471 ·
1942 2426 2510 2509 intelligentiarum
2550 2430 3043 2514 Scripturarum,
3077 2437 3307 2500 scilicet
3333 2436 3483 2501 alle-

1947 2536 2154 2615 goria,
2186 2539 2529 2619 anagogia,
2564 2544 2627 2602 et
2651 2540 3033 2621 tropologia,
3065 2547 3127 2605 et
3154 2543 3486 2607 duodecim

1883 2735 1895 2747 .
1944 2642 2284 2709 duodecies
2323 2651 2473 2709 sunt
2515 2649 2770 2710 centum
2801 2648 3244 2730 quadraginta,
3274 2655 3337 2715 et
3381 2671 3488 2715 re-

1945 2751 2137 2815 sultat
2163 2771 2472 2817 numerus
2513 2753 2939 2834 signatorum,
2973 2761 3036 2820 et
3060 2776 3371 2822 numerus
3398 2761 3485 2823 ci-

1944 2861 2184 2926 vitatis,
2209 2862 2388 2927 Unde
2407 2864 2637 2929 dicitur
2659 2865 2680 2900 ⁸
2704 2886 2719 2928 :
2742 2887 2772 2924 a
2794 2864 3031 2929 Revela
3051 2868 3268 2930 oculos
3288 2886 3485 2947 meOS,

1944 2972 2007 3032 et
2036 2971 2451 3035 considerabo
2495 2972 2809 3036 mirabilia
2852 2973 2929 3037 de
2973 2973 3123 3054 lege
3162 2979 3294 3038 tua.
3326 2998 3358 3034 ι)
3403 2976 3488 3040 De

1943 3075 2046 3139 his
2073 3077 2270 3160 lignis
2299 3078 2446 3143 volo
2473 3080 2808 3161 aedificare,
2831 3085 2893 3144 et
2919 3082 3172 3162 erigere
3199 3082 3489 3147 taberna-

1945 3184 2163 3249 culum
2191 3187 2260 3249 in
2283 3187 2493 3250 corde.
2526 3186 2600 3251 In
2629 3186 2924 3251 Paradiso
2950 3189 3071 3252 fuit
3100 3189 3358 3272 lignum
3388 3194 3487 3256 vi-

1944 3296 2048 3373 tae,
2083 3297 2148 3356 et
2173 3293 2427 3374 lignum
2455 3295 2730 3359 scientiae
2759 3295 2908 3359 boni
2947 3302 3010 3360 et
3041 3297 3210 3378 mali,
3243 3300 3392 3381 quia
3420 3301 3488 3364 in

1943 3399 2245 3465 omnibus
2276 3402 2594 3484 mysteriis
2628 3402 2980 3485 explicatur
3007 3404 3293 3470 Christus
3336 3426 3485 3472 cum

1944 3525 2207 3590 corpore
2248 3527 2397 3585 suo,
2445 3514 2507 3573 et
2558 3509 2984 3575 Antichristus
3033 3530 3181 3577 cum
3223 3532 3483 3597 corpore

1942 3631 2082 3692 suo,
2128 3619 2191 3678 et
2216 3614 2532 3681 DiaboluS.
2580 3617 2659 3682 Et
2698 3619 2820 3683 hoc
2855 3620 3044 3684 modo
3076 3620 3481 3703 Augustinus

1938 3720 2084 3785 fecit
2124 3721 2364 3786 librum
2406 3723 2484 3790 de
2530 3725 2804 3793 civitate
2833 3727 2984 3805 Dei,
3033 3728 3145 3793 ubi
3187 3730 3408 3814 incipit
3441 3752 3482 3797 a

1942 3829 2092 3893 Cain
2119 3835 2182 3894 et
2209 3831 2381 3896 Abel.
2415 3832 2487 3896 ln
2505 3834 2727 3916 primis
2745 3839 3019 3917 quatuor
3037 3837 3218 3902 libris
3245 3841 3382 3920 agit
3403 3841 3481 3905 de

3581 3881 3720 3924 Breve

1941 3934 2089 4015 Deo,
2126 3943 2187 4001 et
2214 3940 2510 4022 reprobat
2545 3942 2962 4024 idololatriam
2978 3968 2994 4024 ;
3021 3951 3084 4010 et
3111 3947 3180 4011 in
3205 3955 3481 4030 quatuor
3506 3955 3609 4048 maz
3664 3965 3685 3976 -

1938 4043 2118 4117 libris
2133 4047 2268 4127 agit
2291 4048 2368 4112 de
2395 4049 2574 4114 initio
2598 4050 2911 4133 Ecclesiae3
2934 4054 3003 4117 in
3019 4054 3160 4120 aliis
3181 4064 3476 4140 quatuor,
3507 4065 3717 4110 librorum

3554 4007 3705 4049 etum

3510 4131 3555 4171 S.
3603 4133 3719 4184 Aug.

1938 4153 2017 4217 de
2045 4171 2424 4235 progressu;
2453 4157 2525 4220 in
2547 4157 2791 4223 ultimis
2817 4166 3114 4244 quatuor,
3146 4165 3222 4229 de
3264 4166 3476 4234 Eccle-
3508 4189 3589 4262 ae·
3620 4190 3719 4236 civ.

1938 4262 2050 4326 siae
2073 4264 2641 4329 consummatione.
2666 4264 2898 4333 Omnes
2915 4271 3086 4335 enim
3105 4277 3305 4339 sancti
3318 4296 3481 4361 prae-

1937 4368 2363 4449 signaverunt
2390 4370 2710 4437 Christum
2736 4379 2868 4439 tam
2897 4378 3080 4460 facto,
3119 4401 3315 4465 quam
3342 4404 3480 4451 ver-

1938 4476 2044 4555 bo,
2074 4480 2149 4540 ut
2174 4476 2292 4541 Job
2320 4479 2511 4543 etiam
2546 4482 2756 4562 magis
2800 4483 2986 4566 facto,
3018 4506 3216 4569 quam
3254 4495 3474 4575 verbo,

1939 4589 2009 4648 ut
2026 4585 2178 4649 dicit
2200 4584 2548 4669 Gregorius
2566 4596 2610 4653 ⁶.
2633 4589 2927 4656 Dicamus
2941 4612 3100 4676 ergo
3116 4598 3192 4662 de
3208 4598 3473 4683 Christo,

1936 4695 2110 4776 quod
2137 4699 2232 4758 est
2254 4695 2510 4777 lignum
2538 4697 2688 4762 vitae
2717 4698 2786 4762 in
2812 4702 3019 4766 medio
3037 4703 3341 4788 Paradisi,
3362 4713 3476 4793 qui

1936 4801 2237 4883 signatur
2263 4803 2330 4866 in
2359 4808 2632 4886 quatuor
2649 4824 2794 4888 quae
2813 4812 2966 4871 sunt
2989 4809 3055 4873 in
3082 4813 3288 4893 primo
3309 4836 3477 4900 mys-

1936 4910 2094 4974 terio
2121 4911 2201 4974 ab
2231 4910 2338 4976 illo
2375 4912 2510 4976 loco
2529 4914 2552 4949 ⁷
2583 4935 2597 4976 ε
2632 4914 2714 4979 In
2735 4917 3063 4998 principio
3092 4925 3355 5005 creavit,
3371 4947 3477 4993 us-

1928 5037 2061 5099 que
2075 5018 2183 5080 *ibi
2214 5018 2236 5052 ⁸
2265 5041 2280 5081 ε
2319 5020 2629 5102 corrupta
2651 5027 2762 5088 est.
2804 5022 3110 5107 Signatur
3135 5030 3337 5111 igitur
3363 5058 3478 5121 per

1936 5122 2252 5192 luminare
2284 5132 2511 5212 majuS‚
2547 5149 2662 5212 per
2693 5130 2942 5213 lignum
2975 5136 3149 5218 vitae,
3179 5159 3295 5222 per
3319 5145 3475 5213 Adae

1938 5234 2359 5315 connubium,
2377 5238 2656 5301 maxime
2678 5257 2792 5322 per
2815 5240 2975 5306 Abel
2987 5246 3267 5313 occisum
3294 5256 3475 5336 :quia

1998 5396 2064 5459 (α)
2097 5395 2219 5448 Coet.
2255 5397 2376 5447 edit.
2406 5399 2716 5450 uberrimus,
2751 5427 2806 5438 --
2847 5403 2913 5466 (b)
2952 5406 3030 5456 Al.
3060 5408 3295 5475 Neemioe,
3325 5419 3376 5465 et
3404 5416 3476 5466 sic

1889 5510 1901 5520 .
1938 5467 2201 5532 deinceps.

3122 5579 3155 5635 7

3504 4250 3602 4297 Det.
