4196 6294
379 1704 502 1748 Servi
518 1705 590 1747 tsi-

379 1766 480 1821 pliei
501 1778 590 1809 ser·

410 1828 547 1871 vitute

378 1890 589 1933 dicuntur

614 430 734 493 aa

1662 417 2075 486 EXPOSITIO
2117 414 2198 481 IN
2240 416 2765 487 PSALTERIUM.

611 562 725 627 viri
749 577 875 629 non
898 564 1102 637 parcet
1127 561 1192 620 in
1219 560 1319 621 die
1345 556 1623 618 vindictae
1632 597 1652 628 ,
1678 571 1791 615 nec
1825 553 2158 629 acquiescet
2262 556 2567 630 apparebo
2594 560 2730 616 ante
2778 556 2990 616 faciem
3021 557 3160 615 Dei?
3190 578 3219 611 ι
3247 558 3374 616 lunc
3421 557 3797 630 interrogatio

615 658 970 731 cujusquam
995 655 1291 730 precibus,
1311 669 1422 712 nec
1442 649 1720 725 suscipiet
1743 666 1856 724 pro
1883 648 2155 723 redemp-

612 751 773 813 tione
800 750 964 813 dona
982 750 1270 824 plurima:
1300 769 1329 803 n
1360 749 1443 805 ita
1468 749 1660 820 potest
1686 743 1803 801 dici
1834 743 1908 801 de
1932 757 2154 817 sponso

612 844 913 915 Ecclesiae,
955 843 1206 902 zelatore
1238 841 1499 923 justitiae,
1536 839 1641 915 qui
1673 837 1826 896 nulli
1864 838 2052 912 parcit
2092 835 2156 893 in

611 937 892 995 vitiorum
923 937 1320 1011 correptione,
1356 950 1468 993 uec
1504 937 1590 991 est
1621 934 1895 1006 acceptor
1928 929 2155 1005 precis,

613 1031 705 1089 vel
729 1030 900 1106 pretii
914 1072 931 1098 ‚
958 1030 1057 1088 vel
1079 1044 1364 1105 personas.

1083 1188 1367 1244 Articulus
1396 1184 1677 1242 secundus.

686 1315 939 1374 Servitus
972 1312 1261 1389 protelata
1295 1309 1667 1369 subtenditur
1709 1309 1775 1367 in
1810 1308 1929 1365 hoc
1963 1323 2154 1366 mem·

613 1409 759 1467 bro:
789 1410 941 1467 Serui
966 1410 1068 1464 tui.
1097 1409 1342 1464 Servum
1369 1419 1431 1462 se
1455 1403 1618 1474 dicit,
1640 1401 1747 1460 sed
1770 1401 2000 1473 dolens,
2028 1404 2157 1458 tan-

616 1518 800 1577 quam
823 1501 1121 1574 subiectus
1143 1498 1390 1557 vanitati
1414 1513 1539 1554 non
1564 1488 1803 1569 volens,
1832 1499 1891 1553 et
1916 1511 1954 1553 a
1979 1494 2157 1553 servi-

615 1599 735 1655 tute
772 1594 1165 1671 corruptionis
1207 1592 1448 1651 liberari
1483 1590 1694 1649 volens
1705 1632 1724 1663 ,
1768 1605 1894 1648 non
1925 1588 2153 1647 valens.

615 1690 729 1749 Sed
759 1692 930 1761 nota,
960 1688 1128 1763 quod
1166 1686 1321 1745 servi
1362 1687 1555 1743 solent
1588 1683 1704 1741 dici
1743 1682 2018 1741 servitute
2052 1682 2155 1740 tri-

617 1783 777 1857 plici,
796 1781 1012 1840 scilicet
1027 1782 1301 1840 servitute
1319 1783 1568 1849 naturae,
1591 1777 1864 1836 servitute
1881 1775 2151 1848 fortunae,

616 1877 891 1935 servitute
926 1874 1295 1934 obedientiae.
1330 1873 1524 1931 Prima
1548 1872 1797 1930 servitus
1830 1873 1915 1928 est
1940 1869 2157 1944 princi·

617 1972 785 2046 pium
813 1969 1194 2041 demerendi3
1239 1966 1530 2038 secunda,
1569 1981 1680 2023 nec
1714 1963 2016 2035 merendi,
2043 1979 2155 2021 nec

619 2064 963 2123 demerendi
980 2084 999 2137 3
1041 2062 1231 2133 tertia,
1265 2066 1388 2119 tam
1414 2058 1711 2130 merendi,
1750 2074 1933 2132 quam
1960 2058 2156 2115 deme-

615 2158 805 2217 rendi.
831 2161 907 2215 De
931 2157 1115 2215 servis
1141 2159 1363 2213 naturae
1389 2156 1787 2227 competenter
1814 2151 2151 2225 exponitur,

616 2252 785 2327 quod
809 2250 1162 2326 proponitur
1194 2249 1251 2305 ¹:
1286 2270 1315 2301 «
1351 2246 1534 2306 Hodie
1569 2247 1941 2303 increverunt
1965 2243 2152 2312 servi,

614 2347 718 2421 qui
744 2345 978 2418 fugiunt
1003 2342 1280 2401 dominos
1302 2357 1472 2399 suos:
1499 2363 1527 2395 »
1555 2340 1725 2415 quasi
1755 2338 1937 2396 dicat:
1968 2337 2154 2395 Hodie

615 2441 989 2497 increverunt
1024 2435 1180 2494 servi
1212 2451 1323 2511 per
1355 2439 1580 2493 naturae
1613 2435 1901 2507 corruptae
1933 2447 2154 2506 propa-

615 2533 943 2608 gationem,
972 2531 1077 2606 qui
1101 2529 1335 2604 fugiunt
1357 2543 1467 2602 per
1493 2528 1621 2601 ejus
1657 2529 1881 2585 naturae
1905 2524 2155 2582 inclina·

614 2629 837 2687 tionem
877 2625 1155 2685 dominos
1190 2641 1330 2683 suos
1339 2666 1359 2696 ,
1400 2622 1621 2680 scilicet
1654 2620 1947 2696 appetitus
1977 2619 2152 2677 intel-

612 2722 896 2792 lectivos,
924 2725 983 2778 et
1016 2722 1344 2794 sequuntur
1371 2716 1696 2774 sensitivos.
1729 2717 1807 2771 De
1834 2712 2017 2771 servis
2038 2710 2156 2770 for-

612 2821 770 2875 tunae
798 2814 1163 2888 intelligitur,
1191 2811 1360 2887 quod
1395 2810 1608 2883 legitur
1632 2810 1692 2866 ²:
1730 2828 1760 2864 ι
1785 2806 2154 2881 Quicumque

614 2913 750 2969 sunt
769 2909 880 2967 sub
903 2909 1052 2981 jugo
1071 2906 1248 2978 servi,
1271 2903 1547 2963 dominos
1569 2918 1710 2961 suos
1739 2900 1902 2959 omni
1921 2900 2151 2958 honore

617 3005 832 3078 dignos
857 3002 1229 3061 arbitrentur.
1262 3019 1291 3053 n
1325 3002 1404 3056 De
1430 2998 1613 3056 servis
1643 2995 1998 3055 obedientiae
2029 2993 2155 3051 dic-

615 3103 743 3158 tum
777 3096 1158 3171 dignoscitur,
1197 3095 1367 3172 quod
1399 3093 1613 3153 dicitur
1646 3095 1702 3151 ³:
1745 3111 1775 3147 ι
1812 3091 1974 3151 Servi
2018 3091 2156 3151 ostis

615 3195 744 3267 ejus
772 3192 866 3250 cui
898 3191 1177 3263 obeditis,
1201 3191 1325 3248 sive
1353 3189 1576 3264 peccati
1605 3188 1687 3246 ad
1715 3190 2001 3256 mortem,
2028 3187 2154 3245 sive

617 3285 973 3346 obeditionis
998 3284 1079 3342 ad
1099 3283 1405 3357 justitiam.

1124 3444 1404 3502 Artemius
1434 3429 1643 3500 tertias.

685 3570 892 3634 Dilatio
936 3568 1254 3629 attenditur
1297 3568 1361 3625 in
1402 3568 1518 3625 boc
1560 3565 1833 3624 membro
1861 3563 2152 3633 tonando.

614 3670 744 3725 Hoec
770 3665 930 3724 enim
956 3661 1359 3735 interrogatio,
1407 3660 1670 3718 molestae
1714 3657 2156 3733 prorogationis

613 3768 702 3819 est
726 3757 1064 3818 insinuatio.
1094 3757 1162 3815 Et
1186 3757 1349 3827 nota,
1381 3754 1550 3828 quod
1583 3751 2021 3828 prorogationis
2050 3766 2157 3808 seu

614 3852 912 3916 dilationis
936 3851 1208 3911 molestia
1224 3848 1545 3909 attenditur
1572 3850 1863 3922 quantum
1891 3845 1973 3904 ad
1998 3845 2112 3903 tria
2136 3865 2154 3901 ε

614 3950 758 4024 quia
787 3948 1051 4007 differtur
1095 3947 1407 4022 praemium
1460 3942 1793 4018 corporale,
1844 3931 2156 4016 praemium

615 4043 827 4102 animae
854 4040 1255 4113 substantiale,
1301 4043 1359 4098 et
1409 4037 1721 4113 praemium
1765 4035 1950 4110 ipsius
2001 4034 2156 4092 acci-

618 4136 873 4196 dentale.
900 4136 1160 4194 Primum
1198 4137 1420 4209 spectat
1445 4133 1524 4191 ad
1569 4131 1834 4205 corporis
1865 4128 2150 4187 reforma-

617 4232 843 4290 tionem
850 4249 869 4304 3
898 4230 1247 4300 secundum,
1276 4229 1355 4287 ad
1399 4226 1684 4286 creatoris
1711 4222 2157 4297 contemplatio-

618 4342 793 4398 nem3
822 4325 1077 4394 tertium,
1118 4324 1198 4381 ad
1241 4322 1619 4381 inimicorum
1671 4318 2155 4386 vindicationem,

619 4424 675 4479 et
700 4420 1030 4480 amicorum
1056 4418 1527 4477 laetificationem.
1549 4417 1628 4472 De
1654 4413 1865 4488 primo
1876 4428 1985 4487 per
2013 4415 2155 4471 Pro-

617 4513 860 4587 phetam,
885 4512 1097 4572 dicitur
1122 4529 1198 4570 ex
1220 4526 1478 4586 persona
1523 4506 1861 4576 salvatoris,
1911 4506 2008 4563 vel
2053 4522 2156 4564 cu-

614 4607 857 4680 iuslibet
876 4607 1004 4679 ejus
1031 4606 1210 4678 testis,
1255 4604 1675 4663 restitutionem
1705 4601 1916 4660 animae
1953 4603 2157 4674 postu-

617 4703 789 4761 lantis
815 4704 837 4739 ⁸
867 4720 882 4760 ε
922 4722 951 4756 α
979 4702 1245 4773 Domine,
1279 4700 1523 4775 quando
1557 4697 1874 4772 respicies?
1917 4695 2156 4754 restitue

618 4798 881 4857 animam
906 4812 1103 4856 meam
1130 4811 1169 4854 a
1193 4794 1555 4867 malignitate
1587 4808 1795 4850 eorum
1824 4807 1839 4847 ε
1871 4811 1899 4844 ι
1922 4790 2046 4847 hoec
2064 4788 2156 4848 in-

618 4891 935 4964 terrogatio
987 4894 1152 4949 notat
1200 4888 1705 4964 prorogationem,
1759 4888 2049 4960 quantum
2074 4883 2157 4941 ad

620 4984 889 5059 corporis
904 4984 1409 5069 reformationem.
1440 4986 1518 5040 De
1545 4980 1808 5041 secundo
1854 4994 1962 5053 per
1998 4976 2157 5035 Psal-

621 5078 1018 5152 mographum
1065 5077 1293 5137 canitur
1332 5080 1355 5115 ⁸
1405 5095 1421 5137 ι
1455 5096 1486 5131 «ι
1512 5075 1762 5146 Quando
1804 5073 2046 5131 veniam
2101 5071 2160 5127 et

689 5204 707 5239 ¹
736 5206 753 5255 1
784 5205 919 5269 aeq„
947 5216 1068 5269 xxv,
1105 5209 1182 5257 1ο.
1210 5232 1273 5244 -
1299 5207 1321 5240 ²
1349 5209 1365 5257 1
1397 5206 1543 5264 Tim„
1578 5215 1651 5268 vr,
1681 5205 1727 5253 1.
1754 5228 1818 5239 -
1846 5201 1866 5232 ⁸
1896 5201 2056 5258 Rom„
2082 5209 2159 5261 v1,

626 5277 700 5326 16.
720 5302 784 5315 -·-
808 5276 832 5313 δ
856 5276 996 5330 psal.
1024 5288 1202 5343 xxxiv,
1233 5280 1309 5330 17.
1338 5303 1399 5317 -
1426 5277 1448 5313 ⁸
1468 5275 1611 5328 Psal-
1632 5285 1742 5337 xm,
1769 5275 1820 5326 3.
1839 5297 1901 5310 -
1930 5272 1951 5302 ⁶
1975 5270 2156 5329 Marc.»

2262 653 2428 707 notat
2487 652 2992 724 prorogationem,
3050 656 3338 726 quantum
3386 651 3465 708 ad
3515 652 3799 709 creatoris

2264 746 2836 821 contemplationem.
2896 750 2973 804 De
3022 747 3190 804 tertio
3244 744 3516 803 scribitur
3541 747 3564 781 ⁶
3593 762 3608 801 ς
3644 765 3673 798 ι
3701 745 3799 803 Dic

2261 838 2438 896 nobis
2465 840 2707 914 quando
2754 841 2881 898 haec
2934 840 3139 898 omnia
3191 839 3471 913 incipient
3524 855 3798 896 consum-

2262 933 2450 991 mari?
2479 948 2612 990 ecce
2637 933 2860 1006 duplex
2903 933 3310 1005 interrogatio,
3367 932 3665 1007 duplicem
3695 948 3798 989 no-

2262 1031 2392 1083 tans
2418 1026 2902 1101 prorogationem
2934 1044 2950 1084 :
2979 1026 3220 1098 scilicet,
3264 1030 3553 1100 quantum
3584 1026 3664 1084 ad
3690 1026 3800 1084 ini·

2260 1119 2554 1177 micorum
2578 1118 3058 1192 vindicationem,
3110 1126 3168 1178 et
3188 1121 3515 1179 amicorum
3543 1119 3798 1178 laetifica·

2262 1213 2505 1271 tionem.

2758 1341 3034 1396 Articulus
3052 1344 3297 1411 quartus.

2332 1474 2499 1532 Salus
2526 1473 2708 1531 dilata
2749 1473 3072 1531 intenditur
3119 1474 3180 1530 in
3205 1473 3322 1531 hoc
3349 1474 3622 1532 membro
3654 1478 3799 1532 :Fa-

2261 1572 2365 1626 cies
2392 1569 2458 1625 de
2482 1570 2914 1641 persequentibus
2946 1585 3027 1624 me
3045 1569 3337 1639 judicium.
3393 1568 3647 1637 Qualiter
3671 1585 3801 1643 per-

2261 1662 2678 1736 sequentibus?
2723 1661 3019 1735 numquid
3057 1661 3256 1718 solum
3309 1661 3644 1720 initialiter?
3671 1666 3800 1721 Non

2261 1756 2458 1812 solum
2483 1756 2798 1825 initialiter,
2827 1755 2933 1812 sed
2961 1759 3017 1811 et
3043 1754 3315 1813 finaliter.
3354 1757 3497 1813 Sunt
3537 1771 3798 1830 namque

2259 1850 2530 1925 plerique
2597 1849 2892 1906 initialiter
2944 1854 3376 1925 persequentes,
3439 1854 3496 1908 et
3546 1850 3800 1908 finaliter

2260 1944 2723 2018 subsequentes;
2756 1944 2905 2000 sicut
2931 1943 3145 2001 Paulus
3185 1944 3294 2001 fuit
3345 1943 3639 2003 initialiter
3678 1948 3800 2004 Ste-

2260 2037 2528 2113 phanum
2550 2052 2931 2111 persequenS,
2956 2036 3064 2093 sed
3101 2035 3356 2094 finaliter
3408 2038 3798 2113 subsequens..

2260 2133 2425 2190 Tales
2445 2147 2569 2189 non
2595 2135 2939 2205 reputantur
2965 2131 3306 2204 simpliciter
3342 2139 3796 2206 persequentes3

2260 2224 2367 2282 sed
2382 2225 2484 2299 qui
2503 2241 2736 2298 semper
2753 2224 3075 2296 actualiter,
3094 2224 3189 2281 vel
3207 2225 3586 2284 affectualiter
3604 2244 3799 2300 perse,-

2262 2323 2529 2392 quentes,
2546 2318 2693 2376 sicut
2714 2318 2785 2391 (a)
2807 2316 3059 2375 finaliter
3071 2317 3518 2393 impoenitentes.
3543 2324 3609 2377 Et
3632 2324 3798 2394 nota,

2261 2410 2429 2485 quod
2457 2410 2531 2467 de
2556 2410 2771 2469 talibus
2815 2412 3306 2485 persequentibus
3353 2413 3491 2470 facit
3519 2413 3799 2472 Dominus

2255 2503 2569 2577 judicium,
2598 2504 2741 2579 ipsis
2778 2504 3132 2577 viventibuS,
3174 2504 3582 2578 morientibuS,
3608 2523 3800 2566 resur-

2262 2597 2536 2670 gentibus
2568 2617 2582 2654 :
2613 2597 2902 2671 quoniam
2925 2603 3060 2655 ante
3085 2602 3335 2656 mortem
3352 2598 3488 2657 facit
3503 2600 3800 2672 judicium

2260 2691 2528 2749 auditum
2542 2710 2559 2763 ;
2607 2691 2671 2748 in
2724 2695 2913 2748 morte
2958 2691 3096 2749 facit
3127 2692 3420 2765 judicium
3464 2696 3794 2768 cognitum}

2259 2789 2395 2858 post
2437 2788 2692 2842 mortem
2735 2784 2873 2843 facit
2919 2785 3212 2858 judicium
3265 2788 3683 2862 conscriptum.
3719 2792 3795 2846 De

2259 2878 2455 2951 primo
2501 2878 2714 2935 dicitur
2766 2894 2802 2935 a
2847 2879 3313 2954 psalmographo
3344 2882 3366 2916 ’¹
3412 2899 3426 2936 :
3461 2900 3491 2935 α
3520 2885 3596 2939 De
3646 2882 3797 2941 coelo

2261 2971 2529 3029 auditum
2561 2971 2743 3028 fecisti
2763 2972 3056 3045 judicium
3086 2993 3102 3030 ;
3131 2992 3160 3027 »
3194 2989 3328 3031 ecce
3368 2974 3663 3046 iudicium
3698 2993 3798 3033 au·

2262 3064 2474 3136 ditum,
2502 3065 2609 3122 sed
2649 3081 2687 3123 a
2712 3064 2953 3122 terrenis
2979 3066 3272 3124 oblivioni
3305 3067 3584 3126 traditum
3615 3088 3629 3125 :
3658 3068 3796 3128 ideo

2261 3158 2534 3217 subditur
2563 3179 2579 3216 ε
2617 3179 2644 3213 α
2668 3162 2843 3217 Terra
2868 3160 3119 3232 tremuit,
3151 3162 3209 3217 et
3231 3160 3470 3235 quievit.
3500 3183 3527 3217 n
3583 3165 3661 3221 De
3714 3180 3798 3222 se-

2261 3253 2460 3311 cundo
2487 3253 2754 3327 psallitur
2791 3270 2828 3310 a
2869 3253 3164 3328 Propheta
3188 3255 3210 3289 ⁸
3241 3273 3255 3311 ε
3292 3274 3321 3310 α
3349 3257 3632 3329 Cognovi,
3654 3257 3798 3331 quia

2261 3346 2399 3406 fecit
2426 3349 2490 3421 (b)
2527 3347 2808 3406 Dominus
2827 3348 3121 3420 judicium
3148 3348 3365 3423 inopis,
3395 3354 3451 3407 et
3476 3351 3799 3411 vindictam

2260 3457 2591 3516 pauperum
2607 3461 2625 3514 3
2656 3463 2683 3494 υ
2717 3440 2797 3498 ita
2820 3446 3012 3515 potest
3061 3442 3254 3500 dicere
3292 3459 3624 3517 pauperum
3667 3462 3800 3520 per-

2261 3541 2492 3595 secutor
2520 3537 2581 3594 in
2608 3538 2798 3595 morte
2831 3555 2847 3593 ι
2878 3553 3012 3595 ecce
3032 3537 3330 3609 judicium
3367 3539 3690 3612 cognitum.
3719 3544 3796 3598 De

2261 3630 2432 3689 tertio
2459 3629 2733 3687 subditur
2759 3629 2822 3687 in
2877 3630 3089 3689 eadem
3139 3631 3446 3705 scriptura,
3500 3634 3798 3693 mentione

2263 3723 2417 3781 facta
2444 3724 2519 3781 de
2544 3723 2784 3797 regibus
2813 3728 2870 3782 et
2904 3725 3209 3783 nobilibus
3246 3742 3578 3800 pauperum
3603 3744 3797 3800 perse-

2265 3816 2567 3875 cutoribus
2593 3820 2615 3853 ⁹
2647 3837 2659 3872 :
2701 3839 2728 3869 «
2751 3821 2818 3874 Ut
2842 3817 3018 3876 faciat
3065 3818 3128 3876 in
3155 3818 3239 3876 eis
3286 3819 3580 3891 judicium
3624 3837 3797 3878 cons-

2265 3911 2538 3985 criptum,
2592 3915 2879 3984 tanquam
2938 3910 3431 3970 irretractabiliter
3484 3915 3798 3973 confirma-

2265 4010 2391 4061 tum
2422 4023 2435 4060 :
2466 4003 2628 4062 unde
2656 4003 2867 4064 dicitur
2903 4005 3320 4079 conscriptum,
3373 4010 3657 4083 tanquam
3680 4011 3796 4068 Deo

2263 4098 2574 4168 scribente,
2600 4100 2658 4155 et
2682 4097 2896 4156 sanctis
2933 4097 3455 4172 subscribentibuS,
3483 4103 3700 4176 pariter
3726 4103 3800 4160 sit

2262 4191 2686 4267 perscriptum:
2717 4207 2853 4250 ecce
2883 4191 3176 4263 judicium
3206 4196 3618 4270 conscriptum.

2904 4352 3160 4419 Epilogus.

2334 4498 2538 4571 Liquet
2580 4496 2777 4571 itaque
2831 4511 2949 4553 vox
2997 4497 3337 4572 Psalmistae,
3389 4504 3674 4575 tanquam
3708 4504 3798 4561 lo-

2265 4590 2498 4665 quentis
2517 4589 2651 4648 loco
2677 4605 2943 4663 personae
2963 4590 3156 4662 justae,
3196 4592 3302 4650 sed
3337 4593 3690 4667 longiturnis
3711 4597 3800 4656 la-

2263 4685 2512 4743 boribus
2536 4682 2788 4755 fatigatae
2818 4701 2833 4739 :
2864 4685 3005 4750 Quot
3031 4689 3158 4740 sunt
3185 4685 3323 4758 dies,
3365 4686 3426 4744 in
3456 4704 3577 4762 quo
3606 4693 3800 4762 prote·

2262 4777 2406 4835 latio
2435 4775 2690 4833 difficilis
2699 4793 2717 4846 3
2745 4775 2903 4832 Servi
2938 4778 3047 4847 tui,
3072 4777 3136 4834 in
3172 4794 3293 4851 quo
3345 4781 3593 4839 servitus
3647 4783 3802 4841 mili-

2265 4871 2467 4943 tantis;
2501 4870 2747 4940 Quando,
2764 4871 2828 4926 ln
2857 4885 2978 4943 quo
3008 4869 3212 4929 dilatio
3243 4871 3328 4930 rei
3359 4873 3764 4934 desiderabilis
3777 4898 3797 4950 ς

2264 4969 2447 5022 Facies
2474 4964 2540 5020 de
2560 4965 2995 5035 persequentibus
3017 4981 3099 5021 me
3138 4965 3426 5038 iudicium,
3471 4968 3534 5025 in
3561 4984 3682 5042 quo
3713 4986 3801 5029 sa-

2265 5061 2359 5120 lus
2383 5058 2625 5118 feliciter
2661 5057 3092 5132 triumphantis

2269 5199 2386 5248 xm,
2415 5188 2461 5235 4.
2490 5209 2550 5222 —
2580 5210 2644 5221 —
2676 5185 2693 5214 ⁷
2721 5182 2859 5233 Psal.
2889 5195 3044 5248 Lxxv,
3075 5189 3134 5248 9,
3167 5187 3241 5236 1ο.
3273 5212 3328 5222 -
3369 5187 3389 5216 ⁸
3417 5186 3555 5238 Pml.
3584 5202 3796 5257 cxxxix,

2271 5275 2412 5324 13.-
2434 5271 2454 5301 ⁹
2477 5266 2612 5319 Pral.
2642 5279 2816 5331 extu,
2841 5271 2888 5321 9.
2913 5269 2977 5334 (a)
3003 5270 3119 5335 [ις.
3138 5273 3338 5324 snut.—
3362 5269 3430 5334 (b)
3459 5272 3604 5340 Vulq.
3631 5276 3798 5330 iaciat.
