4196 6294
739 461 858 525 688

738 586 2125 695 Denune.nen‘nturoretuo,l’salm.37.1³¹urormul·

800 667 979 732 tiplex.

738 740 813 791 De
843 736 1107 803 multiplici
1137 736 1337 803 sagitta.
1368 736 1595 796 Quatuor
1621 748 1811 801 genera
1835 735 2124 791 bominum.

802 813 876 863 De
907 808 1103 875 peccati
1127 809 1332 860 toetore.

736 884 913 935 Dixi·
894 919 907 933 .
941 882 1229 935 Custodiam
1249 884 1357 932 vias
1382 895 1548 944 meas,
1580 881 1770 933 Psalm.
1797 884 1878 934 38.
1897 882 2127 935 Verbum

800 954 988 1006 mentis
1014 958 1065 1005 et
1089 954 1195 1004 oris
1225 954 1322 1018 (a).

738 1027 814 1078 De
834 1027 1017 1091 triplici
1043 1026 1261 1077 silentio.
1295 1027 1369 1077 De
1397 1026 1612 1077 diversis
1642 1026 1842 1077 numeri
1869 1026 2127 1092 significa-

799 1099 1043 1150 tionibus.
1065 1101 1140 1149 De
1158 1097 1439 1148 substantia
1453 1098 1618 1162 prima
1645 1102 1696 1148 et
1714 1098 1956 1149 secunda.
1980 1098 2127 1158 Quod

799 1169 899 1219 tria
928 1172 1036 1220 Deo
1054 1174 1398 1235 apponuntur,
1425 1169 1618 1220 scilicet
1638 1183 1819 1234 unum,
1841 1169 2057 1235 simplex
2077 1174 2130 1220 et

800 1240 1000 1291 stabile.

739 1311 1032 1377 Quotuplici
1052 1311 1209 1362 modo
1237 1311 1466 1363 Christus
1492 1312 1557 1363 sit
1583 1327 1737 1378 super
1762 1313 1936 1363 omnia
1957 1314 2042 1377 (a).

737 1383 1021 1447 Expectans
1060 1386 1318 1448 expectavi
1341 1384 1633 1447 Dominum,
1666 1384 1850 1436 Psalm.
1899 1387 1979 1436 39.
2025 1386 2126 1434 Ex-

798 1454 1020 1519 pectatio
1033 1455 1300 1519 multiplex
1330 1456 1416 1517 (a).
1432 1456 1507 1506 De
1528 1455 1931 1521 multipliciluto.
1954 1457 2123 1507 Caere-

798 1527 974 1578 monia
998 1527 1341 1578 cardinalium
1368 1527 1425 1577 in
1450 1528 1610 1579 festis.
1639 1529 1788 1588 Quod
1822 1529 1962 1579 Mare
2001 1528 2126 1578 dici-

798 1602 883 1649 tur
909 1598 1270 1663 multipliciter.

737 1669 886 1729 Quod
913 1671 1028 1721 duae
1053 1674 1172 1721 sunt
1196 1670 1563 1722 misericordiae
1589 1671 1803 1736 specieS.
1847 1671 1966 1723 Tria
2007 1684 2128 1723 con-

797 1743 1069 1794 sideranda
1091 1741 1291 1793 homini
1318 1743 1381 1793 de
1406 1743 1575 1808 seipso
1610 1747 1700 1810 (a).

735 1812 918 1864 Beatus
936 1815 1027 1879 qui
1052 1813 1308 1878 intelliqit,
1337 1815 1523 1865 Psalm.
1553 1818 1631 1867 40.
1663 1816 1933 1875 Quomodo
1955 1814 2126 1867 Chris-

796 1889 880 1936 tus
911 1885 1011 1936 dici
1049 1886 1211 1948 possit
1246 1899 1410 1950 unus,
1457 1887 1691 1950 geminus
1737 1891 1789 1937 et
1834 1888 2017 1937 trinus.
2051 1889 2126 1937 De

797 1956 1066 2021 multiplici
1090 1956 1412 2008 necessitate.
1455 1960 1622 2008 Homo
1658 1958 1874 2009 interior
1901 1961 1953 2009 et
1980 1960 2126 2009 exte-

796 2028 904 2080 rior
935 2029 1025 2091 (a).
1050 2029 1321 2079 Diversum
1351 2030 1493 2094 pacis
1519 2043 1702 2096 genus.

737 2099 812 2150 De
838 2099 1102 2165 multiplici
1138 2114 1288 2165 pane.

737 2172 1157 2233 Quemadmodum
1187 2172 1437 2223 desiderat
1451 2187 1637 2232 cervus,
1663 2173 1851 2224 Psalm.
1879 2174 1955 2224 41.
1978 2173 2127 2233 Quod

796 2244 969 2293 anima
982 2243 1047 2293 sit
1056 2243 1107 2293 in
1119 2244 1333 2295 cerebro
1344 2244 1627 2295 secundum
1636 2244 1892 2310 physicos,
1905 2244 1958 2293 in
1971 2244 2126 2295 corde

797 2314 1077 2366 secundum
1103 2316 1390 2380 theologos.
1420 2317 1496 2366 De
1531 2315 1798 2380 multiplici
1826 2313 2094 2367 effusione.

738 2387 937 2439 Diversi
956 2387 1158 2452 generis
1183 2388 1370 2452 gaudia
1395 2388 1486 2451 (a).
1508 2388 1658 2448 Quod
1687 2387 1985 2439 sensualitas
2007 2401 2125 2452 per-

794 2460 964 2510 turbat
988 2460 1230 2512 animam.
1262 2460 1337 2509 De
1354 2459 1619 2524 multiplici
1638 2458 1859 2525 abysso:

732 2530 909 2581 ludica
936 2546 1013 2581 me
1031 2571 1044 2594 ,
1073 2532 1231 2592 Deus,
1276 2532 1462 2582 Psalm.
1494 2534 1574 2581 42.
1614 2532 1688 2582 De
1717 2531 1979 2596 multiplici
2006 2531 2126 2582 tris·

795 2603 919 2654 titia.
950 2604 1025 2653 De
1052 2603 1320 2667 multiplici
1341 2603 1634 2655 emissione.

734 2675 886 2736 Deus,
909 2675 1116 2725 auribus
1141 2676 1325 2725 nostris
1349 2675 1635 2725 audivimus
1650 2711 1670 2735 ,
1704 2676 1890 2726 Psalm.
1920 2676 2002 2725 43.
2049 2676 2126 2725 De

796 2747 1060 2812 multiplici
1085 2746 1355 2798 vocatione
1400 2747 1511 2799 Dei.
1554 2749 1627 2797 De
1670 2746 1936 2811 multiplici
1967 2760 2125 2811 opere

797 2820 909 2870 Dei.
929 2822 1003 2870 De
1018 2819 1287 2884 multiplici
1303 2817 1618 2883 plantatione
1638 2820 1746 2869 Dei.
1768 2819 2031 2883 Multiplex
2049 2833 2125 2869 re-

797 2891 1044 2953 pulsionis
1073 2904 1233 2956 genus
1260 2891 1346 2955 (a).
1377 2893 1452 2942 Dc
1474 2891 1740 2955 multiplici
1757 2891 1974 2956 jejunio.
1997 2891 2125 2942 Mul·

797 2963 954 3026 tiplex
981 2962 1257 3014 oblivionis
1282 2976 1445 3027 genus
1466 2963 1557 3025 (a).
1581 2962 1716 3021 Quot
1733 2962 1901 3013 modis
1927 2962 2124 3014 dicatur

799 3033 1024 3085 dormire
1055 3034 1300 3085 Christus.
1333 3034 1620 3084 Divisiones
1648 3034 1927 3097 gratiarum
1960 3035 2049 3098 (a).

737 3106 1000 3160 Eructavit
1025 3121 1111 3158 cor
1131 3120 1293 3157 meum
1313 3105 1533 3167 verbum,
1549 3106 1736 3158 Psalm.
1761 3109 1836 3158 44.
1859 3107 2007 3166 Quod
2026 3110 2126 3158 tre-

799 3179 964 3230 decim
993 3184 1112 3230 sunt
1135 3179 1318 3244 psalmi
1347 3179 1435 3245 qui
1460 3178 1780 3230 intitulantur
1809 3180 2020 3231 nomine
2044 3180 2126 3228 in-

799 3251 1048 3303 tellectus.
1078 3252 1153 3302 De
1184 3256 1402 3317 quatuor
1422 3251 1490 3317 (b)
1508 3252 1801 3316 nuptiarum
1829 3252 2124 3322 generibus.

799 3324 987 3374 Forma
1027 3324 1212 3375 Christi
1245 3323 1474 3374 consistit
1515 3323 1570 3373 in
1619 3322 1820 3374 duobus
1860 3325 1946 3386 (a).
1978 3322 2126 3383 Quod

799 3394 1508 3460 praepositioDemultiplicem
1518 3394 2124 3459 habetsigniflcationem.

801 3467 937 3527 Quot
968 3466 1137 3517 modis
1177 3470 1357 3532 regnet
1401 3468 1538 3517 Deus
1584 3466 1670 3531 (a).
1713 3466 1862 3525 Quod
1899 3480 2131 3516 summus

765 3567 773 3576 .
802 3538 1033 3590 Pontifex
1057 3539 1293 3590 baculum
1311 3552 1419 3589 non
1444 3538 1600 3588 habet
1634 3538 2008 3603 pontificalem,
2036 3537 2129 3588 sed

799 3611 1129 3662 Treverensis
1156 3625 1360 3675 semper
1385 3610 1564 3662 habuit
1591 3610 1849 3661 baculum.

740 3682 888 3744 Quod
917 3697 1009 3733 sex
1036 3687 1155 3734 sunt
1183 3683 1412 3734 notanda
1441 3683 1496 3732 in
1522 3682 1704 3733 baculo
1731 3681 2027 3746 pontificali.
2053 3682 2128 3731 De

799 3753 1066 3818 multiplici
1089 3754 1248 3806 odore
1280 3753 1363 3818 (c).
1394 3754 1542 3813 Quod
1571 3754 1792 3805 charitas
1817 3754 1995 3819 regina
2022 3753 2127 3802 vir-

803 3828 970 3875 tutum
988 3825 1189 3876 dicitur.
1220 3826 1294 3876 De
1317 3825 1558 3891 conjugio
1585 3825 1770 3877 Christi
1798 3829 1847 3876 et
1867 3825 2127 3875 Ecclesiae.

801 3895 952 3955 Quod
974 3902 1191 3960 quatuor
1209 3896 1263 3946 in
1287 3910 1450 3947 uxore
1477 3896 1714 3963 eligenda
1739 3896 2085 3960 requiruntur.

741 3966 888 4027 Quod
905 3981 997 4032 per
1023 3968 1279 4019 fimbriam
1303 3968 1598 4032 intelligitur
1613 3967 1906 4018 humanitas
1923 3966 2129 4018 Christi·

801 4038 1004 4103 Triplici
1031 4040 1094 4090 de
1118 4054 1272 4090 causa
1297 4040 1498 4090 ducitur
1519 4053 1652 4090 uxor
1682 4040 1770 4103 (a).

741 4109 872 4161 Deus
899 4113 1063 4162 noster
1086 4112 1340 4176 resuqium
1371 4113 1421 4160 et
1446 4113 1629 4175 virtus,
1658 4111 1843 4162 Psalm.
1883 4112 1962 4162 45.
1992 4112 2131 4162 Deus

804 4180 988 4234 dicitur
1007 4196 1119 4233 esse
1139 4182 1351 4251 alicujus
1368 4182 1760 4248 quadrupliciter
1773 4182 1866 4248 (d).
1885 4181 2016 4242 Quid
2040 4195 2134 4246 per

803 4253 1092 4319 Abraham,
1141 4255 1280 4305 lsaac
1318 4257 1370 4304 et
1403 4256 1564 4306 Jacob
1603 4254 1914 4319 significetur
1961 4254 2024 4318 (a)
2055 4255 2131 4305 De

803 4325 1071 4390 multiplici
1095 4320 1438 4377 tribulafione.
1469 4327 1545 4376 De
1569 4325 1832 4389 multiplici
1857 4339 2005 4377 sono,

743 4396 818 4446 De
845 4397 1162 4448 mirabilibus
1180 4397 1421 4461 operibus
1439 4397 1534 4448 Dei
1556 4397 1641 4463 (a).
1660 4399 1796 4447 Deus
1825 4397 2032 4448 abstulit
2066 4396 2135 4462 (a)

804 4466 999 4519 bellum
1035 4468 1319 4533 multiplex.

745 4539 921 4590 Omnes
944 4545 1130 4605 ¹aetites,
1153 4539 1400 4604 plaudite,
1431 4540 1618 4591 Psalm.
1639 4543 1717 4593 46.
1747 4541 1897 4601 Quod
1921 4539 2131 4606 potissi·

805 4626 947 4663 mum
960 4627 1051 4678 per
1067 4613 1165 4663 tria
1183 4613 1467 4677 potentiam
1482 4612 1705 4663 ostendit
1720 4614 1859 4663 Deus
1878 4613 1965 4679 (a).
1984 4613 2133 4674 Quod

798 4681 993 4746 ,iubilus
1019 4685 1085 4735 sit
1114 4684 1241 4736 laus,
1270 4684 1540 4743 Quomodo
1569 4684 1798 4735 Christus
1825 4685 2019 4736 calvus.

743 4754 961 4820 Magnus
985 4757 1246 4819 Dominus,
1268 4755 1454 4806 Psalm.
1480 4757 1557 4806 47.
1582 4757 1731 4816 Quod
1744 4756 1856 4806 laus
1869 4757 1964 4808 Dei
1978 4757 2136 4807 finem

806 4840 908 4878 non
922 4828 1077 4879 habet
1090 4829 1176 4892 (a).
1188 4826 1393 4878 Malitiae
1402 4827 1605 4888 signum
1622 4830 1716 4890 est,
1729 4827 1867 4892 quod
1877 4827 2135 4892 principes

809 4901 1120 4953 conveniant
1134 4900 1381 4951 adversus
1392 4898 1667 4950 Dominum
1690 4900 1774 4962 (a).
1791 4900 1939 4960 Quod
1955 4900 2008 4949 in
2022 4914 2134 4964 poe-

807 4974 1019 5025 nitentia
1029 4975 1248 5038 quatuor
1261 4972 1451 5023 debent
1460 4985 1591 5022 esse.
1606 4972 1681 5022 De
1693 4972 1877 5036 triplici
1891 4973 2131 5024 attributo

809 5045 1024 5110 Spiritus
1051 5045 1224 5097 Sancti
1251 5043 1342 5108 (a).
1373 5044 1521 5103 Quod
1549 5044 1730 5096 sedere
1755 5044 1940 5094 dicitur
1959 5044 2131 5094 multi-

807 5118 1022 5183 pliciter.
1052 5120 1127 5169 De
1153 5116 1416 5168 latitudine
1457 5117 1693 5167 Ecclesiae
1736 5116 1825 5180 (a).
1865 5117 2137 5176 Quomodo

806 5192 1004 5242 munita
1031 5191 1122 5256 (a).
1151 5191 1298 5250 Quod
1325 5203 1434 5241 non
1459 5203 1562 5239 uno
1607 5194 1657 5241 et
1699 5190 1885 5241 eodem
1921 5189 2131 5241 consilio

2208 452 2469 523 INDEX.

2192 666 2281 716 204

2191 956 2282 1005 205

2191 1242 2283 1291 206

2190 1600 2281 1650 206

2190 2030 2281 2080 208

2188 2317 2281 2367 209

2187 2605 2279 2654 210

2185 3035 2274 3084 211

2191 3608 2283 3658 212

2193 3895 2284 3946 213

2196 4326 2283 4377 214

2195 4685 2285 4756 215

2394 591 2579 643 Audite
2605 591 2737 656 hae,
2763 606 2929 644 omnes
2956 594 3149 660 qentee,
3182 593 3373 645 Psalm.
3397 595 3477 646 48.
3505 596 3580 646 De
3610 595 3781 648 multi-

2455 663 2574 728 plici
2595 664 2900 729 abjectione.
2941 666 3088 726 Quod
3117 665 3305 717 divitiae
3332 667 3385 717 in
3412 667 3573 719 tribus
3609 672 3786 719 auen-

2454 737 2663 787 duntur.
2708 736 2936 788 Christus
2975 738 3236 802 quomodo
3270 738 3431 789 trater
3469 744 3645 792 noster
3684 740 3781 806 (a).

2454 808 2602 867 Quod
2630 809 2768 859 Deus
2793 809 3022 873 placatur
3047 811 3229 873 tribus
3258 811 3619 876 eleemosyna,
3646 827 3784 862 con-

2453 880 2657 931 tritione
2686 885 2739 930 et
2765 882 3015 933 oratione.
3047 883 3193 942 Quod
3227 896 3382 947 poena
3413 887 3608 935 aeterna
3639 885 3785 934 mul-

2453 951 2611 1016 tiplex
2637 955 2732 1003 est.
2762 954 3029 1012 Quomodo
3053 955 3210 1005 homo
3235 955 3400 1005 factus
3423 955 3489 1005 sit
3515 957 3579 1006 ad
3603 956 3782 1020 imagi·

2453 1037 2571 1074 nem
2592 1027 2644 1073 et
2661 1025 3043 1075 similitudinem
3067 1031 3118 1076 et
3137 1026 3549 1077 conformitatem
3572 1027 3664 1077 Dei
3684 1028 3779 1091 (a).

2393 1096 2467 1146 De
2493 1095 2757 1160 multiplici
2778 1096 2927 1161 pelle.
2957 1099 3031 1148 De
3055 1098 3324 1163 multiplici
3350 1113 3468 1149 ove.

2393 1168 2526 1217 Deus
2559 1167 2761 1216 deorum
2806 1169 3047 1219 Dominus
3087 1168 3279 1219 Iocutus
3323 1173 3424 1230 est,
3464 1170 3648 1221 Psalm.
3698 1172 3778 1221 49.

2455 1238 2602 1298 Quod
2629 1239 2800 1290 multis
2828 1241 2996 1291 modis
3018 1241 3267 1291 Dominus
3297 1242 3433 1291 Deus
3457 1241 3655 1293 dicitur.
3670 1241 3782 1292 Vo-

2453 1311 2709 1360 cationum
2732 1311 2873 1361 modi
2892 1312 3071 1362 decem
3097 1313 3183 1376 (a).
3209 1314 3282 1362 De
3303 1312 3563 1376 multiplici
3586 1313 3785 1375 formo-

2454 1370 2599 1432 sitate
2621 1382 2806 1433 Christi
2830 1383 2923 1447 (a).
2945 1385 3020 1433 Dc
3048 1398 3205 1448 pcena
3230 1398 3333 1449 qua
3358 1385 3495 1434 Deus
3521 1385 3694 1446 puniet
3726 1387 3779 1434 in

2453 1452 2643 1505 futuro.
2680 1454 2826 1514 Quod
2852 1460 3071 1519 quatuor
3105 1460 3224 1506 sunt
3262 1456 3587 1520 acceptiones
3626 1455 3781 1519 buius

2455 1525 2699 1588 nominis,
2728 1525 3093 1577 Testamentum
3121 1528 3207 1591 (e).

2392 1596 2694 1648 Proedicatio
2710 1611 2824 1662 quas
2841 1598 2896 1647 tit
2911 1602 3121 1663 propter
3145 1598 3300 1648 finem
3316 1599 3587 1663 profanum
3605 1599 3782 1663 prohi-

2453 1668 2576 1718 bita.
2611 1669 2757 1728 Quod
2788 1669 2976 1734 triplici
3007 1670 3291 1734 praesertim
3326 1672 3505 1735 generi
3542 1675 3781 1735 peccato-

2453 1754 2571 1790 rum
2597 1740 2715 1791 odio
2740 1743 2818 1791 est
2843 1740 3127 1806 disciplina.
3155 1743 3230 1791 De
3253 1745 3473 1806 quatuor
3500 1743 3776 1807 generibus

2453 1812 2837 1863 sacrificiorum.

2390 1884 2629 1935 Miserere
2655 1887 2773 1949 mei,
2792 1887 2942 1949 Deus,
2971 1885 3159 1938 Psalm.
3189 1889 3267 1937 50.
3298 1886 3444 1946 Quod
3467 1888 3604 1937 Deus
3617 1887 3779 1951 judex

2456 1962 2533 2007 est
2559 1957 2646 2022 qui
2670 1972 2766 2009 nec
2793 1959 3071 2023 corrumpi,
3102 1972 3200 2009 nec
3225 1958 3383 2023 vinci,
3410 1972 3509 2011 nec
3535 1959 3779 2009 declinari

2455 2031 2625 2093 potest
2652 2030 2742 2092 (a).

2392 2100 2541 2161 Quod
2568 2100 2772 2166 quidam
2799 2115 2949 2152 suum
2976 2104 3243 2166 peccatum
3259 2104 3472 2169 negant,
3499 2102 3706 2168 quidam
3722 2103 3777 2153 in

2454 2173 2616 2223 Deum
2644 2176 2957 2237 retorquent.
2987 2176 3099 2233 Quo
3128 2188 3283 2225 sensu
3308 2174 3526 2226 difficilia
3547 2175 3780 2239 dicipos-

2452 2244 2556 2292 siut
2592 2258 2706 2309 quse
2744 2251 3070 2308 apponuntur
3091 2246 3143 2295 in
3172 2247 3380 2310 psalmis
3418 2246 3776 2310 poenitentiali-

2452 2314 2548 2366 bus
2569 2316 2657 2379 (a).
2688 2316 2836 2374 Quod
2866 2316 2952 2367 bic
2987 2316 3231 2379 psalmus,
3266 2317 3387 2382 quia
3412 2319 3779 2383 quinquagesi-

2453 2386 2613 2437 simus
2638 2390 2744 2452 est,
2777 2391 2946 2450 potest
2967 2388 3070 2439 dici
3098 2386 3356 2452 jubilaeus.
3386 2390 3533 2449 Quod
3561 2391 3777 2454 alicujus

2453 2471 2564 2507 esse
2597 2457 2787 2522 aliquid
2820 2459 3000 2509 dicitur
3025 2473 3218 2510 novem
3249 2460 3435 2511 modis.
3468 2461 3613 2521 Quod
3648 2475 3774 2525 pec-

2455 2533 2626 2579 catum
2645 2529 2699 2578 in
2727 2529 2877 2580 nobis
2903 2530 3250 2595 multipliciter
3284 2531 3651 2582 consideratur.

2391 2599 2651 2660 Quatenus
2698 2601 2923 2651 incertus
2970 2602 3076 2652 sive
3132 2602 3363 2654 occultus
3412 2604 3479 2654 sit
3527 2604 3779 2655 adventus

2454 2672 2639 2722 Christi
2672 2673 2764 2738 (a).
2794 2674 2943 2733 Quod
2969 2675 3158 2725 veritas
3197 2675 3541 2739 multipliciter
3573 2676 3774 2726 dicitur.

2452 2745 2673 2810 Hyssopi
2696 2745 3009 2809 comparatio
3041 2760 3158 2796 cum
3187 2747 3411 2797 Christo.
3447 2749 3559 2807 Qua
3579 2748 3777 2799 ratione

2452 2817 2555 2867 duo
2597 2816 2860 2867 offerenda
2895 2817 3026 2882 sint,
3070 2820 3223 2882 caput
3260 2818 3452 2869 scilicet
3496 2824 3549 2870 et
3596 2821 3775 2870 cauda.

2452 2888 2601 2947 Quod
2628 2887 2811 2952 triplici
2836 2888 2898 2938 de
2917 2903 3072 2939 causa
3088 2889 3391 2954 prohibetur
3415 2891 3596 2957 aliquis
3613 2891 3773 2957 loqui.

2453 2960 2602 3019 Quod
2623 2960 2677 3010 in
2700 2960 2958 3011 sacrificiis
2985 2960 3082 3011 tria
3108 2961 3299 3012 debent
3333 2976 3468 3013 esse.

2394 3032 2528 3095 Quid
2549 3033 2794 3098 qloriaris
2824 3035 2877 3082 in
2907 3033 3140 3093 malitia,
3169 3034 3357 3086 Psalm.
3387 3040 3467 3086 51.

2392 3105 2540 3165 Quod
2565 3105 2744 3170 Ephod
2768 3106 2949 3157 dicitur
2971 3106 3143 3157 multis
3173 3106 3360 3159 modis.
3379 3107 3512 3167 Quid
3530 3105 3778 3172 significe-

2452 3183 2536 3231 tur
2562 3180 2856 3231 Abimelech
2883 3180 3092 3231 nomine
3121 3180 3207 3246 (a).
3233 3181 3380 3240 Quod
3408 3182 3510 3232 tria
3534 3185 3778 3232 notantur

2452 3251 2508 3300 in
2550 3250 2798 3302 effusione
2844 3252 3107 3316 sanguinis
3143 3252 3345 3304 Christi.
3397 3255 3471 3303 De
3515 3252 3777 3316 multiplici

2453 3322 2640 3374 radice.
2693 3324 2766 3373 De
2805 3323 3071 3388 multiplici
3117 3324 3346 3375 lucerna.
3393 3324 3543 3383 Quod
3586 3324 3682 3374 tria
3723 3325 3774 3374 in

2453 3393 2589 3445 oliva
2616 3395 3037 3446 commendantur
3071 3395 3157 3461 (a).

2392 3464 2544 3515 Dixit
2572 3467 2810 3530 insipiens
2837 3467 2889 3514 in
2915 3466 3059 3516 con-de
3084 3482 3189 3530 suo,
3219 3466 3407 3518 Psalm.
3437 3470 3518 3518 52.
3546 3468 3620 3517 De
3642 3467 3775 3518 mul-

2453 3537 2610 3601 tiplici
2647 3538 2824 3589 dolore
2853 3540 3092 3590 Ecclesiae
3121 3540 3214 3605 (a).
3243 3541 3391 3599 Quod
3420 3539 3681 3604 corruptio
3706 3542 3777 3605 (s)

2453 3609 2553 3659 alia
2574 3611 2819 3674 corporis,
2842 3610 2941 3661 alia
2965 3613 3171 3662 animae.

2394 3679 2452 3729 ln
2479 3681 2739 3743 peccando
2767 3683 2957 3746 gradus
2993 3687 3229 3748 quatuor.

2393 3750 2527 3800 Deus
2538 3788 2556 3815 ,
2598 3753 2650 3801 in
2676 3754 2873 3803 nomine
2902 3757 2983 3804 tuo
3014 3754 3211 3804 salvum
3245 3770 3323 3805 me
3344 3756 3452 3820 sac,
3481 3755 3668 3808 Psalm.
3697 3757 3781 3806 53.

2456 3823 2604 3883 Quod
2634 3823 2685 3873 id
2712 3824 2837 3875 flore
2881 3825 2977 3877 tria
3017 3830 3150 3876 sunt.
3193 3827 3343 3887 Quod
3375 3827 3479 3878 duo
3524 3827 3781 3892 praecipue

2453 3895 2676 3957 petenda
2693 3896 2899 3947 animas.

2395 3965 2627 4029 Eaeaudi,
2659 3966 2822 4028 Deus,
2854 3970 3127 4020 orationem
3153 3985 3331 4031 meam,
3364 3971 3553 4022 Psalm.
3584 3974 3661 4022 54.
3707 3972 3781 4021 De

2455 4037 2721 4101 multiplici
2749 4041 2999 4092 oratione.
3030 4041 3105 4091 De
3136 4042 3399 4107 multiplici
3426 4043 3654 4107 regione.

2394 4108 2469 4159 De
2497 4109 2764 4172 multiplici
2787 4111 2944 4177 gradu
2973 4126 3245 4176 poenarum
3275 4114 3363 4178 (a).
3399 4116 3472 4165 De
3500 4111 3785 4177 multiplici·

2457 4179 2553 4231 bus
2580 4183 2782 4246 pennis.
2812 4185 2885 4234 De
2913 4182 3096 4248 triplici
3122 4185 3315 4236 unitate
3356 4185 3445 4248 (a).
3492 4185 3780 4236 Maledictio

2457 4255 2584 4317 quot
2608 4255 2775 4305 modis
2802 4255 2907 4305 fiat.
2936 4257 3083 4315 Quod
3104 4257 3276 4321 plures
3303 4262 3422 4308 sunt
3453 4257 3784 4308 circumstan-

2455 4323 2539 4374 tiae
2567 4339 2681 4390 quae
2707 4331 2971 4391 peccatum
2995 4333 3279 4393 aggravant
3299 4329 3387 4394 (a).
3418 4331 3491 4380 De
3519 4329 3784 4392 multiplici

2457 4396 2695 4522 cibonut).
2725 4400 2872 4459 Quod
2902 4400 3062 4450 tribus
3081 4401 3249 4452 modis
3276 4402 3415 4453 Deus
3440 4415 3531 4452 cor
3560 4399 3785 4451 hominis

2460 4481 2576 4519 emo
2617 4484 2631 4518 1

2396 4539 2472 4590 De
2501 4539 2768 4606 multiplici
2788 4546 2963 4606 puteo.

2397 4611 2634 4662 Miserere
2651 4614 2767 4671 mei,
2779 4613 2931 4674 Deus,
2948 4616 3185 4680 quoniam
3205 4615 3529 4681 conculcavit,
3549 4614 3683 4667 Psal.
3701 4618 3780 4666 55.

2464 4684 2535 4732 De
2558 4684 2823 4749 multiplici
2852 4686 3259 4738 conculcatione.
3285 4687 3431 4748 Quod
3451 4688 3620 4738 incola
3649 4687 3783 4737 mul·

2458 4754 2698 4818 tipliciter
2723 4755 2922 4807 dicitur.
2966 4759 3143 4809 Anima
3184 4773 3277 4809 vas
3318 4761 3407 4823 (a).
3451 4759 3598 4819 Quod
3623 4759 3787 4810 homo

2460 4825 2665 4877 liberari
2692 4827 2884 4893 indiget
2912 4831 2980 4894 (9)
3008 4846 3038 4880 a
3066 4831 3251 4896 triplici
3272 4832 3492 4883 defectu.

2398 4899 2637 4950 Miserere
2663 4903 2790 4966 mei,
2824 4904 2983 4966 Deus,
3011 4907 3276 4970 miserere,
3303 4905 3491 4956 Psalm.
3528 4906 3607 4956 56.
3637 4903 3789 4963 Quod

2461 4971 2556 5021 alm
2579 4971 2677 5022 tria
2702 4971 2914 5038 faciunt,
2940 4987 3052 5039 quae
3092 4978 3228 5026 Deus
3252 4977 3372 5028 tacit
3413 4977 3468 5027 in
3504 4976 3575 5040 (71)
3614 4976 3785 5027 nobis.

2462 5043 2594 5102 Quid
2635 5044 2702 5095 sit
2746 5048 2979 5096 sanctum
3024 5048 3291 5099 intercludi
3344 5049 3555 5099 canibus
3589 5049 3677 5113 (a).
3712 5050 3787 5097 De

2459 5115 2809 5167 misericordia
2838 5117 2930 5167 Dei
2956 5120 3007 5168 et
3032 5120 3245 5170 veritate
3267 5120 3356 5186 (a).
3379 5120 3523 5179 Quod
3540 5118 3784 5170 dormitio
3808 5125 3819 5134 ·

2462 5187 2645 5237 Christi
2662 5193 2740 5239 est
2764 5189 2964 5254 triplex.
2996 5191 3144 5251 Quod
3165 5192 3322 5256 pedes
3337 5192 3524 5242 Christi
3551 5191 3790 5242 dicuntur

3845 1027 3941 1076 21¹1

3844 2032 3941 2082 2¹9

3845 2534 3941 2582 22·

3844 3037 3933 3087 221

3853 4475 3945 4525 224

809 5262 1045 5315 homines
1071 5263 1389 5314 circumdant
1416 5275 1531 5313 eam
1558 5261 1644 5325 (a).
2196 5262 2287 5312 stc
2461 5258 2824 5325 multipliciter.
2852 5262 2927 5313 De
2955 5262 3224 5329 multiplici
3253 5258 3628 5317 incurvatione.
3858 5264 3949 5314 225

803 5421 863 5477 (a)
885 5424 980 5466 Boc
1010 5435 1102 5466 non
1129 5423 1296 5468 habant
1325 5426 1423 5469 ont.
1450 5424 1557 5468 edit.
1577 5444 1631 5458 -
1660 5423 1714 5479 (b)
1737 5422 1849 5467 Coet.
1881 5423 1989 5468 edit.
2016 5423 2219 5468 diversis.
2238 5445 2291 5457 -

2398 5428 2603 5469 mnsam.
2623 5447 2676 5460 ·-
2693 5426 2757 5482 (f)
2784 5427 2894 5470 Item
2917 5427 3272 5484 incorruptio.—
3288 5429 3347 5483 (9)
3368 5427 3479 5473 Coet.
3505 5426 3615 5471 edis.
3630 5426 3856 5473 liberam
3878 5429 3951 5474 tit.

753 5482 805 5539 (e)
821 5482 935 5528 Item
950 5485 1178 5531 κὰπ..-
1196 5485 1265 5542 (d)
1284 5486 1396 5532 Rem
1411 5486 1780 5543 nutupuetter.-
1799 5486 1852 5540 (e)
1869 5486 1979 5532 Cot.
1997 5486 2105 5534 odit.
2121 5485 2288 5530 Sacra-

2400 5510 2452 5522 —
2468 5487 2528 5543 (Ᾰ)
2552 5486 2664 5534 Cot.
2684 5489 2793 5535 edit.
2810 5488 2932 5533 deest
2948 5490 3013 5534 in.
