4196 6294
717 469 800 532 ⁴8
1769 464 2444 534 ILLUMINATIONES
2484 466 2881 536 ECCLESIAE

715 605 781 666 et
794 601 1217 687 intelligentia
1238 623 1402 691 opus
1424 606 1522 671 est
1544 604 1612 669 in
1631 604 1916 670 visione:
1936 602 2063 667 nisi
2090 604 2265 668 enim

715 708 999 777 Verbum
1039 713 1423 798 inspiratum
1468 716 1651 778 sonet
1697 712 1764 777 in
1805 729 1964 777 aure
2010 711 2219 776 cordis
2236 760 2261 790 ,

714 818 841 882 nisi
872 819 1168 903 splendor
1196 822 1383 888 Verbi
1407 822 1617 886 luceat
1651 820 1721 884 in
1763 819 1948 885 oculo
1991 821 2226 884 mentis
2241 867 2260 899 ,

714 926 842 989 nisi
873 946 1074 1011 vapor
1100 934 1164 993 et
1187 930 1508 995 emanatio
1545 928 2003 1012 omnipotentis
2032 926 2140 993 Dei
2168 928 2266 990 in-

716 1033 913 1099 stillet
961 1042 1231 1117 gustum
1270 1037 1603 1103 suavitatis
1627 1086 1652 1117 ,
1693 1036 1822 1101 nisi
1862 1034 2266 1118 sempiterni-

715 1145 815 1205 tas
858 1144 1119 1227 impleat
1160 1130 1443 1210 animam
1456 1194 1478 1227 ,
1528 1164 1659 1210 non
1696 1148 1793 1210 est
1837 1145 2029 1210 homo
2077 1148 2265 1227 aptus

717 1250 798 1314 ad
825 1250 1319 1334 intelligentiam
1354 1253 1704 1319 visionum.
1739 1251 1863 1317 Sed
1892 1257 1909 1294 ¹
1959 1276 1990 1314 α
2026 1252 2264 1316 Danieli

719 1356 891 1421 dedit
914 1357 1080 1422 Deus
1100 1358 1592 1441 intelligentiam
1617 1358 1912 1423 omnium
1937 1358 2263 1423 visionum

718 1468 784 1528 et
826 1466 1248 1547 somniorum,
1286 1489 1318 1527 n
1371 1485 1485 1550 per
1523 1465 1807 1532 Verbum
1853 1466 2259 1547 inspiratum.

717 1568 890 1635 visio
921 1576 1137 1637 autem
1176 1573 1409 1656 triplex
1434 1577 1568 1653 est,
1610 1573 1842 1638 scilicet
1884 1573 2260 1655 corporalis,

718 1696 870 1762 quae
888 1678 1026 1744 sine
1044 1679 1454 1745 intellectuali
1467 1698 1597 1745 non
1618 1681 1855 1763 profuit
1870 1679 2226 1746 Balthazari
2242 1688 2265 1723 ⁸

718 1786 789 1850 in
839 1787 1244 1871 inscriptione
1294 1806 1576 1867 manus;
1629 1788 2020 1871 imaginaria
2047 1838 2066 1869 ,
2117 1807 2264 1872 quae

717 1894 856 1957 sine
888 1894 1297 1960 intellectuali
1338 1915 1471 1960 non
1515 1896 1756 1979 profuit
1790 1896 2111 1961 Pharaoni
2138 1901 2164 1937 ⁸
2193 1898 2264 1961 in

720 1999 910 2082 spicis
954 2005 1018 2065 et
1060 2002 1297 2081 bohus;
1344 2002 1813 2081 intellectualia,
1855 2003 1996 2066 haec
2023 2002 2261 2085 profuit

715 2104 958 2172 Danieli
980 2112 1043 2173 et
1069 2108 1327 2193 Joseph.
1358 2110 1588 2176 Joanni
1615 2111 1951 2193 roepondet
1980 2109 2255 2192 Joseph3

716 2214 965 2294 Daniel,
999 2218 1218 2283 Paulo.
1251 2218 1496 2284 Praeter
1520 2219 1639 2284 has
1667 2219 1947 2284 visiones
1981 2220 2055 2282 fit
2096 2218 2262 2284 visio

715 2340 829 2389 sex
861 2326 1099 2407 modis,
1130 2326 1247 2410 qui
1271 2327 1656 2410 respondent
1689 2330 1770 2408 (a)
1818 2326 2118 2410 operibus
2148 2345 2264 2392 sex

715 2430 963 2497 dierum
979 2481 1001 2513 ,
1032 2433 1265 2516 quibus
1305 2435 1635 2517 perficitur
1678 2434 1891 2499 minor
1931 2433 2216 2498 mundus
2240 2481 2258 2512 ‚

713 2540 878 2605 sicut
926 2545 1132 2624 major
1180 2528 1479 2606 mundus'
1512 2543 1828 2625 perfectus
1875 2546 1994 2608 est.
2045 2542 2262 2607 Prima

714 2653 810 2712 est
836 2649 1003 2714 visio
1033 2649 1494 2732 intelligentiae,
1532 2669 1645 2733 per
1669 2655 1973 2715 naturam
1999 2650 2257 2729 inditae;

714 2756 995 2821 secunda
1040 2761 1137 2821 est
1184 2757 1349 2821 visio
1392 2757 1869 2840 intelligentiae,
1910 2776 2024 2841 per
2067 2759 2261 2823 fidem

712 2861 977 2928 elevatae
1011 2880 1030 2927 z
1059 2862 1163 2927 hae
1192 2867 1347 2933 sunt,
1380 2863 1754 2927 multorum.
1799 2862 2010 2928 Tertia
2050 2870 2147 2930 est
2171 2864 2267 2931 vi-

717 2972 814 3037 sio
859 2973 1302 3056 intelligentiae
1355 2991 1472 3057 per
1518 2972 1909 3057 Scripturam
1953 2975 2257 3055 eruditae;

716 3083 945 3162 quarta
969 3085 1064 3145 est
1090 3081 1252 3146 visio
1282 3080 1727 3164 intelligentiae
1757 3129 1776 3162 ‚
1822 3100 1937 3166 per
1977 3088 2261 3149 contem-

713 3187 1059 3270 plationem
1101 3207 1430 3272 suspensae
1461 3186 1491 3252 τ’
1534 3190 1639 3254 hae
1684 3194 1837 3255 sunt
1881 3209 2258 3274 paucorum.

716 3292 949 3370 Quinta
965 3300 1062 3360 est
1076 3296 1243 3361 visio
1264 3296 1704 3379 intelligentiae
1724 3317 1840 3381 per
1859 3300 2261 3382 prophetiam

714 3400 1084 3483 illustratae3
1115 3407 1294 3468 sexta
1330 3407 1427 3468 est
1450 3404 1613 3470 visio
1640 3404 2114 3486 intelligentiae,
2146 3426 2261 3491 per

713 3514 971 3593 raptum
1014 3511 1084 3575 in
1124 3509 1330 3576 Deum
1368 3511 1684 3596 absorptae
1716 3533 1733 3577 t
1761 3512 1864 3577 hae
1909 3519 2061 3579 sunt
2102 3534 2262 3598 pau-

714 3619 1139 3685 cissimorum.

792 3725 892 3790 Ad
954 3727 1073 3790 has
1132 3726 1426 3811 sequitur
1484 3727 1648 3793 visio
1721 3729 1956 3796 animae
2008 3731 2261 3797 beatifi-

715 3836 912 3912 catae3
948 3851 1109 3916 quas
1156 3851 1382 3898 omnes
1423 3833 1653 3898 habuit
1693 3834 1960 3902 Paulus·
2018 3836 2258 3902 Intelli-

718 3940 939 4022 gentia
984 3941 1184 4006 indita
1210 3959 1360 4024 quae
1403 3959 1536 4006 non
1591 3943 1837 4008 excedit
1880 3943 2115 4009 limites
2154 3964 2262 4009 ra-

714 4046 940 4123 tionis,
992 4048 1373 4130 intelligitur
1420 4067 1537 4132 per
1576 4050 1854 4132 primam
1903 4051 2073 4116 diem
2109 4100 2127 4132 ,
2188 4052 2258 4116 in

715 4173 848 4238 qua
896 4154 1063 4219 facta
1103 4159 1198 4219 est
1242 4155 1383 4219 lux.
1434 4155 1586 4220 Haec
1643 4161 1738 4221 est
1792 4158 1957 4237 lux,
2000 4159 2081 4225 de
2131 4177 2262 4242 qua

715 4260 867 4326 dicit
894 4260 1213 4345 Propheta
1236 4267 1262 4303 ⁸
1290 4284 1305 4326 ε
1339 4285 1371 4323 α
1399 4261 1748 4345 Signatum
1785 4269 1881 4329 est
1925 4283 2118 4349 super
2143 4284 2262 4331 nos

716 4370 942 4435 lumen
995 4370 1216 4435 vultus
1270 4371 1404 4450 tui,
1456 4372 1743 4436 Domine.
1773 4394 1804 4432 n
1853 4372 2004 4437 Sine
2057 4357 2259 4438 lumiss·

715 4496 796 4543 ne
841 4476 1044 4541 indito
1085 4494 1218 4541 non
1260 4477 1537 4543 habetur
1575 4479 1765 4560 fides,
1808 4498 1938 4545 non
1984 4479 2259 4546 habetur

715 4584 956 4666 gratia,
993 4600 1125 4648 non
1152 4583 1423 4649 habetur
1447 4585 1760 4669 sapientia
1793 4608 1808 4650 ε
1840 4590 1903 4649 et
1933 4587 2021 4650 ita
2048 4588 2260 4670 prima

714 4692 816 4757 die
860 4691 1065 4756 divisa
1109 4695 1206 4756 est
1248 4692 1367 4756 lux
1406 4712 1446 4757 a
1482 4693 1782 4757 tenebris.
1830 4693 2262 4775 intelligentia

714 4799 1053 4864 sublimata
1080 4817 1196 4884 per
1220 4800 1442 4881 fldem,
1473 4800 1854 4882 intelligitur
1880 4819 1996 4884 per
2022 4822 2256 4868 secuu-

714 4906 872 4971 dum
899 4907 1068 4972 diem
1091 4957 1109 4988 ,
1139 4907 1208 4972 in
1235 4927 1363 4991 quo
1391 4909 1630 4972 factum
1657 4913 1752 4973 est
1776 4911 2259 4976 firmamentum

713 5012 783 5077 in
825 5014 1033 5080 medio
1079 5033 1419 5099 aquarum.
1466 5015 1599 5080 Hoc
1640 5017 2120 5082 firmamentum
2165 5022 2262 5083 est

714 5121 874 5188 fides
901 5170 927 5205 ,
972 5141 1119 5207 quae
1167 5127 1263 5189 est
1307 5123 1493 5205 origo
1536 5123 1865 5207 sapientiae
1887 5171 1912 5204 ,
1961 5128 2026 5189 et
2070 5125 2257 5208 origo

778 5322 798 5358 ¹
825 5322 989 5386 Dum,
1019 5331 1059 5387 1,
1090 5323 1166 5373 17.
1188 5347 1252 5359 -
1280 5323 1304 5357 ²
1327 5321 1477 5383 Dan„
1508 5332 1559 5384 v,
1584 5324 1635 5372 5.
1662 5347 1726 5360 -
1753 5322 1776 5357 ⁸
1803 5322 1945 5385 Gen„
1973 5334 2093 5385 xm,
2121 5324 2171 5373 ’1.
2193 5348 2257 5362 -—

714 5394 734 5426 ⁸
767 5392 907 5446 Pral.
944 5404 1021 5459 iv,
1053 5395 1103 5444 Ἰ.
1132 5418 1195 5432 -
1222 5393 1242 5425 ⁸
1264 5393 1438 5459 Apoc„
1474 5404 1579 5459 ¹11,
1608 5397 1655 5445 ¹.
1681 5419 1745 5433 -
1781 5396 1802 5425 ⁸
1829 5395 1950 5456 Iso..
1986 5405 2075 5459 u,
2117 5396 2166 5445 5.
2194 5418 2258 5432 -—

716 5469 735 5502 ⁸
757 5466 942 5533 Eud„
966 5477 1117 5530 xxiv,
1145 5468 1226 5519 ιι.
1247 5491 1310 5505 -
1332 5465 1357 5502 ⁸
1382 5467 1424 5518 ΙΙ
1453 5465 1591 5530 Gor..
1616 5477 1714 5532 ω,
1741 5470 1790 5520 2.

2376 603 2679 670 scientiae.
2713 604 2793 670 Et
2830 605 2970 669 sive
3009 605 3095 669 sit
3137 605 3218 669 de
3250 604 3708 688 temporalibus
3725 653 3742 684 ‚
3772 604 3898 671 sive

2375 713 2454 778 de
2493 714 2779 794 aeternis,
2816 713 2975 778 fides
3017 730 3148 776 non
3194 711 3513 776 discordat
3546 731 3587 775 a
3629 712 3895 779 scientia.

2377 820 2805 903 Intelligentia
2830 840 2946 904 per
2972 820 3366 903 Scripturam
3407 821 3657 885 erudita
3676 869 3696 898 ,
3725 821 3900 886 intel-

2374 928 2604 1010 ligitur
2643 948 2759 1012 per
2804 929 2975 993 diem
3012 931 3263 993 tertiam
3284 979 3302 1009 ‚
3334 947 3465 1012 qua
3500 935 3901 1011 congregatae

2373 1040 2527 1100 sunt
2574 1055 2759 1119 aquae
2795 1084 2815 1114 ,
2864 1041 2930 1101 et
2972 1037 3270 1119 apparuit
3317 1037 3494 1101 arida
3543 1059 3559 1099 ε
3605 1041 3774 1101 terra
3814 1043 3904 1103 est

2375 1142 2703 1226 Scriptura
2740 1143 2984 1208 habens
3028 1143 3482 1226 intelligentias
3512 1143 3865 1227 spirituales
3883 1194 3901 1226 ,

2374 1269 2522 1333 quae
2549 1250 2953 1315 mirabilibus
2993 1251 3497 1333 expositionibus
3519 1250 3817 1334 pullulat;
3847 1256 3906 1317 et

2373 1357 2443 1421 in
2477 1358 2580 1421 his
2624 1358 3002 1440 producitur
3028 1358 3229 1422 herba
3266 1358 3516 1436 virenS,
3557 1363 3622 1421 et
3659 1358 3908 1439 lignum

2374 1464 2674 1546 paradisi.
2708 1464 3134 1547 Intelligentia
3168 1484 3283 1548 per
3323 1465 3908 1548 contemplationem

2374 1589 2719 1654 suspensa,
2749 1571 3133 1654 intelligitur
3160 1573 3227 1636 in
3257 1591 3448 1656 opere
3475 1577 3721 1655 quartae
3748 1572 3907 1649 diei,

2376 1678 2633 1760 quando
2678 1680 2843 1744 facta
2885 1685 3039 1745 sunt
3088 1681 3221 1759 sol,
3258 1685 3325 1745 et
3363 1680 3555 1761 luna,
3584 1683 3651 1744 et
3693 1679 3907 1745 stellae.

2376 1787 2499 1865 Qui
2567 1806 2700 1854 non
2776 1788 2971 1854 habet
3048 1789 3648 1872 contemplationem
3692 1837 3714 1869 ,
3785 1807 3913 1854 non

2373 1894 2567 1959 habet
2619 1901 3072 1961 ornamentum
3127 1897 3279 1960 solis
3296 1942 3318 1974 ‚
3367 1896 3546 1961 lunae
3588 1900 3654 1960 et
3703 1895 3912 1961 stella-

2374 2020 2544 2067 rum.
2618 2002 2815 2068 Debet
2885 2004 3102 2067 anima
3178 2002 3534 2068 Sunamitis
3587 2009 3611 2045 ⁸
3669 2004 3915 2067 amiciri

2372 2110 2504 2174 sole
2544 2158 2566 2189 ,
2622 2110 2781 2175 luna
2805 2160 2824 2191 ,
2892 2110 3089 2175 stellis
3142 2133 3158 2175 :
3211 2111 3283 2175 in
3337 2111 3470 2175 sole
3536 2111 3918 2193 intelligitur

2373 2219 2818 2301 contemplatio
2861 2218 3241 2283 hierarchiae
3300 2218 3806 2301 supercoelestis3
3851 2218 3918 2282 in

2371 2324 2528 2389 luna
2588 2325 2976 2406 intelligitur
3038 2326 3488 2408 contemplatio
3540 2326 3919 2390 hierarchiae

2373 2432 2806 2512 subcoelestis3
2852 2432 2920 2496 in
2965 2433 3160 2497 stellis
3204 2433 3589 2515 intelligitur
3631 2438 3921 2498 contem-

2371 2540 2570 2621 platio
2617 2539 2994 2605 hierarchiae
3035 2540 3326 2604 coeloetis.
3371 2540 3551 2605 Unde
3592 2540 3789 2604 lsaias
3842 2540 3866 2575 ⁸
3900 2561 3916 2603 ι

2381 2670 2413 2709 α
2437 2645 2616 2713 Tunc
2639 2648 2918 2727 videbis,
2947 2652 3012 2713 et
3049 2649 3313 2729 afflues3
3347 2654 3411 2713 et
3446 2650 3790 2715 mirabitur
3807 2698 3829 2730 ,
3858 2652 3921 2714 et

2373 2757 2738 2822 dilatabitur
2755 2762 3100 2822 cortuum.
3121 2779 3152 2818 ι
3179 2757 3254 2823 ln
3283 2776 3413 2841 quo
3439 2762 3724 2837 notatur,
3747 2756 3920 2841 quod

2374 2864 2612 2947 species
2665 2864 3212 2947 contemplationis
3262 2869 3415 2930 sunt
3464 2868 3627 2944 treS,
3682 2864 3926 2929 scilicet

2372 2971 2706 3036 admiratio
2736 2995 2754 3037 ι
2795 2995 2827 3036 α
2856 2971 3214 3051 Mirabitur‚
3243 2994 3273 3033 υ
3303 2972 3540 3055 inquit;
3581 2971 3874 3038 dilatatio
3906 2995 3921 3036 ε

2379 3103 2412 3141 α
2438 3078 2837 3161 Dilatabitur‚
2866 3103 2897 3140 ι)
2950 3079 3193 3163 inquit;
3234 3097 3266 3141 α
3290 3085 3315 3121 ⁷
3341 3079 3776 3144 comederunt
3796 3129 3813 3162 ‚
3865 3084 3930 3144 et

2371 3187 2699 3270 biberunt,
2750 3193 2815 3253 et
2852 3188 3153 3255 viderunt
3192 3187 3394 3253 Deum
3434 3187 3667 3267 Israel,
3706 3211 3741 3250 ι)
3771 3189 3929 3253 alie-

2371 3298 2569 3362 natio.
2616 3320 2648 3359 «
2670 3296 2943 3376 Al'ssues,
2965 3316 2997 3355 n
3049 3295 3282 3378 inquit.
3332 3294 3773 3376 Intelligentia
3815 3313 3932 3380 per

2369 3405 2773 3489 prophetiam
2813 3405 3126 3469 illustrata
3140 3450 3158 3480 ,
3188 3403 3575 3484 intelligitur
3614 3402 3690 3468 in
3732 3421 3931 3486 opere

2370 3512 2615 3596 quintae
2645 3511 2794 3576 diei.
2823 3509 3052 3576 Vident
3083 3510 3413 3593 prophetae
3439 3509 3829 3592 prophetata
3859 3512 3933 3575 in

2370 3620 2628 3703 speculo
2653 3619 3048 3684 aeternitatis.
3075 3616 3155 3683 Et
3182 3618 3328 3682 licet
3354 3617 3818 3700 prophetatum
3847 3618 3934 3681 sit

2370 3729 2771 3810 contingenS,
2803 3733 3022 3792 tamen
3048 3725 3381 3809 prophetia
3406 3729 3503 3790 est
3527 3726 3893 3791 infallibilis
3909 3772 3927 3804 ‚

2369 3841 2630 3920 propter
2651 3835 2943 3902 veritatis
2963 3838 3221 3898 aeternae
3238 3831 3787 3897 infallibilitatem.
3814 3831 3933 3896 Isti

2369 3947 2522 4008 sunt
2547 3943 2783 4025 pisces,
2813 3942 2926 4024 qui
2962 3944 3219 4025 propter
3249 3939 3735 4005 multitudinem
3773 3940 3930 4023 pin-

2370 4050 2675 4115 nularum
2716 4049 3013 4114 feruntur
3045 4047 3120 4130 (b)
3170 4049 3238 4112 in
3267 4046 3496 4112 Verbo.
3542 4045 3932 4129 Intelligen-

2368 4158 2458 4222 tia
2484 4176 2599 4241 per
2622 4160 2881 4239 raptum
2907 4155 2972 4218 in
2991 4154 3197 4221 Deum
3220 4155 3515 4236 absorpta
3528 4200 3545 4230 ,
3570 4154 3937 4236 respondet

2367 4270 2566 4331 sextae
2594 4264 2737 4329 diei.
2770 4263 2857 4328 De
2893 4263 3015 4328 hoc
3061 4267 3249 4345 raptu
3293 4261 3443 4327 dicit
3465 4260 3822 4343 Apostolus
3846 4266 3873 4302 ⁸
3916 4282 3935 4326 ε

2375 4395 2406 4434 ι
2434 4372 2576 4437 Scio
2605 4371 2932 4437 hominem
2960 4374 3107 4434 ante
3142 4388 3344 4434 annos
3385 4368 3884 4452 quatuordecim
3913 4416 3935 4448 ,

2368 4483 2599 4548 sivein
2630 4500 2924 4565 corpore,
2964 4485 3100 4545 sive
3142 4484 3326 4543 extra
3350 4495 3617 4560 corpus,
3650 4478 3888 4542 nescio
3910 4526 3937 4559 ,

2368 4590 2535 4655 Deus
2563 4591 2679 4655 scit
2700 4639 2717 4671 ‚
2750 4593 3009 4672 raptum
3053 4586 3448 4670 hujusmodi.
3477 4609 3508 4646 n
3545 4584 3664 4650 llic
3694 4590 3944 4670 raptus

2367 4697 2516 4761 facit
2541 4697 2824 4761 animam
2851 4696 3243 4761 simillimam
3272 4694 3422 4771 Βθο,
3444 4698 3772 4778 quantum
3790 4713 3946 4760 esse

2370 4807 2574 4885 potest
2602 4803 2673 4867 in
2699 4807 2868 4867 statu
2890 4802 3035 4868 viae.
3071 4801 3255 4885 Rapti
3281 4808 3498 4867 autem
3516 4820 3651 4866 non
3678 4802 3947 4868 habent

2366 4910 2665 4976 habitum
2694 4910 2948 4992 gloriae,
2980 4910 3093 4975 sed
3115 4916 3355 4975 actum.
3385 4909 3464 4976 Et
3497 4911 3661 4974 sicut
3692 4915 3947 4995 raptus

2365 5023 2461 5084 est
2489 5019 2556 5083 in
2582 5018 2858 5083 confinio
2884 5018 3011 5085 viae
3040 5022 3104 5083 et
3130 5019 3353 5100 patriae
3372 5067 3394 5099 ,
3421 5019 3512 5082 ita
3536 5018 3739 5082 estin
3770 5037 3949 5085 con-

2366 5126 2522 5191 finio
2550 5126 2809 5191 unionis
2834 5129 2899 5190 et
2936 5127 3350 5210 separationis
3374 5145 3415 5190 a
3440 5142 3734 5209 corpore.
3782 5127 3948 5193 Ideo

2365 5233 2515 5299 dicit
2537 5234 2884 5318 Apostolus
2911 5250 2929 5296 z
2968 5257 3000 5296 α
3026 5234 3178 5302 Sive
3205 5234 3274 5300 in
3301 5252 3566 5319 corpore
3581 5281 3600 5310 ,
3628 5232 3785 5297 sive
3808 5252 3951 5300 ex-

2365 5465 2391 5517 t
2430 5396 2498 5459 (a)
2516 5397 2666 5522 gat.
2693 5396 2820 5451 edit.
2869 5411 2985 5464 quae
3024 5397 3320 5464 respondet.
3346 5424 3410 5438 —
3444 5397 3513 5462 (ὁ)
3537 5397 3692 5448 Forte
3724 5396 3949 5464 leyend.

2387 5480 2515 5521 erun
2570 5484 2614 5522 r.
