4196 6294
1600 457 1967 530 PSALMUS
2008 460 2268 527 CXVIII.

347 613 375 648 α
399 596 546 652 pene
588 592 756 652 effusi
792 596 928 651 sunt
966 607 1198 666 gressus
1225 594 1343 652 mei
1374 613 1389 652 ε
1420 615 1449 649 ιι
1485 609 1621 653 ecce
1647 610 1881 668 gressus

341 688 540 760 effusi,
570 687 635 746 id
654 692 758 758 est,
789 689 954 747 actus
981 688 1210 760 dissuti,
1240 704 1344 746 seu
1374 688 1663 747 dissoluti.

812 846 1094 904 Articulus
1128 846 1406 905 secundus.

410 974 748 1034 Secundum
791 973 1154 1047 assignatur,
1198 989 1334 1030 cum
1374 972 1658 1031 additur:
1693 976 1881 1046 Diriqe

335 1069 621 1127 secundum
668 1069 937 1140 eloquium
990 1072 1159 1124 tuum.
1212 1065 1372 1126 Istud
1429 1066 1738 1141 eloquium
1797 1070 1883 1126 est

338 1163 607 1221 divinum
677 1160 991 1235 imperium
1022 1203 1042 1233 ,
1107 1164 1448 1219 nostrorum
1501 1164 1740 1219 actuum
1787 1160 1879 1219 di-

334 1257 639 1316 rectivum.
715 1257 888 1314 Actus
943 1253 1102 1313 enim
1167 1255 1443 1312 humanae
1513 1254 1835 1314 voluntatis
1859 1301 1877 1329 ,

337 1351 551 1410 divinis
602 1347 950 1422 regulantur
1018 1347 1350 1420 mandatiS,
1421 1347 1593 1422 quasi
1655 1350 1881 1422 regulis

336 1445 642 1521 aequitatis.
686 1448 752 1503 Et
778 1448 957 1514 nota,
985 1443 1154 1518 quod
1189 1444 1474 1502 Dominus
1503 1444 1703 1518 dirigit
1753 1462 1883 1504 cur·

336 1541 571 1601 vitatem
621 1539 713 1597 vis
774 1538 1174 1611 rationabiIiS,
1237 1538 1586 1610 irascibiliS,
1632 1543 1689 1597 et
1738 1555 1880 1597 con·

337 1632 695 1708 cupiscibilis
717 1676 735 1703 ,
791 1635 1082 1706 quantum
1139 1631 1217 1689 ad
1272 1632 1618 1707 insipientiae
1672 1634 1881 1708 proni-

336 1732 534 1799 tatem,
562 1726 959 1801 impatientiae,
1009 1729 1067 1784 et
1110 1726 1518 1784 immunditias.
1562 1730 1640 1785 De
1685 1728 1880 1801 primo

334 1821 625 1895 Propheta
651 1819 792 1878 dicit
819 1823 837 1857 ¹
870 1838 884 1877 ε
921 1839 949 1873 α
977 1819 1169 1892 Dirige
1197 1836 1293 1878 me
1323 1819 1385 1877 in
1412 1820 1654 1878 veritate
1680 1824 1807 1892 tua,
1827 1823 1885 1879 et

336 1918 487 1976 doce
539 1930 636 1974 me
685 1932 700 1971 ι
748 1934 779 1970 ι
830 1930 966 1973 ecce
1021 1914 1407 1973 directionem
1460 1919 1750 1988 quantum
1803 1916 1883 1973 ad

334 2008 704 2068 rationabilis
742 2009 1111 2082 curvitatem,
1153 2012 1209 2066 et
1248 2007 1597 2081 insipientiae
1622 2009 1883 2083 pronita-

333 2106 475 2162 tem.
518 2107 597 2163 De
644 2104 908 2162 secundo
954 2119 1064 2179 per
1104 2102 1473 2161 psalmistam
1519 2106 1784 2160 cantatur
1809 2103 1832 2138 ²
1862 2121 1878 2160 ι

340 2217 369 2251 α
395 2197 609 2271 Diriget
636 2200 1002 2268 mansuetos,
1045 2218 1073 2252 n
1122 2197 1187 2254 id
1224 2200 1340 2265 est,
1370 2195 1684 2269 dirigendo
1710 2196 1882 2255 faciet

337 2295 695 2363 mansuetoS,
706 2312 734 2346 α
746 2291 1047 2365 inJudicio
1064 2308 1118 2348 z»
1140 2305 1272 2348 ecce
1283 2289 1673 2349 directionem
1686 2307 1878 2367 quan-

335 2392 461 2444 tum
504 2386 585 2444 ad
628 2384 939 2444 irascibilis
984 2385 1361 2453 curvitatem,
1407 2386 1464 2442 et
1503 2384 1882 2458 impatientiae

337 2480 709 2554 pronitatem.
742 2482 819 2537 De
848 2476 1017 2537 tertio
1054 2477 1554 2552 psalmographus
1580 2479 1784 2537 scribit
1810 2482 1832 2516 ⁸
1861 2499 1876 2537 ε

342 2593 371 2628 α
427 2572 648 2646 Diriges
696 2572 955 2645 justum,
1011 2573 1277 2629 scrutans
1328 2570 1513 2630 corda
1559 2575 1617 2629 et
1669 2588 1841 2631 renes
1857 2617 1878 2646 ,

334 2670 523 2726 Deus:
555 2687 585 2722 ιι
633 2682 764 2724 ecce
802 2664 1185 2724 directionem
1220 2669 1511 2739 quantum
1539 2666 1618 2722 ad
1663 2682 1880 2724 concu-

332 2761 617 2836 piscibilis
685 2759 1030 2818 curvitatem
1051 2800 1071 2830 ,
1122 2763 1180 2815 et
1230 2758 1621 2817 immunditiae
1673 2761 1878 2833 proni-

334 2858 530 2913 tatem.

838 2925 1119 2982 Articulus
1158 2926 1377 2981 tertius.

398 3045 652 3103 Tertium
707 3042 1052 3116 designatur
1070 3083 1088 3113 ,
1147 3057 1284 3098 cum
1331 3041 1590 3100 dicitur:
1645 3044 1717 3099 Et
1768 3059 1876 3100 non

330 3139 635 3217 dominetur
657 3140 783 3197 naci.
814 3140 956 3195 Ecce
979 3135 1313 3195 dominium
1335 3133 1650 3209 nefarium,
1681 3135 1875 3196 domi-

329 3233 496 3291 nium
522 3231 902 3291 temerarium
920 3275 938 3303 ,
969 3246 1093 3305 quo
1134 3234 1450 3289 tentatores
1492 3229 1875 3290 dominantur

329 3327 558 3384 tentatis
567 3368 586 3398 ,
628 3326 777 3383 sicut
815 3328 1189 3399 superatores
1231 3324 1540 3399 superatis.
1586 3326 1653 3383 Et
1707 3330 1872 3396 nota,

327 3420 494 3494 quod
532 3418 858 3500 figuraliter
899 3418 1116 3491 legitur
1168 3418 1230 3476 in
1287 3418 1582 3493 Scriptura
1636 3419 1873 3493 spiritus

325 3514 644 3588 voluptatis
663 3512 955 3570 dominari
975 3511 1271 3585 delicatis3
1302 3511 1658 3587 cupiditatiS,
1680 3512 1874 3571 domi-

323 3607 453 3665 nari
496 3606 764 3680 cupidis3
811 3605 1125 3674 vanitatiS,
1176 3604 1472 3663 dominari
1519 3606 1705 3664 elatiS.
1749 3607 1870 3665 pri-

324 3718 490 3758 mum
516 3701 833 3774 figuratur,
863 3698 969 3756 ubi
997 3697 1270 3756 scribitur
1299 3700 1321 3735 ⁸
1361 3718 1376 3756 ι
1425 3719 1454 3752 «
1484 3702 1565 3756 Eo
1601 3703 1868 3775 tempore

324 3794 788 3852 dominabantur
840 3791 1186 3850 Philisthiim
1238 3792 1435 3850 Israeli
1459 3834 1480 3863 ,
1538 3813 1567 3846 n
1622 3793 1688 3851 id
1742 3797 1863 3868 est,

323 3887 560 3962 spiritus
601 3884 917 3960 voluptatis
958 3886 1187 3960 populo
1232 3885 1478 3943 carnali.
1516 3887 1664 3956 Quid
1706 3888 1866 3945 enim

321 3998 428 4057 per
479 3980 859 4049 philisthiim,
921 3978 986 4037 id
1053 3983 1171 4052 est,
1225 3979 1469 4054 potione
1552 3980 1862 4056 cadenteS,

318 4076 485 4134 aliud
533 4074 837 4144 senserim,
889 4089 1072 4149 quam
1123 4072 1361 4147 spiritus
1408 4073 1732 4148 voluptatis
1785 4077 1861 4134 de

314 4172 557 4245 peccato
598 4167 751 4242 gulae
790 4168 853 4226 in
892 4169 1204 4242 peccatum
1244 4167 1492 4225 luxurioe
1543 4167 1857 4241 eadenteS,

312 4263 411 4321 vel
454 4263 666 4321 cadere
710 4261 1034 4320 facientes?
1075 4260 1410 4320 Secundum
1447 4263 1684 4320 notatur
1703 4304 1724 4333 ,
1752 4264 1859 4322 ubi

312 4357 559 4415 traditur
582 4358 604 4393 ⁸
635 4377 649 4412 ε
698 4375 728 4410 α
761 4355 1172 4414 Dominabitur
1205 4355 1616 4413 thesaurorum
1643 4358 1773 4416 auri
1802 4361 1860 4416 et

310 4453 537 4526 argenti
572 4471 587 4510 ι
623 4474 651 4507 ιι
703 4452 872 4528 quod
910 4452 986 4510 de
1027 4451 1234 4526 spiritu
1290 4451 1627 4526 cupiditatis
1665 4457 1859 4526 potest

224 4607 233 4615 ,
310 4546 576 4620 intelligi.
633 4546 888 4604 Tertium
933 4546 1287 4619 assignatur,
1336 4544 1440 4601 ubi
1499 4545 1712 4603 dicitur
1756 4549 1779 4584 ⁸
1837 4568 1852 4606 ι

317 4660 346 4695 ιι
394 4645 578 4715 Reges
625 4641 873 4716 posuisti
931 4656 1108 4716 super
1159 4654 1271 4697 nos
1318 4643 1564 4714 propter
1615 4646 1856 4714 peccata

308 4740 527 4808 nostra,
578 4740 636 4794 et
682 4734 1034 4817 corp-oribus
1079 4733 1295 4792 nostris
1348 4734 1769 4794 dominantur:
1816 4758 1845 4792 n

309 4831 473 4904 quod
500 4831 577 4888 de
604 4827 907 4904 spiritibus
928 4827 1199 4886 vanitatis
1220 4843 1344 4885 non
1372 4827 1851 4890 inconvenienter

307 4923 610 4998 accipitur.

792 4995 1074 5052 Articulus
1110 4999 1353 5065 quartus.

373 5060 655 5183 Quartum
684 5111 1099 5185 consignatur,
1143 5125 1279 5167 cum
1307 5107 1629 5181 adjicitur.
1662 5110 1845 5169 Omvzis

302 5208 615 5280 injustitia3
667 5207 784 5266 hoc
829 5209 949 5280 est,
1003 5203 1283 5279 iniquitas
1334 5202 1686 5275 omnifaria,
1735 5222 1846 5281 per

370 5334 381 5361 ¹
414 5332 548 5383 Psal.
580 5343 723 5395 xx1v,
754 5335 801 5383 5.
830 5360 894 5370 —
926 5334 949 5369 ²
980 5331 1128 5394 ibid„
1154 5333 1202 5381 9.
1237 5356 1290 5367 -
1320 5330 1342 5365 ⁸
1368 5328 1501 5378 psal.
1540 5340 1642 5390 νιι,
1671 5332 1746 5380 10.
1780 5358 1845 5370 -

309 5401 529 5464 wadia,
568 5415 677 5469 nv,
709 5406 757 5454 4.
785 5429 848 5441 -
881 5405 904 5441 ⁸
937 5404 1089 5463 Dan„
1118 5413 1201 5469 n,
1240 5404 1320 5453 43.
1348 5425 1409 5438 —
1440 5400 1463 5435 ⁸
1490 5400 1531 5449 ΙΙ
1560 5399 1734 5463 Eadm,
1763 5414 1840 5469 lx,

3415 462 3538 527 489

1988 613 2174 672 quam
2201 597 2634 656 contaminatur
2673 598 2973 656 malorum
3015 596 3389 656 conscientia.
3420 598 3536 657 Sed

1987 692 2341 765 notandum,
2372 692 2540 767 quod
2561 691 2843 765 injustitia
2861 690 3130 750 nominat
3153 690 3216 748 iu
3238 691 3536 766 Scriptura

1989 786 2357 862 quandoque
2395 785 2622 860 peccati
2655 789 2852 843 actum
2872 827 2891 856 ,
2928 784 3153 860 peccati
3193 786 3493 845 maculam
3512 830 3533 860 ,

1987 879 2212 954 peccati
2245 883 2475 937 reatum
2512 898 2526 936 :
2567 894 2827 952 quorum
2873 879 3134 952 primum
3170 882 3329 953 patet
3371 883 3531 939 exte·-

1987 974 2131 1041 riuS,
2182 974 2513 1032 secundum
2564 973 2703 1031 latet
2753 973 3014 1043 interim,
3071 973 3306 1031 tertium
3358 975 3533 1034 trahit

1986 1070 2249 1128 inferius,
2297 1072 2377 1128 De
2424 1070 2621 1144 primo
2656 1070 2721 1125 ⁷:
2770 1086 2801 1122 α
2842 1070 3114 1141 Regnum
3159 1085 3196 1127 a
3246 1074 3419 1143 gente
3468 1071 3531 1129 in

1987 1166 2224 1239 gentem
2250 1163 2593 1223 transfertur
2632 1167 2880 1240 propter
2913 1163 3252 1236 injustitiaS,
3292 1168 3350 1223 et
3374 1166 3529 1241 iniu-

1986 1260 2135 1332 rias,
2165 1262 2222 1317 et
2263 1258 2682 1330 contumeliaS,
2710 1260 2768 1315 et
2795 1256 3062 1316 diversos
3089 1257 3261 1316 dolos
3286 1278 3303 1317 ε
3332 1280 3361 1311 ι
3394 1276 3530 1318 ecce

1985 1352 2281 1427 injustitiae
2334 1356 2497 1411 actus
2538 1355 2747 1426 patens
2802 1350 3076 1408 exterius.
3130 1353 3208 1408 De
3263 1354 3528 1411 secundo

1987 1447 2260 1506 scribitur
2286 1449 2308 1484 ⁸
2350 1467 2367 1503 ε
2420 1469 2449 1501 α
2499 1447 2787 1505 Delictum
2830 1461 3034 1503 meum
3081 1446 3382 1518 cognitum
3421 1448 3527 1506 tibi

1984 1540 2119 1612 feci,
2157 1543 2213 1598 et
2233 1539 2576 1613 injustitiam
2601 1556 2800 1598 meam
2826 1554 2953 1597 non
2978 1538 3267 1598 abscondi
3295 1560 3362 1598 :-
3395 1558 3530 1600 ecce

1987 1634 2281 1707 iniustitiae
2324 1634 2560 1693 macula
2593 1633 2780 1692 latens
2824 1632 3085 1692 interius.
3133 1636 3210 1691 De
3255 1634 3424 1693 tertio
3462 1639 3526 1692 ⁹:

1993 1747 2023 1783 ιι
2050 1727 2276 1786 Iustitia
2321 1731 2608 1803 perpetua
2644 1730 2731 1785 est
2759 1729 2819 1785 et
2846 1725 3199 1785 immortalis
3217 1747 3235 1799 3
3273 1749 3303 1783 ιι
3342 1729 3529 1802 injus-

1986 1821 2113 1880 titia
2156 1826 2355 1879 autem
2393 1820 2600 1879 mortis
2647 1819 2957 1895 acquisitio
2997 1839 3012 1878 ε
3063 1837 3197 1879 ecce
3241 1821 3533 1896 injustitias

1986 1919 2182 1974 reatus
2210 1915 2446 1973 trahens
2469 1913 2734 1973 inferiuS.

2628 2077 2886 2143 Epilogus.

2056 2201 2150 2260 Ait
2175 2217 2317 2275 ergo
2358 2202 2696 2272 psalmista,
2733 2204 3020 2278 tanquam
3062 2219 3321 2278 persona
3341 2206 3529 2280 justa,

1988 2294 2271 2353 divinitus
2311 2296 2376 2353 in
2426 2297 2524 2354 via
2573 2296 2813 2369 Justitiae
2863 2296 3179 2371 dirigenda
3230 2318 3245 2356 ι
3309 2300 3534 2360 Gressus

1986 2406 2146 2459 meos,
2177 2392 2465 2465 quantum
2492 2390 2572 2448 ad
2608 2391 2903 2450 actionem
2936 2392 3369 2466 voluntariam,
3398 2410 3532 2470 per-

1985 2483 2268 2542 tinentem
2303 2483 2384 2541 ad
2418 2500 2603 2557 opera
2638 2484 2967 2556 viatorum3
3007 2489 3198 2558 Dirige
3240 2489 3530 2547 secundum

1986 2575 2257 2648 eloquium
2283 2579 2434 2631 mum
2444 2616 2464 2647 ,
2493 2577 2782 2649 quantum
2809 2575 2891 2634 ad
2917 2575 3302 2637 directionem
3330 2594 3532 2641 neces-

1985 2668 2232 2741 sariam,
2273 2669 2613 2728 attinentem
2639 2670 2720 2729 ad
2749 2684 2931 2729 onera
2970 2670 3428 2746 mandatorum3
3456 2676 3530 2731 Et

1984 2778 2093 2819 non
2126 2763 2432 2821 dominetur
2459 2766 2600 2834 mei,
2638 2767 2927 2838 quantum
2952 2764 3031 2822 ad
3059 2764 3531 2826 dominationem

1984 2854 2273 2914 nefariam
2292 2899 2311 2928 ,
2358 2860 2721 2928 spectantem
2766 2857 2848 2916 ad
2898 2856 3297 2917 sufferentiam
3341 2847 3529 2920 tenta·-

1984 2954 2181 3007 torum
2192 2969 2210 3022 3
2245 2950 2430 3008 Omnis
2458 2951 2769 3022 injustitia,
2804 2953 3096 3025 quantum
3132 2953 3212 3011 ad
3241 2955 3529 3014 contami-

1983 3043 2289 3102 nationem
2305 3045 2714 3117 multifariam,
2739 3047 3149 3121 respicientem
3169 3048 3530 3111 differentias

1981 3142 2381 3212 peccatorum.

2540 3295 2876 3342 vunslcums
2909 3299 2985 3340 vt.

2059 3426 2179 3481 134.
2222 3424 2439 3483 Redime
2483 3441 2565 3483 me
2620 3443 2658 3482 a
2716 3427 3005 3486 calumniis
3052 3429 3326 3488 hominum
3342 3472 3362 3503 ,
3414 3433 3523 3489 etc.

1980 3517 2138 3575 Sicut
2161 3534 2269 3593 per
2296 3518 2648 3594 sapientiam
2676 3521 2776 3578 Dei
2817 3521 3154 3596 diriguntur
3173 3522 3345 3596 iusti,
3372 3524 3529 3583 testi-

1979 3610 2191 3670 ficante
2234 3627 2410 3670 versu
2457 3613 2837 3687 praecedenti,
2886 3615 2970 3674 sic
3017 3633 3125 3691 per
3173 3616 3368 3691 ipsam
3416 3618 3529 3676 eri-

1976 3708 2196 3778 guntur
2239 3704 2388 3777 elisi,
2442 3709 2583 3765 teste
2634 3707 2941 3781 praesenti,
2991 3709 3089 3767 vel
3139 3710 3314 3769 etiam
3363 3709 3524 3768 redi-

1974 3802 2216 3857 muntur
2258 3799 2504 3866 venditi,
2546 3801 2714 3875 quod
2752 3802 2850 3860 hic
2895 3802 3180 3878 accipitur
3204 3819 3318 3878 pro
3345 3803 3522 3863 indif-

1971 3890 2226 3951 ferenti.
2258 3893 2529 3969 quisquis
2557 3894 2717 3953 enim
2745 3895 3056 3954 calumniis
3082 3896 3339 3970 eliditur,
3369 3898 3517 3958 dum

1973 3984 2245 4059 eliditur,
2292 3986 2717 4062 vilipenditur,
2702 4008 2717 4022 ·
2762 3989 2907 4047 dum
2948 3990 3362 4066 vilipenditur,
3400 4009 3514 4068 pro

1970 4079 2075 4137 vili
2111 4080 2406 4139 venditur.
2456 4081 2610 4151 Quid
2654 4082 2816 4141 enim
2856 4087 2943 4141 est
2974 4083 3369 4161 vilipendere,
3401 4088 3514 4148 nisi
3558 4085 3754 4163 νιιιροιι.

1969 4189 2080 4247 pro
2107 4173 2212 4231 vili
2230 4175 2487 4232 vendere
2502 4177 2532 4233 ‘t
2555 4175 2672 4233 Sed
2696 4175 2844 4234 dum
2865 4177 3163 4238 calumnia
3181 4181 3510 4257 perimitur
3539 4167 3760 4276 ᾶῡυῗῑοῖῑ

1969 4269 2026 4325 et
2058 4267 2249 4325 elisus
2281 4268 2525 4342 erigitur
2553 4273 2611 4327 et
2636 4270 2910 4329 venditus
2935 4271 3280 4348 redimitur,
3317 4275 3512 4336 fatuus
3547 4290 3621 4339 d.

1968 4364 2259 4428 mercator
2287 4364 2375 4419 est
2398 4362 2840 4435 calumniatorj
2860 4365 2966 4440 qui
3012 4382 3213 4426 carum
3242 4385 3353 4444 pro
3402 4370 3510 4429 vili

1963 4455 2201 4527 vendit,
2230 4472 2366 4514 cum
2400 4459 2521 4516 Deo
2549 4458 2796 4517 charum
2833 4460 3140 4519 hominem
3172 4463 3506 4538 vilipendit.

1963 4551 2206 4623 Propter
2228 4549 2556 4623 elisionem,
2579 4568 2685 4611 seu
2712 4553 3114 4613 venditionem
3137 4557 3504 4633 hujusmodi,

1961 4643 2114 4702 solet
2163 4643 2583 4703 mandatorum
2634 4647 2904 4706 custodia
2949 4650 3282 4724 proepediri.
3340 4653 3504 4713 Unde

1960 4737 2280 4811 Propheta,
2327 4743 2614 4813 tanquam
2657 4757 2917 4815 persona
2961 4744 3047 4801 sic
3088 4744 3330 4804 vendita
3345 4789 3365 4818 ,
3406 4749 3505 4807 vel

1959 4830 2124 4902 elisa,
2164 4832 2309 4905 petit
2355 4848 2417 4890 se
2456 4832 2672 4891 redimi
2718 4851 2756 4892 a
2804 4835 3247 4897 venditionibus
3285 4839 3504 4900 talibus

1956 4923 2168 4982 talium
2202 4924 2613 4997 venditorum,
2649 4931 2894 5003 propter
2936 4930 3267 4990 custodiam
3307 4949 3506 4994 mora·

1955 5016 2106 5075 lium
2163 5018 2602 5077 mandatorum.
2648 5023 2965 5080 possumus
3005 5023 3207 5099 itaque
3247 5032 3506 5101 quatuor

1954 5110 2052 5167 hic
2095 5126 2366 5185 pensare,
2405 5112 2680 5174 videlicet
2704 5115 3059 5176 venditionis
3091 5120 3336 5179 moralis
3369 5138 3505 5181 cau-

1953 5220 2082 5262 sam
2105 5204 2596 5280 quadruplicem.
2625 5209 2845 5269 scilicet
2867 5212 3254 5286 materialem,
3275 5215 3503 5276 forma-

1952 5332 2187 5468 3Ὶὶ5-7
2223 5331 2403 5398 Eccli„
2445 5346 2514 5395 x,
2546 5337 2596 5387 8.
2623 5336 3101 5405 —⁸Pea1.xm,
3136 5342 3186 5390 5.
3214 5367 3275 5380 -
3308 5342 3500 5412 ’Sap.,

1953 5417 1972 5455 1
