4196 6294
631 479 739 541 per
764 464 959 526 malos
996 464 1242 524 affectus
1254 504 1275 535 ‚
1301 478 1427 523 non
1461 464 1654 521 essent
1694 460 1948 520 exterius
1984 460 2176 520 tribu-

631 559 821 619 lantes
847 575 954 634 per
979 559 1172 618 malos
1206 558 1480 625 effectus;
1521 555 1637 614 nisi
1671 555 1915 612 fuissent
1953 571 2177 630 praeva-

631 653 881 712 ricantes
901 653 1126 724 animo,
1146 669 1270 711 non
1295 656 1490 711 essent
1506 650 1961 727 praejudicantes
1981 651 2177 726 proxi-

632 763 755 805 mo.
787 750 852 805 Et
877 747 1208 805 notandum
1243 746 1398 805 circa
1439 746 1746 804 veritatem
1784 744 2177 818 praevarican-

630 839 778 897 tium
797 881 815 912 ,
845 840 1011 916 quod
1038 845 1175 898 sunt
1216 838 1491 898 nonnulli
1517 839 1966 914 praevaricantes
2004 854 2072 896 ex
2110 845 2178 908 (a)

627 932 761 990 sola
781 932 1126 1008 cupiditate3
1157 934 1453 1003 nonnulli,
1472 949 1546 991 ex
1573 932 1892 1007 cupiditate
1913 933 2092 990 simul
2122 937 2180 991 et

629 1028 961 1103 voluptate3
988 1031 1291 1101 nonnulli,
1320 1046 1393 1088 ex
1424 1029 1743 1104 cupiditate
1770 1044 1844 1086 ac
1869 1027 2175 1103 voluptate

515 1165 520 1172 .
629 1122 867 1197 pariter,
898 1128 954 1182 et
981 1126 1257 1184 vanitate.
1289 1125 1465 1184 Primi
1492 1127 1652 1194 sunt,
1681 1122 1786 1198 qui
1812 1138 2047 1198 semper
2073 1138 2179 1197 pe-

629 1233 868 1276 cumam
912 1219 1364 1294 concupiscunt,
1406 1218 1549 1293 quia
1593 1234 1824 1292 semper
1862 1217 2178 1293 penuriam

627 1311 1047 1384 pertimescunt
1053 1331 1072 1384 3
1102 1312 1348 1370 secundi
1375 1315 1540 1382 sunt,
1573 1312 1678 1385 qui
1706 1314 1998 1368 sectantur
2032 1326 2178 1369 ava·

626 1404 822 1463 ritiam
839 1447 859 1476 ,
906 1409 973 1462 ut
1020 1409 1454 1480 prosequantur
1507 1403 1700 1462 carnis
1746 1405 2174 1479 concupiscen-

630 1498 802 1571 tiam3
833 1499 982 1557 tertii
1009 1503 1173 1571 sunt,
1203 1499 1457 1574 quinon
1486 1498 1682 1556 solum
1722 1497 1942 1556 divitiis
1979 1503 2036 1557 et
2072 1498 2179 1557 de-

564 1638 568 1643 .
627 1590 778 1649 liciis
803 1593 1086 1664 serviunt,
1106 1593 1213 1651 sed
1238 1609 1415 1667 super
1440 1593 1531 1650 his
1559 1592 1935 1666 impudenter
1961 1596 2019 1650 et
2046 1592 2177 1651 ina·

628 1686 780 1745 niter
807 1703 869 1744 se
898 1687 1202 1744 extollunt.
1234 1690 1310 1745 De
1336 1686 1532 1762 primo
1560 1687 1579 1722 ¹
1613 1707 1627 1743 :
1666 1706 1695 1741 α
1719 1687 1930 1746 Anima
1956 1688 2005 1745 si
2031 1703 2180 1762 prae-

629 1779 899 1838 varicans
939 1780 1321 1837 caeremonias
1358 1796 1466 1855 per
1503 1796 1766 1838 errorem
1803 1780 1866 1837 in
1907 1781 2000 1850 iis,
2039 1797 2175 1854 quaa

629 1874 879 1932 Domino
920 1877 1056 1930 sunt
1094 1873 1482 1944 sanctificata,
1520 1874 1881 1948 peccaverit,
1923 1894 1952 1929 n
1998 1877 2108 1932 etc.
2158 1892 2173 1931 :

631 1983 766 2025 ecce
795 1968 1185 2040 praevaricans
1217 1984 1293 2025 ex
1327 1967 1457 2026 sola
1485 1967 1827 2042 cupiditate.
1857 1967 2020 2026 Unde
2048 1971 2177 2041 post

627 2076 822 2134 pauca
847 2060 1119 2118 subditur
1139 2063 1161 2095 ¹
1188 2079 1203 2118 ε
1234 2064 1500 2135 «Ipsum,
1530 2060 1699 2136 quod
1727 2060 1921 2118 intulit
1944 2061 2171 2134 damni,

628 2154 906 2213 restituet.
938 2174 967 2208 ι
1001 2157 1077 2213 De
1104 2155 1367 2214 secundo
1397 2159 1419 2192 ⁸
1453 2173 1468 2213 z
1505 2174 1533 2209 α
1561 2155 1664 2214 Fili
1704 2155 1994 2226 hominia,
2018 2160 2172 2214 terra

631 2265 768 2305 cum
800 2249 1132 2323 peccaverit
1157 2250 1332 2320 mihi,
1358 2253 1424 2307 ut
1449 2249 1863 2324 praevaricetur
1895 2249 2174 2323 praevari-

630 2357 801 2412 cans,
844 2342 1158 2401 extendam
1191 2360 1439 2402 manum
1479 2359 1674 2401 meam
1711 2359 1887 2418 super
1923 2359 2086 2414 eam,
2120 2347 2177 2401 et

632 2440 932 2495 conteram
975 2437 1207 2510 virgam
1239 2438 1413 2512 panis
1458 2439 1616 2510 ejus,
1661 2440 1718 2494 et
1759 2438 2076 2496 immittam
2111 2438 2174 2494 in

630 2547 765 2589 eam
791 2529 1040 2603 fameml,
1070 2535 1128 2588 et
1160 2531 1508 2590 interficiam
1543 2532 1618 2589 de
1661 2548 1733 2590 ea
1770 2532 2076 2591 hominem
2120 2535 2178 2589 et

627 2624 979 2697 jumentum.
1007 2646 1036 2680 »
1062 2628 1182 2683 Hoc
1206 2625 1443 2684 videtur
1469 2624 1757 2699 respicere
1784 2625 2178 2700 praevarican-

631 2726 718 2779 tes
761 2725 882 2778 tam
933 2737 1009 2778 ex
1053 2719 1403 2796 cupiditate,
1447 2737 1632 2795 quam
1694 2736 1768 2778 ex
1827 2721 2175 2795 voluptat03

631 2813 775 2889 quia
822 2813 1082 2873 vindicta
1142 2815 1394 2872 sumitur
1455 2818 1578 2872 tam
1641 2814 1715 2872 de
1767 2814 2176 2889 possessione,

632 2924 816 2983 quam
853 2907 929 2966 de
967 2923 1328 2982 possessore.
1371 2911 1450 2967 De
1485 2907 1655 2966 tertio
1691 2909 1759 2964 ⁸:
1796 2928 1827 2963 a
1862 2911 1960 2966 Vae
2005 2909 2176 2981 mihi,

628 3002 1094 3077 praevaricantes¹
1116 3001 1478 3077 proevaricati
1528 3005 1683 3072 sunt,
1730 3005 1785 3059 et
1831 3002 2178 3075 praevarica-

629 3097 790 3157 tione
839 3102 1336 3171 nansgressorum
1380 3095 1750 3173 praevaricati
1798 3099 1951 3157 sunt.
1995 3118 2023 3153 n
2075 3097 2175 3156 Hic

631 3197 951 3267 tanguntur
976 3192 1423 3268 praevaricantes
1462 3208 1533 3250 ex
1572 3191 1921 3266 cupiditate,
1961 3192 2177 3266 volup-

630 3289 777 3359 tate,
809 3304 879 3346 ac
910 3288 1166 3346 vanitate
1203 3303 1310 3361 per
1346 3285 1656 3356 ordinem,
1686 3286 1836 3347 sicut
1862 3287 2178 3361 exponitur

632 3397 738 3456 per
777 3382 1026 3440 litteram
1077 3380 1418 3439 immediate
1468 3382 1811 3454 sequentem
1866 3381 1889 3416 ⁸
1929 3399 1944 3438 ε
1980 3400 2009 3434 α
2039 3383 2178 3438 For-

630 3477 822 3549 mido,
847 3480 904 3534 et
927 3477 1122 3548 fovea,
1153 3479 1211 3534 et
1234 3476 1484 3550 laqueus
1507 3491 1685 3549 super
1710 3477 1789 3546 te,
1814 3475 1919 3550 qui
1946 3474 2175 3534 habita-

632 3576 724 3629 tor
760 3587 823 3628 es
867 3574 1053 3629 terrae.
1082 3590 1110 3624 η
1144 3569 1422 3627 Formido
1469 3570 1723 3643 pertinet
1756 3569 1837 3627 ad
1883 3570 2176 3644 eupidita-

634 3667 789 3737 tem3
826 3663 1030 3737 fovea,
1058 3664 1139 3723 ad
1165 3663 1527 3737 voluptatem
1537 3683 1556 3735 3
1595 3662 1877 3737 laqueuS,
1905 3662 1984 3721 ad
2014 3662 2178 3722 vani-

633 3764 830 3818 tatem.

1127 3831 1416 3887 Articulus
1451 3831 1664 3887 tertius.

703 3950 1003 4006 Bonorum
1055 3945 1390 4016 miseratio,
1439 3949 1496 4003 et
1547 3945 1818 4003 salutaris
1874 3946 2174 4006 aemulatio

634 4042 997 4116 designatur,
1029 4057 1167 4099 cum
1195 4040 1470 4103 scribitur
1500 4058 1515 4097 ε
1555 4042 1628 4097 Et
1653 4041 1997 4099 tabescebam.
2028 4045 2174 4100 Ecce

632 4136 884 4211 qualiter
938 4134 1339 4210 condolebat,
1396 4134 1648 4208 qualiter
1703 4134 2136 4195 interveniebat
2153 4157 2195 4210 3.

633 4230 921 4304 quoniam
959 4229 1324 4300 tabescebat,
1355 4226 1644 4302 quoniam
1672 4228 1860 4286 oculis
1892 4227 2177 4303 liquesce-

631 4324 754 4382 bat.
783 4326 850 4383 Et
874 4326 1037 4395 nota,
1068 4322 1236 4397 quod
1266 4323 1564 4381 tabescere
1591 4321 1829 4394 legitur,
1853 4322 1963 4395 *qui
1992 4323 2173 4381 corri-

630 4418 820 4491 pitur,
863 4418 969 4490 qui
1013 4415 1362 4487 conteritur,
1404 4416 1508 4490 qui
1554 4415 1924 4490 compatitur.
1976 4417 2172 4476 Primo

629 4512 816 4571 modo
853 4511 1098 4570 tabescit
1137 4527 1241 4569 cor
1278 4511 1562 4584 frigidum
1581 4530 1600 4583 3
1643 4510 1906 4570 secundo
1953 4513 2173 4586 mod0‚

631 4623 734 4664 cor
781 4605 1076 4681 tepidum;
1124 4604 1296 4675 tertio
1345 4604 1561 4677 modo,
1606 4620 1710 4663 cor
1763 4605 2056 4664 calidum.
2091 4609 2171 4666 De

628 4700 825 4775 primo
852 4699 1127 4757 scribitur
1154 4700 1176 4734 ⁸
1205 4718 1221 4757 ε
1256 4718 1287 4754 α
1311 4702 1554 4772 Propter
1586 4698 1957 4774 iniquitatem
1993 4700 2174 4759 corri-

628 4793 807 4868 puisti
831 4793 1171 4865 bominem;
1202 4796 1259 4850 et
1286 4792 1583 4850 tabescere
1618 4792 1835 4865 fecisti,
1864 4794 2013 4853 sicut
2036 4811 2172 4854 ara-

629 4900 835 4960 neam,
866 4888 1130 4947 animam
1169 4887 1298 4959 ejus
1338 4903 1354 4943 :
1393 4906 1423 4940 w
1456 4902 1590 4944 ecce
1627 4886 1925 4945 tabescere
1963 4905 2175 4963 proce-

631 4982 780 5041 dens
806 4997 882 5039 ex
907 4980 1299 5055 correptione.
1330 4983 1408 5037 De
1435 4981 1697 5040 secundo
1717 4983 1738 5017 ‘¹
1765 4999 1830 5038 z«
1853 4983 2176 5042 Tabescent

696 5132 708 5160 ⁸
744 5128 920 5190 Levia,
952 5141 1004 5191 v,
1035 5131 1110 5180 15.
1136 5154 1198 5165 -
1230 5128 1248 5158 ²
1277 5127 1426 5184 thid..
1459 5132 1533 5181 16.
1569 5155 1630 5168 -
1658 5130 1676 5159 ³
1708 5129 1911 5193 Ezech„
1948 5142 2055 5195 xiv,
2093 5134 2171 5182 13.

631 5228 692 5240 -
719 5203 742 5238 ⁴
764 5202 884 5261 Ira..
911 5212 1055 5261 xxiv,
1092 5203 1169 5251 16.
1203 5226 1267 5239 —·
1292 5202 1309 5231 ⁵
1342 5200 1488 5265 thid„
1528 5204 1607 5252 17.
1635 5228 1696 5239 —
1725 5203 1744 5231 ⁶
1768 5201 1908 5253 Psal.
1943 5213 2172 5268 xxxviii,

636 5276 710 5325 12.
743 5298 802 5310 —
831 5274 847 5302 ⁷
875 5272 1049 5333 Levia,
1081 5283 1264 5336 xxxvi,
1291 5275 1371 5325 39.
1401 5298 1462 5308 -
1495 5275 1513 5302 ⁸
1543 5271 1737 5336 Thr-em,
1777 5285 1858 5336 m,
1891 5275 1966 5339 19,
1999 5275 2079 5323 2⁰.
2109 5299 2170 5312 -

1669 322 2084 391 EXPOSITIO
2127 325 2207 391 IN
2251 326 2779 399 PSALTERIUM.

2288 464 2352 522 in
2390 464 2798 542 iniquitatibus
2832 472 2953 531 suis
2988 473 3053 531 in
3086 477 3241 531 terra
3277 473 3657 532 inimicorum
3683 490 3828 531 suo-

2286 573 2453 633 rum,
2485 565 2542 618 et
2568 568 2811 637 propter
2832 570 3075 640 peccata
3099 571 3337 641 patrum
3362 583 3609 625 suorum
3633 572 3689 626 et
3719 584 3831 626 sua

2287 653 2652 727 affligentur,
2690 657 2882 717 donec
2922 659 3310 718 confiteantur
3337 677 3447 718 sua
3474 665 3716 735 peccata
3745 679 3760 718 ε
3796 683 3825 716 ι

2289 762 2422 804 ecce
2450 749 2747 810 tabescere
2776 754 3131 826 proveniens
3157 771 3231 813 ex
3258 754 3620 812 contritionis
3646 753 3831 811 afflic-

2286 842 2467 902 tione.
2510 849 2589 903 De
2629 848 2799 907 tertio
2841 851 2863 884 ⁸
2896 869 2909 906 :
2946 870 2976 904 ι
3001 850 3333 908 Recordare
3372 849 3733 925 paupertatis
3774 855 3830 907 et

2286 940 2761 1012 transgressionis
2798 960 2973 1014 meas,
3001 944 3279 1002 absinthii
3318 947 3375 1001 et
3408 943 3578 1001 fellis
3609 945 3827 1002 Memo-

2287 1030 2377 1088 ria
2396 1049 2630 1091 memor
2657 1051 2782 1108 ero,
2808 1040 2864 1094 et
2890 1037 3147 1094 tabescet
3170 1037 3235 1094 in
3256 1053 3352 1095 me
3380 1037 3580 1095 anima
3605 1053 3772 1095 mea:
3793 1056 3820 1089 ι

2288 1140 2423 1183 ecce
2450 1127 2749 1186 tabescere
2776 1129 3162 1203 progrediens
3190 1148 3263 1188 ex
3292 1130 3720 1205 compassione.

2769 1290 3053 1348 Articulus
3090 1250 3337 1363 quartus.

2360 1415 2645 1482 Quartum
2673 1414 3006 1488 denotatur,
3038 1433 3174 1474 cum
3200 1414 3470 1490 psallitur
3498 1433 3513 1473 :
3546 1416 3691 1485 Quia
3715 1419 3827 1473 elo-

2286 1511 2419 1581 quia
2456 1513 2550 1564 tua
2589 1525 2695 1566 non
2728 1511 3117 1567 custodierunt.
3162 1513 3307 1569 Nam
3344 1526 3551 1568 revera
3589 1510 3833 1586 eloquia

2287 1601 2586 1659 dominica
2613 1606 2749 1660 sunt
2775 1619 2944 1660 arma
2968 1603 3221 1676 bellica3
3250 1619 3374 1661 non
3405 1603 3695 1675 carnalia,
3721 1604 3830 1661 sed

2287 1695 2631 1769 spiritualia.
2657 1697 2877 1765 Quaeris
2898 1700 3124 1771 quare?
3145 1696 3360 1772 triplici
3386 1697 3615 1755 ratione
3642 1714 3657 1753 ε
3687 1697 3834 1772 quia

2285 1786 2595 1861 fulgentia3
2641 1789 2784 1864 quia
2824 1790 3143 1863 ferventia3
3189 1791 3333 1866 quia
3374 1791 3825 1848 inflammantia.

2285 1884 2533 1957 Fulgent
2586 1884 2831 1957 quidem
2883 1901 2991 1959 per
3045 1885 3391 1957 veritatem&
3443 1884 3673 1943 fervent
3720 1901 3832 1959 per

2286 1977 2659 2050 charitatem3
2703 1978 3081 2037 inflammant
3121 1978 3200 2036 ad
3247 1979 3541 2053 pietatem.
3588 1983 3667 2037 De
3708 1979 3830 2052 pri·

2283 2087 2386 2129 mo
2419 2073 2441 2106 ⁹
2477 2090 2490 2128 ε
2523 2091 2551 2124 α
2594 2071 2909 2146 Eloquium
2950 2072 3181 2130 Domini
3224 2072 3361 2145 igne
3404 2072 3829 2142 examinatum,

2284 2170 2514 2223 scutum
2553 2169 2638 2224 est
2673 2167 2941 2223 omnium
2975 2166 3341 2241 sperantium
3376 2166 3437 2223 in
3479 2183 3542 2224 se
3584 2184 3655 2224 :n
3692 2182 3831 2224 ecce

2285 2259 2593 2334 eloquium
2646 2259 2958 2332 fulgidum.
3018 2263 3093 2316 De
3157 2259 3420 2318 secundo
3474 2259 3702 2318 canitur
3766 2259 3829 2317 in

2286 2351 2515 2410 Psalmo
2572 2354 2609 2387 ¹⁰
2655 2371 2669 2409 :
2709 2354 3017 2426 «Ignitum
3062 2353 3371 2428 eloquium
3429 2358 3597 2411 tuum
3646 2353 3828 2411 vehe-

2286 2451 2513 2505 menter
2550 2464 2565 2503 :
2596 2467 2626 2501 w
2658 2462 2792 2504 ecce
2834 2447 3143 2521 eloquium
3182 2446 3499 2508 fervidum.
3538 2450 3618 2504 De
3658 2447 3830 2505 tertio

2286 2540 2560 2599 scribitur
2596 2557 2633 2599 a
2671 2528 3133 2616 Psalmographo
3166 2541 3209 2575 ί*
3242 2560 3258 2598 2
3295 2561 3324 2595 α
3358 2541 3676 2616 Eloquium
3723 2545 3832 2599 Do·

2285 2636 2434 2693 mini
2476 2635 2871 2694 inflammavit
2908 2652 3048 2693 eum
3086 2654 3102 2692 ε
3149 2655 3177 2689 n
3213 2651 3347 2693 ecce
3388 2634 3697 2709 eloquium
3736 2634 3831 2691 in-

2284 2730 2735 2789 flammativum.

2930 2802 3191 2868 Epilogus.

2356 2911 2501 2970 Dicit
2527 2927 2670 2984 ergo
2710 2910 3032 2984 Propheta,
3060 2925 3171 2984 pro
3212 2907 3466 2966 inimicis
3504 2906 3832 2966 inermibus

2284 3005 2709 3078 ingemiscen5‚
2748 3007 2807 3061 et
2847 3003 2923 3062 de
2960 3003 3227 3077 ipsorum
3264 3000 3610 3059 vulneribus
3652 3001 3831 3074 perti-

2284 3113 2549 3157 mescens
2599 3118 2613 3157 :
2668 3099 2832 3171 Vidi,
2877 3100 3166 3173 quantum
3217 3095 3296 3153 ad
3344 3093 3834 3153 considerationis

2285 3198 2613 3268 aspectum;
2645 3198 3096 3268 ρνωυατὶοαπτεε,
3138 3195 3428 3265 quantum
3465 3190 3545 3247 ad
3581 3206 3831 3264 exaspe-

2282 3288 2526 3347 rationis
2562 3289 2893 3361 obJectum3
2933 3291 2984 3344 et
3022 3286 3380 3356 tabescebam,
3421 3287 3710 3359 quantum
3748 3285 3830 3341 ad

2284 3381 2676 3441 miserationis
2738 3382 3053 3454 affectum3
3111 3382 3246 3453 quia
3302 3382 3516 3453 eloquia
3571 3384 3666 3434 tua
3722 3394 3831 3434 non

2283 3477 2681 3548 custodierunt,
2722 3480 3013 3551 quantum
3059 3475 3139 3533 ad
3178 3475 3585 3533 imminentem
3624 3471 3832 3530 vulne·

2283 3570 2530 3630 rationis
2559 3570 2854 3629 effectum.

2825 3790 3156 3834 vssnsmuws
3181 3792 3283 3831 XV.

2358 3952 2479 4007 159.
2534 3949 2671 4007 Vide
2715 3950 2971 4019 quoniam
3021 3947 3283 4003 mandata
3330 3950 3424 4003 tua
3468 3947 3672 4018 dilexi,
3724 3949 3827 4003 Do-

2282 4047 2445 4114 mine,
2470 4046 2581 4100 etc.
2612 4045 2674 4101 ln
2700 4041 3015 4116 praemissis
3038 4046 3273 4099 oratum
3299 4044 3385 4099 est
3415 4058 3525 4115 pro
3548 4041 3824 4114 inimicis,

2285 4154 2359 4195 ne
2395 4136 2796 4209 gehennaliter
2829 4137 3178 4205 crucientur,
3218 4151 3294 4192 ne
3333 4134 3657 4192 mortaliter
3692 4151 3829 4193 sau-

2284 4230 2541 4304 cientur3
2586 4231 2729 4305 quia
2763 4246 2908 4288 vero
2945 4230 3300 4304 plerumque
3341 4244 3624 4302 peceare,
3663 4233 3720 4287 et
3760 4246 3824 4287 se

2281 4325 2587 4400 peccando
2615 4340 2825 4383 necare
2852 4323 3149 4395 videntur,
3170 4323 3266 4380 bic
3295 4326 3497 4380 oratur
3523 4338 3633 4396 pro
3660 4321 3823 4397 ipsis,

2282 4424 2351 4477 ut
2379 4419 2680 4477 moraliter
2719 4418 3104 4476 vivificentur.
3138 4421 3296 4476 Hanc
3333 4417 3663 4475 orationem
3703 4417 3823 4476 sor·

2282 4517 2407 4571 mat
2457 4513 2746 4588 Propheta
2800 4528 2874 4569 ex
2921 4511 3255 4569 vehementi
3302 4510 3501 4568 cordis
3549 4511 3823 4569 amaritu-

2283 4608 2443 4679 dine,
2473 4608 2584 4665 sub
2611 4607 2724 4664 hac
2749 4606 2978 4664 forma:
3017 4608 3151 4663 Vide
3179 4610 3457 4679 queniam,
3488 4610 3624 4675 etc„
3652 4607 3823 4679 quasi

2283 4701 2438 4760 dicat
2468 4722 2484 4758 ε
2516 4700 2689 4772 Vide,
2721 4700 2964 4757 Domine
2979 4743 2998 4772 ,
3027 4716 3123 4756 me
3150 4700 3503 4757 morientem
3531 4717 3668 4757 cum
3694 4717 3825 4758 mo-

2280 4796 2596 4865 rientibuS,
2631 4783 2874 4869 propter
2905 4797 3147 4852 tuorum
3187 4794 3626 4851 observantiam
3652 4809 3822 4851 man—

2282 4889 2557 4947 datorum
2566 4908 2594 4962 ,-
2624 4888 2810 4947 redde
2836 4904 2933 4946 me
2963 4888 3259 4946 viventem
3288 4905 3425 4945 oum
3451 4888 3789 4946 viventibus
3798 4932 3819 4961 ,

2279 4999 2387 5057 per
2413 4998 2660 5039 suorum
2682 4982 3113 5055 indulgentiam
3135 4985 3534 5057 peccatorum.
3564 4981 3664 5039 Hic
3688 4982 3822 5040 luce

2281 5076 2494 5134 clarius
2520 5081 2776 5151 quatuor
2804 5077 3180 5136 considerare
3206 5092 3525 5151 possumus
3554 5094 3569 5133 ε
3600 5075 3825 5134 scilicet

2277 5204 2298 5236 ¹
2330 5202 2532 5266 llRe9.,
2565 5212 2708 5266 xxu,
2747 5206 2827 5253 31.
2850 5228 2913 5239 -
2956 5203 2998 5238 ¹⁰
3036 5202 3175 5252 Paul.
3213 5201 3344 5264 hoc,
3389 5203 3498 5253 14⁰.
3528 5226 3577 5237 —
3613 5200 3651 5236 ¹¹
3678 5200 3821 5251 Psal.

2279 5286 2383 5337 etv,
2414 5274 2489 5324 19.
2510 5298 2571 5313 -
2592 5273 2658 5336 (α)
2683 5273 2821 5325 Edit.
2852 5274 2966 5326 Ven.
2992 5287 3071 5323 ea.
