4196 6294
731 453 849 515 608

729 588 917 650 vetus
939 583 1298 648 transierat.
1315 579 1483 649 sltem
1497 584 1553 642 ¹:
1581 579 1875 644 «Transit
1884 581 2188 660 mundus,
2209 585 2274 646 et

728 691 1241 774 concupiscentia
1267 691 1433 771 eiuS.
1451 711 1482 748 ι)
1508 688 1630 753 Et*
1665 711 1681 753 :
1722 689 1999 753 «Coelum
2021 694 2085 753 et
2103 693 2274 753 terra

725 799 1116 863 transibunt.
1146 821 1177 858 ι»
1213 798 1440 861 Contra
1474 818 1490 862 :
1527 796 1689 861 Sunt
1716 797 1794 861 de
1820 797 2272 861 constitutione

728 904 1018 969 universi
1039 928 1055 969 t
1080 924 1238 987 ergo
1257 923 1404 970 cum
1420 904 1797 969 universum
1817 909 2103 982 maneat,
2134 924 2271 968 ma·

723 1011 1029 1076 nifestum
1057 1012 1350 1095 estquod
1378 1012 1568 1075 etiam
1607 1013 1941 1076 elementa.
1985 1012 2268 1093 Respon-

726 1117 844 1182 deo
899 1119 1276 1199 dicendum,
1321 1119 1491 1202 quod
1544 1119 1783 1203 aliquid
1830 1120 2106 1183 transire
2154 1138 2271 1185 suo

726 1226 963 1306 spatio,
993 1231 1088 1290 est
1115 1226 1448 1309 dupliciter
1476 1249 1491 1290 :
1528 1226 1633 1291 vel
1664 1231 1981 1310 quantum
2017 1227 2098 1291 ad
2122 1245 2271 1293 cor-

724 1335 1091 1416 ruptionem
1135 1334 1489 1418 secundum
1543 1338 1744 1398 totam
1799 1333 2237 1398 substantiam!
2249 1384 2268 1411 ‚

724 1440 887 1504 sicut
907 1445 1411 1524 corrumpuntur
1430 1442 1730 1505 animalia
1748 1442 1938 1505 bruta
1953 1462 1971 1518 ;
1985 1441 2090 1505 vel
2113 1459 2269 1523 quo—

724 1548 804 1610 ad
852 1549 1328 1631 corruptionem
1366 1550 1717 1632 secundum
1775 1554 2020 1632 partem
2039 1597 2060 1628 ,
2107 1549 2269 1613 sicut

724 1654 1038 1719 elementa
1065 1659 1479 1737 generantur,
1505 1661 2011 1738 corrumpuntur
2036 1657 2108 1720 in
2132 1658 2267 1721 suis

723 1763 1017 1827 terminis
1035 1813 1056 1843 ,
1081 1765 1147 1828 in
1172 1765 1410 1846 quibus
1432 1782 1498 1828 se
1524 1767 1836 1846 tangunt3
1865 1764 1972 1829 vel
1995 1767 2268 1831 transire

722 1870 845 1936 hoc
854 1876 1068 1937 astatu
1086 1873 1647 1956 corruptibilitatis,
1660 1873 1810 1938 etad
1823 1877 2059 1938 statum
2070 1875 2266 1939 alium

722 1982 1138 2044 transmutari
1171 2003 1186 2044 z
1219 1982 1343 2045 hoc
1372 1981 1560 2045 modo
1587 1981 1870 2046 mundus
1904 1982 2021 2046 iste
2056 1982 2263 2047 sensi-

722 2086 867 2152 bilis
921 2087 1356 2153 innovabitur.
1417 2088 1597 2165 Quod
1642 2107 1803 2171 ergo
1841 2090 2075 2154 dicitur
2117 2090 2222 2154 hic
2242 2140 2263 2169 ,

720 2196 891 2276 quod
916 2196 1057 2261 suis
1086 2197 1323 2278 spatiis
1363 2200 1698 2262 transeunt
1715 2243 1732 2271 ‚
1764 2195 1962 2260 altero
1997 2196 2266 2261 istorum

721 2302 1061 2366 modorum
1097 2302 1501 2383 intelligitur.
1548 2302 1729 2380 Quod
1775 2321 2003 2368 rursus
2040 2303 2262 2387 01)]ἰοί-

711 2412 826 2473 tur
873 2430 890 2474 ε
948 2432 979 2469 α
1005 2407 1259 2473 Transit
1305 2410 1589 2474 mundus
1647 2414 1710 2474 et
1759 2410 2265 2494 concupiscentia

718 2518 894 2598 ejus,
910 2539 940 2575 ι)
968 2516 1415 2583 determinatio
1442 2516 1655 2593 solvit,
1686 2516 1927 2581 scilicet
1953 2518 2257 2596 mundus,

718 2631 909 2708 prout
935 2630 1032 2690 est
1065 2613 1310 2690 occasio
1339 2624 1702 2706 voluptatis.
1750 2624 1930 2701 Quod
1974 2626 2208 2689 dicitur
2240 2649 2255 2691 t

729 2733 915 2800 «Vidi
942 2736 1178 2802 coelum
1202 2753 1533 2814 novum3»
1570 2734 1824 2798 Glossa:
1866 2758 1897 2795 α
1921 2733 1986 2798 ld
2013 2739 2127 2813 est,
2160 2735 2263 2799 in-

716 2846 1049 2907 novatum.
1074 2864 1106 2903 n
1150 2842 1331 2919 Quod
1359 2842 1587 2907 dicitur
1617 2861 1635 2906 t
1676 2865 1707 2902 (ι
1730 2841 1971 2906 Goelum
2001 2847 2064 2907 et
2090 2847 2261 2907 terra

715 2950 1101 3030 transibunt,
1133 2972 1162 3009 υ
1196 2949 1414 3014 Glossa
1439 2949 1736 3033 exponit,
1758 2968 1797 3013 a
1814 2951 2018 3014 forma
2046 2954 2256 3016 muta-

714 3055 826 3119 bili
855 3058 934 3121 ad
962 3057 1452 3123 immutabilem.
1933 3076 1936 3079 ’

794 3169 855 3229 2.
884 3167 1152 3249 Tempus
1173 3167 1516 3245 nascendi,
1545 3171 1666 3231 etc.
1697 3166 1906 3249 Supra
1930 3167 2258 3248 proposuit

709 3273 1203 3366 propositionem
1224 3273 1619 3356 generalem;
1645 3274 1752 3337 hic
1778 3275 2003 3356 probat
2026 3293 2168 3338 eam
2187 3275 2255 3338 in

709 3380 966 3462 speciali
993 3381 1349 3447 inducendo
1371 3431 1389 3462 ,
1444 3381 1778 3446 ostendens
1808 3382 1877 3444 in
1907 3382 2101 3447 rebus
2151 3380 2253 3445 di-

708 3505 925 3553 versas
976 3492 1338 3572 temporum
1384 3490 1740 3555 varietates,
1788 3489 1866 3554 Et
1919 3490 2061 3554 haec
2107 3507 2254 3572 pars

642 3590 648 3599 ’
707 3594 902 3661 habet
944 3600 1225 3679 quatuor
1263 3601 1475 3680 partes
1508 3617 1523 3658 ε
1555 3598 1763 3679 primo
1801 3596 2093 3677 tangitur
2136 3616 2251 3661 va-

705 3703 899 3768 rietas
946 3708 1337 3788 temporum,
1388 3724 1535 3790 quae
1587 3705 1840 3790 respicit
1889 3709 2138 3783 ortum,
2188 3709 2252 3769 et

705 3827 1024 3890 occasum3
1048 3812 1347 3890 secund0‚
1376 3831 1522 3894 quae
1547 3811 1804 3894 respicit
1825 3815 2085 3890 statum,
2116 3810 2243 3874 ibi:

714 3917 980 4001 Tempus
1009 3919 1249 4002 flendi,
1298 3927 1358 3987 et
1397 3926 1637 4002 tempus
1679 3918 1944 3985 ridendi
1955 3938 1984 4001 ;
2017 3919 2203 3982 tertio
2225 3968 2241 3998 ‚

701 4025 814 4089 illa
859 4044 1006 4109 quae
1046 4027 1301 4109 respicit
1342 4045 1572 4106 usum,
1619 4026 1707 4090 ibi
1758 4047 1774 4091 z
1815 4026 2076 4109 Tempus
2118 4044 2247 4093 am-

697 4133 1047 4216 plexandi,
1074 4139 1218 4214 etc.;
1250 4140 1501 4218 quarto,
1534 4134 1644 4198 illa
1672 4152 1820 4216 quae
1850 4134 2108 4216 respicit
2135 4134 2248 4198 de-

702 4241 853 4305 hitae
893 4241 1393 4306 conversationis
1430 4240 1731 4319 modum,
1776 4239 1865 4303 ihi
1906 4261 1921 4301 :
1976 4223 2245 4322 Tempus

703 4346 983 4425 tacendi,
1023 4352 1142 4413 etc.
1176 4347 1395 4413 Primo
1435 4347 1640 4429 igitur
1674 4345 2100 4410 introducitur
2135 4347 2245 4411 illa

703 4455 998 4536 varietaS,
1029 4473 1178 4538 quae
1208 4455 1464 4539 respicit
1489 4458 1705 4519 ortum
1731 4471 1951 4518 rerum
1980 4457 2048 4517 et
2070 4472 2243 4519 occa·

697 4581 848 4626 sum
886 4564 1007 4628 sub
1045 4562 1443 4646 quadruplici
1470 4561 1862 4627 differentia:
1894 4563 2108 4645 'primo
2134 4563 2241 4628 vi-

659 4739 662 4744 ,
699 4671 1027 4749 ventium;
1054 4670 1331 4736 secundo
1355 4669 1846 4751 vegetabilium3
1875 4672 2065 4735 tertio
2093 4689 2238 4737 sen·

698 4777 977 4843 sibilium
1003 4801 1021 4857 ;
1054 4781 1281 4862 quarto
1309 4776 1759 4841 artificialium.

691 4901 700 4934 ³
778 4886 1102 4964 Quantum
1128 4886 1210 4950 ad
1232 4887 1449 4949 ortum
1466 4888 1532 4948 et
1548 4901 1841 4948 occasum
1858 4885 2235 4965 viventium,

696 4993 847 5058 dicit
871 4993 960 5057 ibi
976 5011 1112 5057 esse
1130 4993 1499 5058 varietatem
1523 5039 1541 5070 ‚
1573 5010 1720 5056 cum
1745 4991 1897 5055 dicit
1924 5012 1938 5056 :
1970 4991 2237 5074 Tempus

694 5100 1044 5177 nascendi,
1096 5106 1159 5167 et
1202 5105 1444 5181 tempus
1484 5098 1808 5166 moriendi
1818 5122 1837 5174 ;
1877 5102 1942 5163 et
1979 5099 2104 5163 hoc
2141 5104 2237 5164 est

759 5299 777 5335 ²
806 5302 822 5350 l
851 5300 1014 5363 Joan„
1044 5310 1114 5361 11,
1149 5300 1293 5349 17.—
1317 5297 1336 5326 ²
1357 5294 1562 5359 Metili„
1584 5308 1729 5358 xxiv,
1753 5298 1835 5346 35.
1856 5323 1916 5336 —
1943 5296 1963 5326 ⁸
1985 5296 2098 5350 Job,
2124 5309 2235 5364 xiv,

689 5377 743 5422 t.
774 5398 837 5410 —
870 5372 891 5407 ⁸
930 5369 1108 5434 Bccli„
1146 5381 1243 5432 n,
1283 5372 1330 5419 1.
1358 5395 1422 5407 —
1459 5368 1482 5404 ⁸
1521 5371 1662 5433 Sap„
1701 5380 1752 5433 v,
1795 5370 1871 5420 ¹3.
1902 5394 1964 5406 -—
2004 5368 2026 5402 ⁸
2053 5368 2232 5434 Eccli„

694 5454 801 5504 xiv,
831 5444 910 5493 19.
938 5466 1001 5480 —
1027 5442 1044 5472 ⁷
1072 5442 1214 5498 Gen..
1244 5450 1303 5501 11,
1333 5441 1446 5490 8.-
1477 5438 1500 5474 ⁸
1527 5439 1665 5503 Luc„
1691 5451 1809 5501 1111,
1838 5441 1887 5491 Ἰ.
1920 5465 1975 5476 -
2011 5441 2029 5470 ⁹
2061 5440 2231 5504 Dent„

1745 444 2153 511 EXPOSITIO
2197 445 2276 511 ΙΝ
2316 444 2910 512 ECCLESIASTEN.

2384 582 2685 647 omnibus
2710 581 3078 645 viventibus
3095 630 3114 660 ‚
3144 583 3300 664 quia
3337 583 3416 647 de
3445 584 3774 650 nativitate
3808 604 3919 651 ve·

2380 690 2563 754 nitur
2602 689 2683 753 ad
2727 689 3071 752 mortem.’
3094 689 3354 755 «Homo
3404 695 3598 755 natus
3651 693 3733 756 de
3785 712 3920 759 mu·

2380 797 2559 876 liere,
2587 797 2770 862 brevi
2800 798 3025 862 vivens
3050 792 3361 881 tempore,
3391 801 3683 882 repletur
3705 803 3915 867 multis

2380 907 2674 971 miseriis.
2710 929 2741 964 n
2807 906 2887 970 Et
2926 908 2948 940 ⁸
2997 930 3012 970 ε
3085 931 3115 967 (ι
3157 906 3499 989 Occupatio
3546 908 3627 989 (α)
3680 927 3914 990 magna

2380 1019 2592 1080 creata
2628 1019 2725 1079 est
2753 1033 2945 1096 super
2990 1016 3154 1079 filios
3182 1015 3389 1079 Adam
3407 1065 3427 1094 ,
3480 1035 3521 1079 a
3548 1016 3653 1079 die
3704 1017 3912 1081 exitus

2379 1124 2457 1188 de
2509 1129 2735 1188 ventre
2780 1123 3007 1186 matris
3056 1141 3282 1186 eorum
3317 1170 3334 1199 ,
3390 1142 3602 1206 usque
3644 1124 3712 1187 in
3748 1125 3908 1189 diem

2379 1229 2728 1312 sepulturae
2783 1228 2854 1292 in
2909 1232 3185 1292 matrem
3234 1230 3553 1295 omnium.
3600 1254 3631 1290 n
3684 1229 3759 1295 Et
3806 1238 3827 1271 ⁵
3884 1258 3899 1294 :

2388 1360 2419 1397 a
2440 1337 2567 1401 Nos
2596 1336 2724 1400 nati
2755 1336 3058 1399 continuo
3084 1336 3436 1400 desinimus
3474 1356 3634 1401 esse.
3663 1359 3695 1397 υ
3729 1337 3805 1402 Et
3822 1340 3845 1373 ‘
3886 1356 3904 1402 :

2386 1467 2419 1504 α
2444 1444 2588 1509 Alia
2630 1448 3042 1525 generantur,
3085 1448 3150 1508 et
3187 1444 3312 1509 alia
3358 1445 3742 1527 dejiciuntur
3768 1448 3908 1511 :sic

2377 1552 2708 1633 generatio
2754 1551 2965 1615 carnis
3002 1555 3069 1615 et
3094 1552 3430 1632 sanguinis
3445 1600 3462 1631 ,
3506 1552 3631 1616 alia
3671 1554 3902 1633 finitur,

2376 1663 2440 1723 et
2465 1659 2593 1722 alia
2618 1659 2924 1722 nascitur.
2949 1680 2980 1717 ι)

2460 1767 2784 1843 Quantum
2812 1766 2892 1829 ad
2918 1769 3131 1829 ortum
3176 1766 3639 1848 vegetabilium
3660 1816 3681 1845 ,
3712 1768 3854 1832 dicit
3882 1790 3899 1831 :

2383 1875 2651 1957 Tempus
2683 1864 3066 1956 plantandi3
3107 1878 3427 1956 quantum
3461 1874 3542 1939 ad
3568 1894 3855 1940 occasum
3883 1898 3897 1938 ε

2312 1994 2322 2006 ·
2381 1982 2649 2064 Tempus
2712 1981 3025 2048 evellendi
3104 1981 3278 2063 quod
3325 1982 3698 2064 plantatum
3748 1990 3833 2050 est
3853 1991 3898 2046 ⁷.

2383 2112 2415 2148 α
2441 2088 2846 2153 Planvaterat
2874 2089 3178 2153 Dominus
3219 2089 3388 2153 Deus
3409 2089 3771 2170 paradisum
3796 2108 3902 2154 vo-

2371 2195 2650 2279 luptatis„
2676 2217 2709 2255 n
2735 2197 2859 2261 Sed
2887 2201 3129 2278 tempus
3156 2195 3467 2262 evellendi
3486 2198 3897 2275 infructuosa3

2372 2304 2543 2367 unde
2570 2304 2593 2338 ⁸
2625 2326 2640 2366 z
2673 2303 2870 2368 «Ecce
2898 2307 3028 2368 tres
3054 2304 3208 2367 anni
3235 2308 3422 2380 sunt,
3452 2324 3535 2369 ex
3563 2323 3697 2387 quo
3721 2305 3902 2370 venio

2373 2429 2668 2493 quaerens
2695 2412 2970 2475 fructum
3010 2412 3077 2474 in
3103 2412 3222 2476 hac
3248 2413 3376 2475 ficu
3396 2461 3412 2492 ,
3460 2416 3526 2477 et
3553 2431 3685 2477 non
3728 2413 3899 2477 inve·

2372 2518 2479 2582 nio
2512 2540 2527 2581 ε
2560 2518 2808 2582 succide
2835 2536 2993 2599 ergo
3034 2517 3233 2580 illam.
3268 2541 3299 2577 ι)

2450 2624 2773 2700 Quantum
2817 2626 2900 2689 ad
2937 2630 3147 2689 ortum
3196 2629 3259 2689 et
3300 2643 3595 2690 occasum
3643 2628 3903 2691 sensibi-

2368 2730 2553 2810 lium,
2585 2732 2797 2796 subdit
2828 2734 2911 2814 (v.
2936 2733 2992 2815 3)
3021 2754 3037 2795 :
3075 2732 3344 2815 Tempus
3368 2732 3732 2813 occidendi,
3751 2742 3899 2811 etc.;

2369 2842 2435 2901 et
2461 2840 2905 2920 praemittitur:
2944 2841 3206 2923 Tempus
3228 2840 3585 2921 occidendi,
3616 2846 3680 2906 et
3706 2843 3906 2924 sequi-

2366 2950 2514 3009 tur:
2553 2947 2821 3029 Tempus
2859 2946 3179 3026 sanandi,
3218 2952 3473 3031 propter
3512 2952 3750 3012 statum
3786 2968 3903 3013 na-

2367 3058 2530 3117 turae
2566 3059 2914 3137 corruptae,
2946 3073 3096 3136 quae
3130 3055 3344 3135 magis
3386 3055 3671 3133 inolevit,
3703 3060 3775 3120 ut
3799 3075 3901 3120 sa-

2365 3162 2533 3224 nitas
2559 3181 2689 3226 non
2709 3163 2940 3226 habeat
2966 3162 3202 3227 locum.
3227 3163 3313 3227 De
3329 3164 3452 3228 hac
3477 3165 3826 3229 variatione
3841 3171 3892 3226 ⁹:

2373 3291 2404 3328 a
2434 3268 2576 3350 Ego
2602 3269 2907 3347 occidam,
2933 3274 2998 3333 et
3024 3289 3147 3350 ego
3174 3270 3391 3336 vivere
3417 3272 3667 3336 faciam.
3696 3295 3727 3331 ι)

2446 3375 2770 3452 Quantum
2807 3378 2886 3440 ad
2918 3381 3135 3441 ortum
3176 3382 3239 3442 et
3280 3396 3574 3442 occasum
3611 3379 3900 3443 artificia·

2362 3483 2559 3564 lium,
2605 3485 2817 3549 subdit
2859 3491 3130 3567 quarto:
3194 3485 3456 3567 Tempus
3496 3486 3897 3564 destmmdi,

2361 3610 2503 3656 ecce
2547 3611 2838 3670 occasus;
2883 3593 2966 3656 Et
3013 3599 3256 3675 tempus
3299 3593 3715 3675 oedimandi,
3761 3614 3901 3660 ecee

2363 3700 2728 3764 reformatio
2766 3700 3088 3764 destructi.
3140 3699 3534 3767 Destruenda
3586 3707 3735 3767 sunt
3773 3703 3904 3766 rui·

2357 3825 2519 3870 nosa
2546 3807 2625 3870 ¹⁰:
2660 3830 2691 3866 ε(
2717 3805 2860 3870 Non
2900 3807 3297 3891 relinquetur
3324 3808 3391 3872 in
3418 3814 3483 3873 te
3521 3809 3684 3892 lapis
3715 3827 3905 3892 super

2356 3913 2654 3996 lapidem.
2696 3938 2726 3974 n
2775 3915 3040 3996 Tempus
3074 3916 3491 3997 aedificandi,
3533 3935 3686 3980 cum
3731 3916 3906 3980 adest

2357 4040 2576 4086 rerum
2604 4022 2784 4105 copia
2811 4025 2892 4085 ¹¹:
2934 4047 2965 4083 ε(
2992 4022 3327 4089 Destruam
3368 4025 3601 4089 horrea
3636 4043 3813 4102 mea,
3839 4027 3904 4088 et

2356 4148 2581 4194 rursus
2607 4131 2834 4195 faciam
2854 4133 3119 4214 majora.
3151 4153 3180 4190 n
3216 4133 3261 4171 ¹⁸
3286 4155 3318 4191 c(
3344 4130 3597 4197 Portate
3620 4132 3897 4212 lignum,

2356 4237 2665 4302 aediflcate
2692 4217 2982 4318 domum,
3006 4244 3068 4304 et
3096 4239 3497 4322 acceptabilis
3515 4241 3635 4304 erit
3656 4238 3839 4303 mihi.
3858 4259 3891 4296 ι

2357 4342 2435 4407 Et
2463 4345 2553 4407 sic
2576 4363 2709 4408 non
2738 4350 2833 4409 est
2859 4349 3062 4410 status
3087 4345 3157 4409 in
3184 4364 3406 4411 rerum
3433 4364 3728 4428 egressu.

2432 4455 2494 4515 4.
2553 4452 2816 4535 Tempus
2871 4451 3074 4534 flendi
3087 4502 3103 4533 ,
3150 4457 3270 4517 etc.
3328 4451 3540 4518 Posita
3600 4454 3903 4519 varietate

2353 4564 2738 4642 temporum,
2761 4578 2908 4642 quae
2936 4560 3191 4643 respicit
3218 4563 3432 4624 ortum
3459 4579 3678 4626 rerum
3704 4566 3768 4626 et
3791 4580 3901 4626 oc-

2352 4685 2595 4746 casum,
2629 4667 2888 4750 ponitur
2915 4668 3023 4732 hic
3048 4668 3323 4733 varietas
3347 4673 3736 4752 temporum,
3754 4687 3901 4752 quae

2350 4775 2603 4856 respicit
2621 4777 2881 4854 statum,
2907 4778 3126 4857 utpote
3146 4777 3581 4859 prosperitatis
3605 4782 3671 4842 et
3683 4778 3902 4842 adver·

2349 4882 2572 4946 sitatis.
2599 4881 2679 4946 Et
2694 4882 2818 4946 hoc
2850 4883 3195 4947 attenditur
3217 4884 3570 4949 secundum
3588 4885 3902 4968 triplicem

2349 4989 2777 5054 differentiam
2794 5036 2813 5069 ‚
2856 4990 3094 5054 scilicet
3121 4991 3572 5075 prosperitatiS,
3595 4991 3904 5074 jucundi-

2349 5097 2521 5177 tatis,
2540 5101 2603 5161 et
2634 5096 3014 5177 securitatiS,
3052 5099 3117 5162 et
3141 5116 3410 5164 suorum
3433 5100 3901 5182 oppositorum.

2348 5279 2533 5405 {xz}
2552 5268 2636 5391 39¹.
2672 5293 2735 5392 ἒ-
2760 5269 2796 5298 ¹⁸
2823 5268 2962 5333 Luc„
2991 5279 3140 5334 xxix,
3170 5270 3248 5320 44.
3273 5294 3337 5306 —
3370 5270 3411 5305 ¹¹
3436 5269 3573 5332 Luc„
3602 5282 3703 5334 ιιι,
3732 5275 3809 5324 ¹8.
3839 5298 3901 5309 -

2540 5376 2571 5398 ..
2627 5377 2645 5405 ‚
2710 5378 2723 5392 .

2411 5441 2478 5506 (a)
2505 5440 2626 5492 coet.
2654 5439 2777 5493 edit.
2800 5438 3029 5492 Occasio.
