4196 6294
1165 526 1264 593 DE
1303 524 1586 593 SAGRAE
1627 524 2095 595 SCRIPTURAE
2140 527 2707 598 PRAESTANTIA:
3455 531 3533 594 13

360 667 575 735 toribus
591 682 854 749 semper
875 663 1063 749 quasi
1087 667 1264 731 vetus
1283 663 1791 746 recognoscitur,
1813 666 1877 729 et

360 780 548 840 tamen
564 773 761 839 doctis
788 789 1052 857 semper
1066 789 1231 837 nova
1256 771 1591 854 reperitur.
1620 769 1701 835 Ut
1726 787 1880 852 ergo

360 883 426 947 de
459 899 667 947 rerum
701 881 999 964 pondere
1030 882 1268 944 taceam
1288 927 1306 957 ,
1337 878 1631 943 scientias
1663 883 1883 942 tamen

363 1008 557 1057 omnes
582 994 773 1074 atque
797 989 1144 1069 doctrinas,
1165 988 1303 1071 ipso
1320 987 1515 1052 etiam
1545 986 1883 1052 locutionis

359 1119 474 1166 suae
497 1118 669 1164 more
700 1098 1136 1177 transcendit,
1172 1095 1328 1179 quia
1367 1113 1498 1159 uno
1531 1095 1883 1177 eodemque

357 1225 641 1287 sermone,
671 1207 834 1273 dum
855 1209 1074 1269 narrat
1100 1208 1371 1283 textum,
1403 1203 1614 1285 prodit
1636 1206 1877 1285 myste-

353 1317 524 1396 rium,
551 1319 614 1380 et
640 1315 736 1379 sic
762 1315 877 1379 scit
904 1312 1226 1398 praeterita
1268 1311 1497 1391 dicere,
1532 1315 1605 1375 ut
1640 1328 1715 1374 eo
1744 1309 1883 1392 ipso

353 1424 578 1489 noverit
611 1423 832 1489 futura
869 1421 1238 1506 praedicare.
1280 1443 1311 1480 n
1358 1419 1703 1504 Propterea
1731 1418 1885 1483 dicit

352 1530 743 1611 Augustinus
773 1532 814 1609 ¹,
849 1554 880 1591 α
897 1529 1070 1614 quod
1099 1546 1280 1594 sacra
1309 1526 1641 1611 Scriptura
1666 1527 1758 1590 sic
1781 1525 1878 1590 lo·

351 1638 547 1720 quitur
562 1689 582 1718 ,
614 1642 693 1703 ut
721 1637 1056 1703 altitudine
1085 1655 1206 1701 sua
1247 1636 1557 1719 superbos
1585 1634 1878 1713 irrideat,

349 1748 759 1829 profunditate
767 1751 1041 1813 attentos
1050 1748 1307 1826 terreat,
1318 1746 1586 1812 veritate
1600 1760 1879 1825 magnos

349 1860 564 1938 pascat,
594 1854 972 1921 affabilitate
1000 1853 1307 1939 parvulos
1333 1852 1601 1918 nutriat.
1633 1873 1666 1913 n

422 1963 686 2040 Quartus
713 1964 1021 2044 defectus,
1048 1980 1242 2046 quem
1271 1964 1553 2027 errantes
1580 1960 1651 2024 in
1679 1958 1887 2042 Scrip-

354 2076 543 2137 turam
584 2074 798 2139 solent
842 2072 1207 2155 impingere
1225 2119 1248 2151 ‚
1305 2075 1401 2136 est
1448 2069 1881 2154 superfluitas.

351 2179 559 2245 Dimmt
594 2182 800 2260 enim,
843 2180 1020 2264 quod
1070 2179 1488 2262 genealogias
1529 2176 1887 2261 superfluas

351 2289 521 2369 texit,
549 2292 610 2354 et
638 2289 945 2354 historias
972 2288 1313 2371 productas
1337 2287 1518 2371 ponit
1532 2336 1549 2367 ,
1594 2289 1658 2351 et
1684 2285 1888 2351 multa

349 2395 648 2461 inutiliter
688 2396 941 2479 repetit.
992 2395 1182 2461 Hunc
1229 2412 1511 2460 errorem
1568 2395 1782 2476 tangit
1825 2396 1888 2458 et

346 2507 635 2589 reprobat
681 2505 979 2569 Rabanus
997 2552 1016 2582 ,
1063 2504 1277 2569 dicens
1305 2505 1365 2584 ’,ε
1409 2527 1441 2565 a
1465 2501 1673 2569 Verba
1702 2519 1886 2589 quae-

348 2612 480 2677 dam
518 2616 595 2679 de
625 2613 882 2678 arcanis
915 2612 1079 2694 legis
1115 2615 1295 2693 sunt,
1335 2613 1404 2676 in
1441 2612 1678 2696 quibus
1704 2631 1886 2677 erra-

352 2726 570 2788 verunt
601 2722 823 2788 multi.
859 2720 1010 2787 Haec
1050 2725 1267 2785 autem
1302 2723 1457 2785 sunt
1480 2720 1797 2799 historias,
1822 2724 1886 2786 et

348 2832 770 2912 narrationes,
801 2848 951 2913 quae
978 2832 1354 2913 repetuntur
1384 2828 1455 2891 in
1479 2827 1628 2910 lege
1644 2876 1662 2906 ‚
1695 2813 1759 2893 et
1783 2846 1886 2893 re-

347 2940 719 3006 memoratio
777 2938 1266 3022 generationum
1309 2936 1593 3001 filiorum
1641 2936 1795 3002 Noe.
1853 2959 1886 2999 n

346 3044 415 3113 Et
437 3048 785 3133 subjungit
810 3047 881 3111 in
908 3047 1038 3111 fine
1066 3045 1288 3129 capitis
1316 3067 1332 3109 ε
1363 3067 1395 3106 a
1422 3043 1544 3109 Sed
1571 3044 1747 3126 scito,
1783 3063 1889 3109 011-

341 3157 718 3242 iuscumque
734 3156 831 3221 rei
848 3156 1160 3221 rationem
1177 3172 1306 3219 non
1323 3153 1603 3220 advertis
1619 3154 1687 3217 in
1711 3154 1878 3236 lege,

343 3283 437 3330 res
492 3265 607 3331 illa
663 3282 922 3330 causam
968 3263 1164 3327 habet
1215 3262 1444 3327 fortem
1462 3310 1480 3343 ‚
1534 3261 1886 3327 secundum

345 3375 504 3455 quod
553 3375 868 3439 dixerunt
916 3371 1277 3455 sapientes:
1322 3370 1465 3437 Non
1502 3373 1597 3434 est
1642 3369 1883 3451 aliquid

344 3482 565 3547 frustra
592 3483 670 3546 111
696 3482 882 3546 1101115
897 3527 916 3556 ,
954 3479 1022 3545 id
1067 3482 1161 3544 est
1202 3479 1272 3543 in
1308 3478 1617 3561 sapientia
1655 3477 1887 3543 tradita

343 3590 562 3670 nobis;
605 3589 786 3672 quod
813 3588 868 3651 si
907 3588 1144 3651 frustra
1183 3589 1299 3667 est,
1346 3604 1429 3651 ex
1457 3586 1650 3651 nobis
1665 3588 1788 3666 est;
1818 3586 1886 3651 id

345 3702 452 3777 est,
481 3717 565 3763 ex
588 3698 839 3762 defectu
862 3694 1142 3760 scientiae
1159 3697 1417 3759 nostrae.
1443 3691 1499 3758 N
1501 3711 1607 3758 am
1626 3692 1885 3776 injustis

342 3820 509 3868 sacra
534 3803 872 3888 Scriptura
910 3802 1166 3869 videtur
1205 3801 1293 3884 inj
1301 3806 1446 3866 usta
1467 3850 1485 3881 ,
1520 3799 1886 3883 insipienti-

343 3909 457 3974 bus
492 3911 730 3991 stulta,
774 3911 1086 3978 obscoenis
1133 3909 1469 3976 immunda
1484 3956 1502 3988 ,
1542 3907 1727 3975 vanis
1772 3924 1885 3973 su-

345 4019 602 4100 perflua.
668 4019 771 4085 Sic
817 4038 855 4084 e
897 4018 1149 4098 contraf,
1194 4016 1585 4099 sapientibus
1626 4015 1886 4081 videtur

348 4127 546 4191 omnis
570 4127 903 4210 sapientiae
939 4125 1324 4191 contentiva.
1352 4145 1385 4185 1>
1421 4124 1688 4207 Propter
1713 4123 1887 4207 quod

347 4231 692 4316 Gregorius
720 4239 744 4275 ⁸
790 4238 1119 4318 comparat
1174 4251 1319 4299 eam
1375 4250 1655 4297 mannae.
1705 4231 1886 4309 Quod

348 4359 497 4408 vero
527 4343 734 4409 aliena
771 4344 854 4408 sit
887 4362 928 4408 a
954 4343 1282 4426 Scriptura
1308 4341 1716 4424 superfluitas
1751 4358 1887 4405 om-

345 4449 466 4528 nis,
513 4451 922 4516 manifestum
967 4453 1062 4516 est
1102 4450 1471 4515 testimonio
1512 4447 1881 4527 Salvatoris,

348 4574 488 4622 cum
523 4558 675 4623 dicit
699 4559 751 4623 ⁸:
786 4582 816 4618 α
844 4559 1053 4624 Amen
1083 4557 1318 4642 quippe
1344 4557 1486 4623 dico
1516 4557 1724 4638 vobis.
1756 4557 1887 4621 iota

349 4680 573 4746 unum,
594 4670 708 4732 aut
733 4684 907 4733 unus
931 4684 1096 4749 apex
1124 4683 1252 4730 11011
1274 4664 1625 4748 praeteribit
1650 4683 1689 4728 a
1713 4664 1880 4746 lege,

351 4772 541 4840 donec
556 4776 777 4844 omnia
794 4777 975 4856 flant,
1001 4780 1120 4841 etc.
1145 4798 1176 4835 ι)
1198 4772 1339 4839 Non
1367 4773 1578 4838 solum
1595 4789 1755 4854 ergo
1772 4772 1888 4837 mi-

350 4882 521 4948 nima
557 4884 787 4964 littera,
833 4885 965 4949 iota
996 4882 1361 4968 superfluit3
1392 4881 1502 4946 sed
1532 4899 1650 4946 nec
1674 4880 1888 4946 littera

352 4993 574 5072 minor,
603 5013 805 5078 apex,
851 4994 964 5077 qui
1003 4994 1361 5059 litterarum
1397 4991 1886 5073 ambiguitatem

353 5100 712 5186 distinguit:
767 5106 1015 5187 quanto
1057 5103 1266 5185 magis
1307 5100 1490 5166 nulla
1534 5099 1883 5183 Scripturae

354 5225 542 5275 sam’ae
557 5211 821 5296 syllaba,
842 5212 950 5278 vel
970 5211 1181 5292 dictio,
1206 5209 1310 5276 vel
1329 5208 1644 5274 sententia
1670 5226 1887 5291 super-

356 5312 543 5383 fluere
556 5322 785 5402 potaetl
804 5318 1075 5403 Propter
1100 5318 1272 5402 quod
1290 5317 1369 5384 de
1387 5315 1566 5382 libris
1592 5315 1742 5397 11115,
1766 5317 1883 5401 qui

420 5479 437 5508 ¹
464 5482 603 5548 Aug„
627 5482 687 5534 de
717 5484 843 5536 Gen.
876 5481 951 5535 ad
974 5481 1104 5549 lita,
1130 5483 1217 5534 lib.
1244 5483 1309 5545 v,
1341 5496 1389 5536 0.
1419 5492 1503 5535 111.
1531 5506 1595 5521 -
1620 5481 1639 5514 ²
1664 5482 1886 5547 naban„

364 5549 418 5598 in
442 5550 571 5619 Ga,
592 5569 641 5608 c.
667 5568 844 5622 emt,
871 5566 1090 5610 cmxt.
1110 5580 1175 5595 —
1193 5554 1216 5591 ⁸
1236 5556 1413 5621 Greg„
1430 5552 1645 5617 uorat..
1671 5554 1763 5608 lib.
1791 5555 1884 5619 vt,

1989 665 2273 731 maxime
2313 666 2618 732 videntur
2660 682 2924 732 narrare
2979 663 3325 748 superflua,
3382 664 3538 730 dicit

1990 769 2423 855 Hieronymus
2456 781 2523 839 ⁶:
2565 796 2596 835 α
2622 774 2699 839 111
2721 775 3001 842 Levitico
3041 771 3305 854 singula
3346 771 3537 836 sacri-

1989 881 2159 961 ficia,
2187 882 2316 947 imo
2343 884 2625 965 singula}
2651 884 2939 967 syllabae,
2967 886 3031 947 et
3058 884 3268 947 vestes
3293 881 3533 960 Aaron,

1991 994 2056 1055 et
2092 994 2266 1056 totus
2304 993 2461 1057 ordo
2497 993 2787 1059 leviticus
2829 992 3077 1075 spirant
3124 990 3403 1054 coelestia
3430 1007 3531 1055 sa-

1992 1105 2341 1166 cramenta.
2371 1101 2641 1169 Numeri
2665 1090 2821 1169 ver'o
2847 1118 3062 1165 nonne
3086 1099 3282 1163 totius
3314 1099 3533 1163 Arith-

1993 1210 2240 1274 meticae
2269 1212 2574 1293 mysteria
2599 1209 2963 1276 continent?
2992 1206 3182 1272 Liber
3207 1204 3540 1287 Paralipo-

1992 1333 2220 1385 menon
2262 1321 2478 1382 tantus
2520 1322 2637 1399 est,
2685 1316 2858 1401 quod
2903 1316 3043 1380 sine
3086 1332 3163 1379 eo
3210 1314 3539 1379 scientiam

1994 1422 2478 1509 Scripturarum
2504 1426 2559 1490 si
2584 1425 2729 1509 quis
2755 1423 3035 1489 voluerit
3060 1421 3185 1487 sibi
3210 1438 3535 1503 arrogare,

1995 1532 2279 1615 seipsum
2322 1534 2603 1598 irrideat.
2650 1531 2772 1597 Per
2809 1531 3070 1613 singula
3116 1546 3372 1613 quoque
3416 1546 3535 1594 no-

1994 1640 2196 1721 mina,
2236 1642 2700 1723 ⁴juncturasque
2742 1638 3092 1705 verborum
3106 1684 3129 1716 ‚
3174 1638 3237 1701 et
3276 1638 3541 1720 praeter-

1994 1747 2210 1813 missae
2249 1749 2317 1812 in
2352 1748 2529 1813 libris
2565 1750 2806 1833 Regum
2839 1748 3185 1813 narrantur
3222 1744 3537 1825 historiae,

1995 1858 2059 1921 et
2140 1856 2637 1922 innumerabiles
2729 1856 3130 1940 explicantur
3206 1851 3544 1934 Evangelii

1996 1964 2399 2047 quaestiones,
2424 1985 2455 2025 1)
2477 1964 2657 2030 Unde
2685 1964 3091 2030 Cassiodorus
3110 1962 3162 2026 ⁰:
3185 1984 3215 2023 α
3243 1961 3317 2026 111
3334 1960 3546 2043 Scrip-

1995 2073 2160 2137 turis
2185 2073 2422 2137 sanctis
2447 2073 2744 2138 nimietas
2764 2091 2899 2138 non
2924 2071 3252 2154 arguitur,
3278 2070 3390 2135 sed
3414 2086 3546 2133 ma-

1996 2180 2101 2263 gis
2126 2180 2575 2264 importunitas
2600 2181 2826 2247 crebra
2849 2181 3177 2246 landatur:
3210 2182 3275 2244 et
3290 2177 3541 2257 merito,

1996 2289 2152 2373 quia
2192 2294 2432 2375 quanto
2474 2290 2698 2356 notitia
2734 2308 2956 2357 rerum
2994 2288 3372 2356 salutarium
3398 2288 3544 2372 01115

1996 2396 2285 2479 discitur,
2341 2401 2518 2464 tanto
2563 2398 2839 2483 amplius
2892 2398 3293 2463 credentibus
3349 2400 3540 2479 atque

1997 2504 2407 2586 operantibus
2444 2510 2685 2573 aeterna
2721 2506 2856 2571 vita
2892 2509 3267 2590 praestatum
3307 2506 3537 2587 praete-

1996 2612 2124 2677 rita
2158 2612 2296 2677 sine
2329 2614 2604 2680 falsitate
2651 2614 3094 2680 describuntur
3101 2631 3124 2695 3
3168 2611 3536 2695 praesentia,

1997 2720 2374 2804 priusquam
2405 2722 2489 2806 (α)
2533 2723 2894 2803 videantur,
2938 2721 3366 2787 ostenduntur
3377 2740 3395 2799 ;
3435 2721 3538 2784 fu-

1995 2832 2175 2910 tura,
2219 2830 2405 2914 quasi
2444 2831 2717 2914 perfecta
2725 2877 2748 2911 ,
2787 2833 3155 2896 narrantur.
3189 2826 3438 2911 Ubique
3470 2826 3543 2891 in

1996 2936 2091 3002 eis
2126 2938 2363 3004 veritas
2398 2943 2660 3021 regnat,
2697 2939 2940 3023 ubique
2967 2937 3185 3005 divina
3211 2936 3421 3004 virtus
3447 2934 3536 2999 ir-

1995 3046 2235 3125 radiat,
2277 3047 2523 3130 ubique
2564 3048 2939 3132 panduntur
2981 3048 3267 3113 humano
3311 3044 3535 3128 generi

1996 3154 2357 3237 profutura.
2384 3177 2417 3216 1)

2076 3262 2493 3348 Comparatur
2521 3284 2683 3348 ergo
2709 3265 3184 3350 Scripturarum
3210 3257 3535 3329 sacrarum
3580 3279 3771 3336 scriptna

3585 3356 3624 3387 Β
3637 3354 3771 3385 βδθΐδ

1995 3370 2181 3453 origo
2216 3373 2411 3438 rebus
2441 3371 2991 3454 eminentissimiS,
3022 3376 3280 3457 propter
3316 3371 3529 3436 altitu-
3561 3356 3754 3461 ’,πρυ

1994 3477 2212 3544 dinem
2248 3480 2605 3562 dignitatis·
2648 3481 2760 3547 Est
2796 3482 2968 3547 enim
3009 3483 3153 3564 ejus
3199 3478 3531 3560 inattingi-
3560 3468 3691 3513 ‘⁸²²⁰-

1994 3586 2141 3653 bilis
2168 3588 2435 3656 altitudo
2453 3639 2476 3671 ,
2504 3593 2761 3675 propter
2794 3590 3235 3656 auctoritatem
3259 3586 3537 3655 inviola-

1993 3692 2213 3762 bilem.
2243 3696 2658 3782 Comparatur
2687 3698 3163 3782 Scripturarum
3204 3712 3534 3762 sacrarum

1994 3805 2266 3870 materia
2306 3807 2501 3873 rebus
2536 3806 3061 3888 affluentissimis,
3099 3808 3359 3889 propter
3399 3805 3542 3888 ple-

1993 3911 2353 3980 nitudinem
2399 3915 2721 3982 bonitatis.
2773 3915 2887 3980 Est
2936 3914 3112 3980 enim
3160 3915 3215 3994 ej
3226 3931 3303 3977 us
3357 3914 3543 3977 inex-

1994 4019 2357 4088 haustibilis
2380 4024 2732 4108 plenitudo,
2761 4026 3020 4108 propter
3046 4022 3541 4107 profunditatem

1994 4128 2631 4214 imperscrutabilem.
2696 4133 3113 4216 Comparatur
3178 4130 3540 4214 Scriptura-

1994 4256 2149 4304 rum
2183 4258 2512 4306 sacrarum
2544 4241 2755 4307 forma
2769 4289 2790 4320 ‚
2837 4241 2976 4307 sive
3013 4239 3244 4305 modus
3280 4237 3537 4321 agendi,

1997 4347 2190 4412 rebus
2214 4349 2744 4433 perspicuissimis
2759 4399 2777 4428 ,
2809 4351 3067 4433 propter
3098 4346 3543 4413 certitudinem

1995 4455 2308 4522 veritatis.
2332 4455 2446 4522 Est
2470 4458 2647 4522 enim
2671 4459 2813 4539 ejus
2837 4455 3186 4522 infallibilis
3206 4453 3540 4534 certitudo,

1998 4567 2258 4647 propter
2289 4583 2661 4649 processum
2699 4565 3243 4631 inconsutabilem.
3266 4564 3543 4645 Compa-

1994 4674 2178 4736 ratur
2221 4670 2696 4756 Scripturarum
2733 4689 3062 4739 sacrarum
3106 4672 3346 4748 forma,
3394 4686 3542 4752 quae

1995 4780 2090 4843 est
2128 4779 2359 4846 modus
2400 4778 2700 4862 loquendi
2718 4828 2737 4860 ,
2785 4781 2976 4846 rebus
3020 4776 3538 4863 speciosissimis,

1994 4890 2255 4970 propter
2278 4887 2820 4970 pulchritudinem
2840 4885 3211 4953 honestatis.
3229 4884 3343 4951 Est
3364 4884 3540 4950 enim

1995 4994 2137 5076 ejus
2172 4994 2754 5062 incontaminabilis
2796 4992 3205 5079 pulchritudo
3218 5041 3239 5073 ,
3279 4996 3537 5078 propter

1995 5101 2373 5169 charitatem
2471 5104 3013 5171 inobtuscabilem.
3113 5102 3532 5187 Comparatur

1994 5208 2473 5296 Scripturarum
2496 5232 2829 5282 sacrarum
2848 5214 2998 5280 finis
3023 5213 3222 5279 rebus
3242 5211 3545 5278 efficacis·-

1995 5398 2046 5436 0.
2092 5397 2252 5438 lx.-
2289 5386 2310 5419 ⁴
2340 5386 2545 5454 Mami„
2589 5400 2641 5450 v,
2682 5390 2760 5442 18.
2787 5414 2852 5429 -
2889 5391 2907 5423 ⁸
2934 5387 3166 5452 Hieron„
3204 5385 3275 5437 ad
3311 5383 3538 5448 Paulina„

1995 5458 2144 5525 epist.
2175 5472 2287 5512 0111.
2306 5488 2368 5501 --
2394 5463 2415 5493 ⁸
2440 5463 2690 5528 Cassiod„
2717 5464 2778 5514 de
2805 5463 2920 5517 Dio.
2949 5464 3101 5526 Led..
3126 5477 3174 5516 c.
3203 5473 3309 5515 xw.

2057 5559 2130 5626 (a)
2155 5561 2277 5617 emt.
2305 5563 2428 5617 edit.
2456 5564 2748 5631 plusquam.
