4196 6294
1581 491 1944 566 PSALMUS
1984 490 2246 561 cxvln.

318 634 673 711 poenitentioe
685 675 706 707 ,
735 636 906 710 quod
932 636 1218 709 admittit3
1251 640 1319 695 Bt
1346 640 1408 694 in
1431 639 1649 694 verbum
1676 641 1857 704 mvn,

323 732 611 803 quantum
661 729 741 788 ad
774 730 1014 805 pondus
1049 730 1252 804 gloriae
1276 773 1294 802 ,
1334 731 1501 805 quod
1541 727 1827 804 promittit
1838 746 1857 799 3

321 824 711 896 Supersperavz·
729 828 1069 898 ,quantum
1097 824 1176 883 ad
1202 823 1419 898 pignus
1445 824 1663 896 gratita,
1695 821 1861 897 quod

324 916 621 990 praemittit
652 934 665 974 ε
697 932 767 974 ac
789 916 840 974 si
867 917 1086 976 diceret
1115 937 1130 974 x
1158 920 1242 975 Tu
1273 917 1408 975 vitae
1437 920 1672 993 tempus
1698 931 1862 974 com-

322 1010 533 1080 mittis,
562 1014 617 1068 et
652 1009 1005 1084 poenitentioe
1042 1011 1265 1070 fructus
1299 1011 1588 1082 admittis,
1627 1013 1684 1068 et
1710 1024 1862 1084 pon-

325 1102 438 1159 dus
481 1103 720 1176 gloriae,
771 1104 938 1178 quod
982 1104 1273 1179 promittis
1292 1146 1313 1174 ,
1362 1119 1715 1180 superspero
1754 1118 1861 1178 per

320 1194 537 1269 pignus
561 1197 761 1269 gratioe
779 1240 798 1270 ,
828 1197 995 1272 quod
1019 1197 1340 1273 proemittiS.

878 1419 1213 1464 msicnms
1247 1421 1331 1464 m.

400 1575 519 1630 115.
568 1574 847 1631 Declinate
892 1591 927 1631 a
953 1591 1073 1647 me,
1111 1578 1344 1647 malique·
1361 1617 1381 1647 ,
1428 1579 1535 1633 etc.
1585 1573 1863 1648 Superius

323 1665 605 1738 innotuit,
636 1666 890 1741 qualiter
916 1668 1151 1725 animus
1182 1668 1571 1726 defectionem
1598 1667 1864 1726 animad-

320 1759 519 1831 vertit3
559 1775 761 1817 rursus
805 1760 1043 1831 enituit,
1071 1777 1193 1835 quo
1233 1761 1417 1820 modo
1445 1760 1863 1836 perfectionem

322 1852 613 1909 advertit:
644 1852 740 1910 hic
777 1853 1125 1927 innotescit,
1158 1869 1422 1929 quonam
1462 1854 1647 1912 modo
1685 1870 1722 1912 a
1758 1854 1863 1911 de·

320 1944 594 2018 sectione,
624 1963 806 2020 quam
837 1948 1280 2020 animadvertit,
1319 1948 1582 2006 celeriter
1609 1965 1671 2007 se
1697 1963 1865 2006 aver-

323 2038 407 2096 tit.
448 2042 568 2097 Hoc
598 2040 851 2098 ostendit
891 2041 1416 2116 psalmographus,
1459 2041 1541 2099 ita
1567 2041 1822 2115 loquens
1840 2084 1860 2114 ,

322 2134 493 2191 sicuti
512 2134 710 2193 bonus
732 2137 1038 2211 operarius
1058 2153 1094 2195 a
1110 2136 1284 2195 malis
1308 2135 1593 2212 operariis
1610 2153 1672 2194 se
1700 2151 1866 2194 aver-

324 2232 489 2301 tens;
538 2228 620 2285 ait
663 2229 867 2287 enim:
900 2231 1179 2288 Declinate
1197 2272 1217 2302 ,
1268 2234 1413 2300 etc.,·
1444 2247 1514 2289 ac
1556 2230 1606 2287 si
1647 2229 1867 2288 diceret

325 2319 532 2393 lingua
545 2321 749 2381 libera
777 2341 792 2380 :
824 2327 870 2381 Α
898 2323 1075 2380 bonis
1096 2324 1474 2398 separamini,
1506 2324 1611 2398 qui
1636 2324 1866 2383 malum

325 2415 698 2489 operamini3
746 2432 858 2490 ego
901 2417 1131 2475 bonum
1177 2418 1492 2492 operabor,
1534 2422 1591 2477 et
1623 2422 1867 2495 propter

324 2507 438 2566 hoc
476 2525 514 2568 a
551 2509 717 2569 bono
753 2526 877 2568 non
913 2511 1257 2586 separabor.
1288 2511 1450 2571 Unde
1488 2515 1695 2571 notare
1730 2528 1868 2587 pos-

324 2617 550 2673 sumus,
580 2603 737 2662 circa
754 2621 994 2662 versum
1009 2610 1380 2679 praesentem,
1401 2607 1862 2681 separationem,

326 2697 763 2770 operationem,
792 2702 849 2756 et
873 2698 1176 2773 utriusque
1204 2698 1583 2773 dignitatem,
1616 2704 1673 2758 et
1711 2700 1865 2759 indi-

328 2789 628 2861 gnitatem.
661 2791 1055 2866 separationis
1083 2791 1338 2866 dignitas
1370 2793 1632 2867 sequitur
1659 2809 1867 2869 opera-

331 2881 504 2941 tionis
528 2884 977 2959 indignitatem;
1008 2890 1065 2943 et
1092 2886 1477 2961 separationis
1504 2887 1823 2962 indignitas
1842 2931 1864 2960 ,

331 2979 689 3052 operationis
720 2980 1088 3054 dignitatem.

813 3141 1096 3199 Artis-ulus
1146 3144 1377 3215 primus.

400 3262 488 3321 Ad
527 3263 784 3339 primam
818 3269 1075 3340 spectat,
1121 3265 1286 3341 quod
1322 3268 1558 3325 cantat:
1589 3268 1867 3325 Declinate

326 3374 362 3415 a
387 3374 502 3430 me,
529 3360 815 3434 tanquam
844 3358 1009 3432 digni
1052 3359 1419 3435 separatione
1445 3378 1461 3417 ε
1498 3376 1630 3419 ecce
1669 3360 1865 3434 digni-

327 3454 414 3510 tas
446 3453 852 3527 separationis..
898 3456 965 3511 Et
1000 3458 1174 3527 nota,
1213 3454 1380 3528 quod
1422 3454 1659 3530 expedit
1694 3455 1869 3513 bonis

327 3545 496 3620 quod
521 3545 666 3605 mali
706 3547 1001 3605 declinent
1030 3547 1109 3606 ab
1140 3548 1253 3621 eia,
1298 3548 1484 3606 tribus
1524 3548 1600 3606 de
1628 3550 1818 3607 causis
1848 3568 1863 3607 ε

327 3639 604 3698 videlicet
621 3682 638 3712 ,
682 3640 763 3698 ad
802 3640 1112 3699 vitandum
1161 3641 1402 3713 vitium3
1453 3642 1533 3700 ad
1560 3643 1868 3701 vitandum

329 3733 650 3792 convitium
670 3752 690 3806 3
739 3733 820 3791 ad
862 3735 1172 3793 vitandum
1221 3736 1598 3809 supplicium.
1647 3738 1868 3807 Quaeris

328 3828 627 3900 quorum?
673 3827 887 3885 Vitium
937 3832 1354 3902 retractorum;
1401 3829 1724 3890 convitium
1766 3830 1867 3890 de-

328 3922 681 3994 tractorum3
726 3920 1087 3996 supplicium
1131 3926 1577 3998 perti-actorum.
1610 3927 1705 3995 ,De
1749 3925 1870 3999 pri-

329 4030 429 4073 mo
454 4016 474 4051 ¹
513 4033 529 4073 ε
568 4034 598 4070 ι
621 4016 917 4075 Declinate
946 4018 1021 4075 de
1064 4018 1307 4091 semita,
1357 4018 1578 4078 auferte
1617 4017 1868 4077 offendi-

330 4108 465 4168 cula
491 4109 566 4168 de
592 4111 693 4169 via
717 4111 929 4186 populi
946 4112 1103 4170 mei:
1129 4131 1157 4166 ιι
1181 4128 1317 4170 ecce
1347 4111 1660 4171 declinatio
1684 4129 1870 4187 quan·

329 4204 457 4259 tum
484 4203 564 4262 ad
596 4204 826 4263 vitium.
869 4208 947 4263 De
985 4206 1244 4264 secundo
1270 4204 1292 4238 ¹
1319 4224 1334 4263 ε
1373 4225 1403 4260 α
1427 4210 1780 4280 Arguentem
1806 4207 1869 4265 in

329 4299 502 4369 porta
548 4297 1045 4373 supplantabant,
1087 4303 1144 4357 et
1180 4298 1625 4359 declinaverunt
1657 4300 1871 4362 frusua

331 4402 370 4446 a
405 4390 564 4462 justo
573 4410 593 4463 3
623 4411 653 4448 n
683 4392 853 4467 quasi
898 4391 1056 4451 dicat
1096 4410 1112 4451 ε
1156 4395 1390 4452 Frustra
1427 4392 1871 4454 declinaverunt

331 4490 622 4560 quantum
649 4487 729 4546 ad
752 4487 893 4561 J'usti
921 4486 1286 4561 convicium,
1326 4489 1471 4563 quia
1502 4505 1627 4549 non
1667 4505 1868 4548 evase-

330 4583 470 4637 runt
514 4581 738 4651 justum
791 4581 895 4639 Dei
943 4580 1277 4653 judicium:
1330 4598 1466 4641 ecce
1522 4582 1834 4642 declinatio
1848 4578 1869 4656 ,'

331 4675 624 4747 quantum
671 4674 751 4734 ad
796 4674 1148 4732 convicium.
1199 4677 1276 4734 De
1317 4676 1483 4735 tertio
1530 4676 1805 4736 scribitur
1835 4693 1873 4736 a

332 4766 794 4843 Psalmographo
820 4769 842 4804 ⁸
870 4786 886 4825 ε
923 4789 952 4821 «
988 4768 1047 4826 Si
1085 4768 1395 4844 occideris,
1430 4773 1612 4844 Deus,
1659 4786 1870 4846 pecca-

333 4865 491 4922 tores
521 4880 536 4920 :
566 4861 679 4920 viri
704 4860 1097 4934 sanguinum,
1128 4861 1413 4922 declinate
1441 4880 1479 4922 a
1504 4880 1633 4937 me,
1661 4885 1689 4919 ι»
1724 4865 1873 4925 scili·

336 4959 428 5013 cet
450 4970 528 5014 ne
547 4955 786 5016 occidar
803 4955 1116 5014 vobiscum
1137 4972 1153 5013 2
1174 4972 1308 5015 ecce
1325 4956 1661 5031 declinatio,
1685 4974 1874 5034 quan·

337 5054 465 5111 tum
493 5051 574 5112 ad
601 5051 976 5128 supplicium.

402 5225 417 5257 ¹
455 5225 578 5292 lca„
619 5237 756 5290 nvn,
806 5226 886 5279 24.
928 5249 987 5264 -
1028 5226 1047 5256 ²
1097 5227 1219 5291 lta„
1261 5234 1415 5289 xxix,
1459 5227 1537 5277 21.
1573 5250 1638 5266 -·
1679 5227 1698 5258 ³
1737 5227 1872 5280 Psal.

342 5308 596 5363 cxxxviii,
622 5300 699 5350 ¹9.
728 5324 791 5337 —
815 5297 839 5334 ⁸
857 5296 994 5351 Psal.
1024 5309 1075 5364 v,
1105 5300 1152 5350 6.
1170 5322 1233 5337 —
1254 5297 1272 5328 ⁸
1297 5297 1434 5348 Psal.
1465 5309 1515 5363 e,
1534 5300 1581 5350 ⁴.
1607 5324 1657 5337 -
1686 5298 1708 5336 ⁸
1734 5298 1876 5351 Psal.

344 5379 452 5430 xiv,
482 5371 529 5419 4.
561 5393 623 5406 -—
660 5371 677 5401 ²
707 5371 725 5419 Ι
752 5369 999 5435 Par-clip„
1028 5380 1226 5432 xxvm,
1247 5371 1295 5420 9.
1320 5394 1383 5408 -
1412 5368 1431 5400 ·
1460 5368 1600 5433 Sap„
1629 5381 1710 5432 vi,
1738 5371 1786 5421 4.
1816 5395 1877 5408 —

344 5440 363 5470 ⁹
389 5439 525 5492 Psoi.
552 5452 697 5505 cvm,
728 5445 805 5493 11.

584 5548 711 5595 ‘1³01
749 5548 833 5597 11.

3385 497 3506 563 teu

2436 690 2719 749 Articuli&
2752 688 3034 748 camdus.

2036 814 2128 875 Ad
2179 816 2509 875 secundum
2553 816 2693 875 facit
2713 858 2733 888 ,
2781 813 2950 889 quod
2994 813 3136 873 dicit
3179 832 3196 873 z
3248 817 3503 891 Matiani.

1969 909 2218 977 Quinam
2238 913 2371 968 sunt
2395 909 2489 967 isti
2517 908 2795 982 maligni,
2822 907 2936 965 nisi
2964 908 3109 966 mali
3136 909 3421 984 operarii,
3453 915 3510 970 et

1966 1001 2235 1076 indigni?
2274 1018 2411 1063 ecce
2450 1002 2772 1077 indignitas
2811 1001 3188 1078 operationis,
3230 1005 3298 1061 Et
3338 1008 3507 1078 nota,

1968 1096 2137 1170 quod
2163 1096 2310 1155 tales
2337 1096 2589 1171 maligni
2602 1137 2623 1169 ,
2649 1111 2759 1154 nec
2788 1096 3091 1154 bonorum
3118 1096 3508 1159 cohabitatio-

1966 1204 2077 1262 ne,
2107 1206 2303 1266 neque
2332 1189 2700 1265 cognitione,
2735 1189 2843 1247 sed
2875 1189 3076 1264 potius
3109 1189 3510 1251 confutatione

1967 1285 2106 1340 sunt
2147 1283 2356 1359 digni;
2407 1285 2694 1359 quoniam
2739 1282 3098 1342 cohabitatio
3137 1284 3377 1357 signum
3427 1288 3514 1345 est

1966 1374 2244 1450 fovendi,
2273 1378 2530 1452 cognitio
2550 1379 2622 1452 (a)
2648 1376 2886 1436 favendi
2902 1420 2924 1451 ,
2946 1375 3055 1435 sed
3082 1376 3401 1437 confutatio
3425 1394 3513 1438 re-

1967 1472 2272 1529 movendi.
2312 1475 2390 1531 De
2416 1472 2614 1547 primo
2640 1468 2664 1505 ⁸
2694 1489 2710 1529 ε
2742 1490 2772 1526 ι
2799 1473 2999 1546 Neque
3026 1470 3317 1531 habitabit
3343 1472 3514 1545 iuxta

1968 1564 2024 1620 te
2051 1564 2376 1638 malignus;
2398 1586 2427 1622 w
2454 1564 2623 1641 quod
2647 1581 2773 1624 non
2793 1568 3022 1624 tantum
3043 1567 3326 1642 competit
3351 1566 3513 1626 Chri·

1967 1660 2090 1729 sto,
2122 1657 2231 1716 sed
2259 1660 2435 1718 etiam
2478 1658 2684 1720 Christi
2729 1659 3034 1734 membro;
3081 1660 3189 1718 ubi
3232 1659 3517 1722 refellitur

1968 1752 2370 1825 malignorum
2407 1753 2787 1813 cohabitatio.
2838 1756 2917 1812 De
2961 1753 3226 1813 secundo
3271 1769 3516 1830 quoque

1966 1845 2275 1919 psallimus
2293 1848 2347 1906 ⁸:
2378 1869 2406 1900 α
2433 1847 2834 1909 Declinantem
2860 1864 2898 1907 a
2924 1864 3023 1907 me
3042 1847 3375 1922 malignum
3390 1862 3517 1909 non

1969 1943 2405 2013 cognoscebam
2435 1960 2450 1999 ε
2483 1963 2511 1997 ι»
2545 1941 2643 2002 hic
2688 1941 2967 2017 exemplo
3012 1942 3359 2017 prophetico
3403 1942 3517 2002 im·

1968 2034 2257 2108 probatur
2295 2035 2698 2110 malignorum
2756 2035 3064 2094 familiaris
3102 2036 3382 2111 cognitio.
3436 2037 3517 2098 De

1971 2128 2141 2186 tertio
2186 2145 2388 2187 rursus
2423 2128 2637 2203 legitur
2661 2131 2685 2166 ⁸
2712 2147 2728 2188 ε
2762 2148 2792 2185 α
2813 2128 2904 2188 Ad
2940 2127 3197 2188 nihilum
3231 2128 3518 2188 deductus

1972 2225 2058 2279 est
2082 2221 2146 2278 in
2164 2226 2483 2298 conspectu
2503 2223 2630 2296 eJ'us
2654 2222 2993 2296 malignus3
3017 2242 3046 2278 s
3073 2222 3182 2280 ubi
3206 2222 3515 2297 Scripturae

1971 2314 2307 2375 testimonio
2347 2317 2773 2392 comprobatur
2811 2316 3212 2391 malignorum
3251 2314 3517 2376 confuta-

1970 2408 2072 2468 tio.

2466 2486 2751 2544 Articulus
2803 2487 3018 2545 tertius.

2042 2598 2133 2657 Ad
2161 2599 2394 2658 tertium
2420 2600 2665 2676 aspicit,
2707 2600 2876 2677 quod
2918 2599 3164 2675 adiicit:
3193 2602 3268 2660 Bt
3299 2607 3516 2661 scruta-

1972 2692 2065 2749 bor
2090 2694 2389 2762 mandata;
2414 2693 2687 2754 videlicet
2731 2679 2983 2771 qualiter
3007 2694 3257 2756 fundata
3273 2738 3295 2770 ,
3322 2695 3517 2772 quali-

1972 2788 2060 2843 ter
2086 2785 2457 2861 t'oecundata,
2511 2789 2730 2864 quibus
2774 2791 3006 2850 actibus
3033 2790 3312 2866 insignita
3327 2835 3348 2867 ,
3386 2791 3517 2868 qui-

1972 2879 2085 2938 bus
2112 2881 2340 2940 viribus
2381 2881 2558 2941 insita
2590 2900 2606 2941 ε
2660 2899 2796 2943 eece
2844 2885 3204 2960 operationis
3239 2886 3512 2961 dignitas.

1974 2974 2075 3032 Hic
2089 2978 2282 3049 potest
2302 2976 2496 3036 notari
2509 3018 2531 3048 ,
2553 2978 2722 3052 quod
2741 2977 2853 3037 tria
2873 2979 3161 3054 contingit
3176 2979 3334 3040 circa
3353 2995 3518 3040 man·

1977 3067 2117 3127 data
2144 3069 2428 3142 scrutari3
2467 3070 2745 3132 videlicet
2777 3072 3146 3147 subjectum,
3184 3077 3382 3134 actum
3402 3117 3422 3149 ,
3459 3077 3519 3134 et

1972 3160 2228 3221 fructum
2254 3180 2370 3223 :an
2393 3165 2661 3240 subjecto
2685 3167 3045 3241 cohaereant3
3072 3183 3153 3227 an
3179 3172 3343 3228 actus
3368 3168 3518 3228 boni

1975 3263 2392 3332 compareant;
2435 3275 2513 3318 an
2551 3258 2773 3320 fructus
2806 3264 3095 3335 pereant,
3137 3267 3240 3322 aut
3275 3278 3517 3338 perma-

1972 3355 2170 3410 neant.
2200 3354 2280 3409 De
2319 3352 2515 3426 primo
2538 3355 2561 3390 '¹
2591 3371 2607 3412 ε
2637 3372 2669 3409 α
2695 3354 2908 3414 Omnia
2945 3354 3106 3414 enim
3139 3355 3326 3416 corda
3360 3372 3520 3418 scru-

1975 3446 2130 3504 tatur
2148 3448 2315 3504 Deus,
2335 3466 2364 3502 n
2386 3445 2562 3505 Plane
2584 3449 2768 3507 corda
2788 3452 3075 3524 tanquam
3095 3449 3517 3511 mandatorum

1975 3540 2241 3614 subjecta
2266 3542 2549 3601 Dominus
2576 3544 2647 3619 (ὁ)
2677 3548 2996 3619 scrutatur,
3025 3547 3169 3622 quia
3209 3544 3516 3609 mandato:

1973 3650 2111 3692 rum
2153 3635 2570 3696 cohaerentiam
2584 3681 2608 3710 ,
2644 3639 2744 3697 vel
2782 3640 3215 3700 distinctionem
3260 3644 3518 3702 contem·

1974 3728 2192 3802 piatur.
2228 3732 2308 3789 De
2334 3732 2599 3792 secundo
2626 3733 2649 3768 ⁸
2680 3751 2696 3790 ε
2730 3751 2762 3788 α
2779 3733 3107 3793 Altissimus
3131 3734 3517 3809 interrogabit

1976 3837 2162 3896 opera
2185 3827 2409 3898 vestra,
2438 3830 2496 3885 et
2512 3827 2896 3902 cogitationes
2918 3828 3296 3888 scrutabitur.
3316 3850 3346 3885 ι
3365 3831 3515 3891 Sane

1975 3918 2098 3974 tam
2127 3919 2498 3991 operationes
2514 3963 2536 3994 ,
2565 3937 2750 3996 quam
2799 3922 3182 3997 cogitationes
3227 3923 3472 3984 scrutari
3490 3967 3512 3998 ,

1978 4014 2064 4068 est
2109 4014 2273 4069 actus
2316 4012 2624 4073 interiores
2663 4019 2721 4073 et
2763 4016 3080 4075 exteriores
3123 4017 3388 4091 probari.
3436 4021 3514 4079 De

1976 4103 2145 4162 tertio
2174 4104 2316 4163 dicit
2338 4107 2833 4184 Psalmographus
2852 4108 2875 4144 ⁹
2903 4128 2920 4168 ε
2957 4130 2987 4164 α
3013 4110 3307 4169 Scrutatur
3333 4110 3516 4173 foene-

1975 4199 2138 4255 rator
2164 4213 2404 4258 omnem
2440 4200 2799 4261 subtantiam
2824 4202 2967 4275 ejus.
2998 4222 3028 4261 ι
3059 4207 3168 4267 Iste
3198 4204 3517 4267 foenerator

1978 4292 2064 4347 est
2088 4290 2364 4351 diabolus
2397 4311 2413 4352 ε
2442 4310 2628 4370 quare
2655 4294 2973 4356 foenerator
2986 4298 3016 4354 ἲ
3054 4298 3204 4369 Quia
3239 4299 3516 4360 termina-

1977 4383 2193 4443 bilium
2229 4386 2706 4449 consolationum
2747 4389 3043 4463 conditor,
3082 4395 3142 4451 et
3179 4392 3517 4454 intermina·

1979 4476 2193 4537 bilium
2219 4479 2658 4541 desolationum
2685 4488 2944 4543 exactor.
2989 4486 3117 4561 Ipse
3143 4487 3518 4561 peccantium

1979 4573 2365 4634 substantiam
2393 4580 2702 4651 scrutatur,
2747 4580 2889 4653 quia
2931 4580 3278 4641 meritorum
3304 4598 3518 4659 prteoe-

1981 4665 2249 4727 dentium
2275 4668 2638 4732 affluentiam
2664 4671 3053 4748 depraedatur.

2467 4832 2757 4890 Articulus
2784 4838 3030 4906 quarm.

2053 4952 2146 5012 Ad
2173 4958 2453 5030 quartum
2471 4957 2724 5032 pertinet
2747 4958 2916 5033 quod
2939 4965 3242 5021 remanet:
3269 4965 3374 5022 Dei
3393 4968 3520 5040 md,

1983 5051 2040 5106 et
2062 5052 2305 5122 propter
2340 5049 2457 5107 hoc
2499 5049 2745 5126 indigne
2773 5053 3152 5129 separabilis,
3186 5055 3329 5131 quia
3354 5058 3472 5117 mei
3502 5076 3518 5117 t

1984 5141 2299 5216 indignum
2337 5143 2497 5202 enim
2530 5149 2617 5203 est
2652 5145 2732 5205 ab
2770 5145 2973 5222 aliquo
3017 5150 3311 5225 separari,
3356 5151 3525 5228 quod

1985 5251 2162 5294 suum
2189 5241 2292 5296 est.
2319 5236 2434 5297 Sed
2460 5240 2622 5313 nota,
2650 5240 2810 5299 unde
2828 5243 2951 5303 tam
2971 5241 3188 5304 devota
3204 5260 3525 5323 praesump-

2051 5440 2119 5503 (α)
2151 5438 2273 5491 cat.
2309 5438 2434 5492 eda.
2466 5440 2725 5506 cogitatio.
2748 5466 2811 5480 -
2839 5441 2908 5507 (b)
2939 5442 3062 5495 uem
3091 5445 3331 5499 nomino.

3212 5541 3291 5602 30
