4196 6294
712 399 830 459 456

706 531 770 588 in
794 528 1246 605 prosequendis,
1287 528 1353 587 in
1379 528 1825 605 persequendis,
1851 529 1915 588 in
1950 530 2252 605 perferen-

708 624 820 682 dis.
846 626 1065 695 Quarto
1087 622 1274 681 modo
1305 623 1567 697 disponit
1586 624 1650 681 in
1674 625 2004 699 proposito,
2032 624 2254 683 scilicet

707 718 771 775 in
802 716 1198 792 proferendis.
1237 717 1404 774 Viam
1451 717 1625 775 istam
1671 715 1934 791 disponit
1978 718 2250 790 charitas»,

709 828 847 870 cum
873 826 981 885 per
1007 825 1141 869 eam
1179 808 1493 868 inclinatur
1528 810 1825 884 voluntas,
1854 816 1919 869 ut
1944 812 2085 870 talia
2113 829 2252 871 con-

710 905 908 981 cipiat,
935 904 1077 962 talia
1112 905 1323 979 pariat,
1352 904 1554 979 qualia
1586 907 1738 962 Deus
1764 905 2033 980 accipiat,
2078 910 2137 963 et
2161 923 2252 963 re—

708 998 1082 1058 muneranda
1103 998 1374 1057 diffiniat.
1404 999 1494 1058 Ad
1533 1000 1701 1072 cujus
1726 1000 2054 1073 pleniorem
2079 1001 2253 1058 intel-

708 1096 952 1166 lectum,
980 1093 1289 1167 conjugale
1311 1097 1680 1168 proponatur
1708 1095 2067 1167 exemplum.
2100 1095 2258 1156 Sicut

712 1204 929 1263 sponsa
970 1203 1283 1263 procreare
1322 1187 1521 1244 sitiens
1557 1187 1749 1245 filium
1777 1188 2026 1245 Domino
2056 1188 2254 1246 domi-

712 1282 981 1340 nantium
1009 1281 1403 1352 offerendum‚
1424 1282 1505 1340 ad
1525 1281 1790 1341 futurum
1818 1281 2107 1355 gaudium
2124 1299 2260 1357 pro-

712 1375 1086 1447 merendum,
1132 1376 1216 1433 sic
1245 1375 1520 1434 voluntas
1549 1375 1784 1447 devota,
1828 1376 2042 1434 rationi
2077 1393 2256 1450 spon·

712 1474 869 1543 sata,
904 1473 1167 1528 eructare
1211 1469 1454 1544 cupiens
1496 1469 1752 1527 verbum
1802 1469 2035 1527 bonum
2076 1486 2260 1543 penes

712 1563 1028 1623 Dominum
1042 1563 1490 1637 deponendum,
1509 1567 1753 1638 propter
1771 1563 2023 1622 fructum
2041 1563 2260 1636 glorio-

713 1675 844 1717 sum
859 1657 1036 1717 bonis
1052 1657 1364 1715 laboribus
1375 1657 1811 1732 reponendum,
1826 1658 1970 1732 petit
1985 1675 2019 1718 a
2038 1675 2259 1732 sponso

716 1753 1005 1823 debitum,
1035 1752 1153 1810 hoc
1179 1754 1268 1809 est
1291 1768 1329 1809 a
1365 1751 1593 1810 ratione
1632 1752 1946 1810 consilium
1974 1758 2260 1827 opportu-
2305 1757 2314 1764 '

715 1863 881 1904 num.
911 1848 1072 1903 Tunc
1098 1845 1415 1904 commisso
1443 1845 1686 1904 rationis
1712 1846 1958 1905 consilio
1982 1863 2120 1905 cum
2153 1864 2261 1905 vo-

716 1941 953 2000 luntatis
984 1940 1280 1999 desiderio
1294 1984 1315 2014 ,
1358 1942 1530 2015 quasi
1558 1941 1780 2017 duplici
1821 1942 2168 2013 seminario,
2199 1944 2262 2001 in

715 2037 908 2095 libero
936 2037 1202 2108 arbita-ic,
1226 2040 1513 2112 tanquam
1553 2037 1872 2095 amborum
1900 2039 2259 2113 exceptorio,

717 2131 932 2190 exinde
972 2131 1226 2189 verbum
1271 2132 1676 2206 componitur,
1727 2132 1895 2206 quod
1939 2133 2262 2193 dicendum

720 2225 1074 2300 disponitur,
1103 2224 1319 2283 deinde
1346 2242 1455 2299 per
1490 2225 1610 2284 oris
1650 2225 1934 2298 officium,
1966 2227 2128 2286 velut
2152 2244 2261 2285 vo-

718 2319 957 2378 luntatis
984 2318 1299 2390 orificium,
1336 2323 1605 2394 tempore
1645 2322 1999 2394 competenti
2040 2338 2264 2396 propo-

719 2414 910 2486 nitur;
949 2412 1118 2488 quod
1159 2415 1210 2470 si
1252 2418 1408 2472 recte
1446 2429 1631 2487 penes
1679 2417 1864 2472 Deum
1908 2414 2262 2489 deponitur,

721 2507 1086 2581 sperandum
1110 2511 1199 2566 est
1224 2508 1392 2582 quod
1423 2507 1743 2582 deponenti
1767 2509 1932 2567 bona
1958 2510 2263 2568 retributio

721 2605 1062 2677 reponatur.
1111 2605 1219 2659 Per
1262 2602 1417 2659 hanc
1460 2600 1622 2658 viam
1670 2602 1977 2661 ambulare
2027 2604 2268 2662 volebat

721 2695 1250 2769 PsalmographuS,
1283 2711 1420 2753 cum
1458 2696 1694 2754 dicebat
1723 2717 1736 2751 :
1784 2699 2112 2755 Voluntaria
2156 2703 2267 2756 oris

724 2794 859 2860 mei,
888 2793 1028 2862 etc.;
1059 2805 1129 2848 ac
1153 2789 1203 2846 si
1247 2789 1469 2848 diceret
1509 2806 1656 2848 voce
1700 2790 1861 2849 clara
1891 2810 1906 2849 ε
1941 2795 2268 2851 Voluntaria

724 2888 837 2941 oris
862 2887 1005 2955 mei,
1034 2883 1351 2958 puerperia
1388 2883 1536 2942 fiant
1577 2884 1686 2942 tibi
1732 2884 2025 2959 placentia
2068 2891 2127 2944 et
2167 2889 2266 2960 ju·

728 2978 946 3043 cunda,
974 2981 1076 3036 tua
1097 2976 1324 3050 judicia
1363 2994 1474 3052 pro
1500 2978 1722 3036 eisdem
1748 2981 2086 3053 pronuntia.
2119 2982 2271 3050 Quo-

729 3073 885 3130 circa
910 3070 974 3128 in
1008 3071 1102 3129 his
1127 3071 1325 3129 verbis
1346 3075 1603 3146 quatuor
1639 3073 1968 3147 specialiter
1995 3079 2132 3131 sunt
2157 3090 2269 3132 no-

729 3167 932 3239 tanda,
962 3182 1096 3241 quae
1137 3166 1487 3239 generaliter
1520 3167 1584 3224 in
1610 3168 1806 3225 verbis
1833 3169 2114 3226 omnibus
2139 3173 2274 3228 sunt

729 3261 1039 3337 pensanda
1044 3280 1065 3333 3
1093 3260 1388 3332 videlicet,
1419 3262 1568 3335 quid
1601 3261 1903 3320 voluntate
1946 3277 2271 3337 compona-

733 3360 849 3428 tur,
880 3371 983 3413 ore
1020 3359 1411 3430 proponatur,
1439 3371 1621 3429 penes
1663 3356 1979 3414 Dominum
2008 3357 2273 3431 depona-

736 3457 863 3522 tur,
889 3450 953 3507 in
973 3449 1203 3522 ,iudicio
1239 3453 1562 3522 reponatur
1609 3469 1623 3506 ε
1664 3455 1952 3526 quatenus
1979 3452 2276 3526 composi-

737 3548 863 3602 tum
889 3542 963 3601 sit
987 3541 1340 3614 studiosum,
1367 3542 1739 3617 propositum
1760 3542 2146 3618 fructuosum,
2177 3545 2279 3603 de-

736 3641 998 3714 positum
1024 3636 1371 3719 gratiosum,
1397 3636 1720 3710 repositum
1759 3637 2105 3710 gloriosum.

1227 3798 1513 3855 Articulus
1553 3800 1784 3871 primus.

811 3925 900 3984 Ad
920 3925 1181 4000 primum
1208 3923 1366 3995 facit,
1391 3924 1559 3998 quod
1577 3924 1753 3981 dicit:
1788 3927 2127 3984 Voluntaria.
2155 3930 2283 3985 Haec

675 4093 680 4098 ι
742 4022 878 4079 sunt
902 4020 1088 4078 verba
1104 4019 1260 4078 intus
1276 4019 1553 4092 lucentia,
1584 4035 1708 4076 non
1733 4018 1877 4076 foris
1897 4022 2188 4093 sonantia,
2215 4037 2286 4079 ex

708 4186 709 4189 Ἴ
744 4113 993 4172 consilio
1019 4114 1262 4172 rationis
1290 4117 1347 4170 et
1374 4113 1671 4171 desiderio
1700 4112 2019 4171 voluntatis
2037 4129 2286 4188 compo-

745 4208 869 4266 sita.
906 4207 1068 4266 Unde
1096 4206 1316 4266 debent
1342 4223 1467 4265 esse
1488 4206 1866 4265 rationabilia
1900 4212 1957 4264 et
1983 4206 2285 4264 desidera-

745 4300 936 4361 bilia:
982 4305 1296 4376 propterea
1323 4301 1601 4376 competit
1645 4300 1728 4358 eis
1769 4301 2120 4375 compositio
2165 4306 2287 4358 stu·

566 4419 720 4464 studi.
746 4396 936 4455 diosa.
966 4395 1082 4454 Sed
1106 4398 1272 4466 nota,
1305 4394 1472 4469 quod
1501 4395 1651 4451 sicut
1675 4394 1947 4466 colligere
1972 4410 2289 4467 possumus

508 4544 591 4588 ria.

514 4482 719 4528 '‘ssmst·
746 4507 822 4549 ex
848 4489 1177 4565 Scriptura,
1218 4493 1356 4546 sunt
1380 4488 1717 4546 voluntaria
1741 4488 1939 4546 studia
1969 4488 2286 4561 tripartita3

748 4583 967 4643 scilicet
992 4582 1349 4655 theologica,
1376 4582 1587 4653 ethica,
1615 4580 1914 4651 malefica;
1945 4581 2160 4654 triplici
2190 4598 2291 4640 vo·

747 4679 969 4737 luntate
1014 4675 1376 4750 composita,
1420 4675 1695 4733 videlicet
1733 4675 1965 4746 divina,
1993 4675 2288 4747 humana,

749 4771 1068 4832 diabolica.
1119 4773 1197 4827 De
1242 4770 1436 4845 primo
1491 4770 1826 4827 voluntario
1878 4770 2294 4828 convenienter

747 4865 1115 4940 intelligitur,
1143 4863 1312 4938 quod
1340 4863 1554 4936 legitur
1576 4862 1593 4896 ²
1625 4881 1641 4920 ε
1671 4882 1701 4916 α
1728 4863 1994 4920 Pluviam
2020 4863 2294 4921 volunta-

746 4961 899 5019 riam
937 4957 1297 5032 segregabis,
1335 4959 1504 5029 Deus,
1530 4956 1856 5014 hoereditati
1881 4961 2015 5028 tuae,
2033 4977 2062 5012 n
2092 4956 2157 5014 id
2184 4961 2289 5028 est,

749 5054 1079 5113 doctrinam
1126 5050 1526 5124 theologicam
1569 5050 1836 5110 Ecclesiae
1882 5056 2014 5107 tuae.
2068 5054 2146 5108 De
2197 5067 2291 5108 se-

671 5204 677 5211 .
749 5147 947 5207 cundo
986 5148 1385 5221 competenter
1420 5145 1766 5219 exponitur,
1803 5144 1970 5219 quod
2009 5144 2293 5219 proponi-

813 5276 829 5310 ¹
860 5272 994 5323 Psal.
1025 5284 1188 5335 van,
1221 5274 1297 5323 1ο.
1328 5294 1386 5307 --
1417 5271 1440 5305 ²
1464 5269 1647 5331 Exod„
1681 5281 1837 5333 xxxV,
1869 5274 1943 5320 19.
1968 5296 2030 5307 --
2057 5270 2079 5305 ⁸
2107 5270 2288 5333 Eccli„

748 5360 842 5407 xx,
879 5348 923 5395 4.
964 5371 1027 5382 —
1062 5345 1079 5375 ⁴
1116 5348 1265 5407 Aug„
1296 5342 1355 5393 de
1380 5344 1565 5405 ⁸Doctum
1603 5341 1815 5405 Christ„
1843 5342 1932 5393 lib.
1965 5344 2037 5406 ll,
2065 5358 2113 5393 c.
2144 5354 2291 5392 xxv1.

1760 393 2178 460 EXPOSITIO
2220 394 2301 459 IN
2343 393 2870 463 PSALTERmM.

2361 536 2456 590 tur
2493 529 2517 564 ³
2564 551 2579 590 :
2625 552 2657 587 ι
2697 532 2900 591 Cuncti
2938 531 3046 590 filii
3085 533 3262 592 lsrael
3300 534 3635 593 voluntaria
3661 533 3906 592 Domino

2364 626 2807 686 dedicaverunt.
2841 649 2871 683 n
2900 627 3067 685 Tales
3089 627 3326 686 suerunt
3357 627 3615 686 morales
3646 628 3908 703 philoso-

2361 721 2489 796 phi,
2518 721 2622 795 qui
2644 720 2724 780 ad
2750 721 3243 795 compositionem
3272 722 3491 779 domus
3533 723 3657 793 Dei,
3695 722 3907 782 scilicet

2365 815 2597 884 animae,
2626 814 2981 873 documenta
3006 815 3257 873 moralia
3284 815 3646 874 obtulerunt.
3679 819 3756 874 De
3795 820 3902 874 ter-

2364 910 2448 968 tio
2487 908 2710 967 dictum
2737 910 3065 982 conjicitur,
3107 908 3275 984 quod
3313 909 3528 967 dicitur
3553 911 3575 946 ⁸
3606 927 3623 965 ε
3661 929 3691 963 α
3721 911 3903 986 Quam

2365 1003 2594 1060 bonum
2656 1007 2744 1060 est
2797 1008 3132 1076 correptum
3186 1003 3559 1061 manifestare
3609 1003 3903 1077 poeniten-

2366 1097 2540 1154 tiam!
2561 1116 2588 1150 n
2607 1096 2698 1155 Sic
2713 1096 2873 1154 enim
2894 1095 3141 1169 effugies
3157 1101 3466 1171 peccatum
3483 1097 3903 1168 voluntarium,

2370 1191 2511 1264 quia
2536 1191 2685 1248 nulli
2713 1189 2994 1258 dubium,
3027 1190 3174 1264 quin
3206 1190 3618 1248 maleficorum
3646 1189 3902 1247 studium

2368 1286 2442 1343 sit
2484 1289 2790 1358 peccatum
2829 1284 3262 1355 voluntarium,
3299 1288 3357 1343 et
3396 1283 3785 1342 diabolicum.
3827 1286 3899 1341 De

2369 1379 2585 1437 talibus
2610 1379 3035 1453 superstitionis
3060 1379 3268 1437 studiis
3301 1378 3516 1436 dicitur
3560 1378 3641 1436 ab
3686 1383 3905 1450 Augus-

2370 1473 2494 1533 tino
2521 1475 2543 1509 *
2572 1492 2587 1530 ε
2619 1493 2649 1527 α
2675 1475 2888 1531 Omnes
2916 1477 3064 1530 artes
3099 1471 3533 1545 hujuscemodi,
3561 1473 3660 1529 vel
3697 1471 3901 1543 noxioe,

2370 1569 2466 1627 vel
2492 1567 2810 1642 nugatoriae
2835 1566 3260 1642 superstitionis
3301 1584 3376 1624 ex
3405 1567 3674 1642 quadam
3697 1566 3904 1638 ,homi-

2371 1679 2516 1721 num
2563 1663 2838 1737 pestifera
2881 1661 3152 1720 societate
3203 1666 3262 1719 et
3310 1661 3660 1720 daemonum
3675 1703 3695 1734 ,
3742 1661 3906 1735 qnasi

2371 1760 2544 1831 pacta
2580 1756 2838 1814 infidelis
2884 1761 2942 1814 et
2987 1755 3209 1814 dolosae
3248 1756 3518 1813 amicitiae
3565 1755 3904 1826 constituta,

2372 1867 2506 1909 sum
2556 1850 2789 1924 penitus
2835 1850 3243 1925 repudianda,
3290 1854 3349 1907 et
3396 1849 3684 1923 fugienda
3728 1847 3906 1906 Chris·

2371 1946 2552 2004 tiano.
2583 1965 2612 1998 υ

2832 2016 3115 2074 Articulus
3159 2015 3437 2073 secundus.

2443 2134 2534 2193 Ad
2569 2133 2896 2191 secundum
2933 2132 3177 2207 aspicit,
3220 2132 3424 2206 quoad
3469 2131 3677 2204 adjicit
3724 2151 3739 2188 ε
3793 2133 3908 2190 Oris

2373 2232 2511 2296 mei,
2531 2227 2672 2301 quia
2698 2227 2846 2285 sicut
2871 2226 3189 2284 voluntatis
3211 2230 3297 2284 est
3322 2225 3658 2299 concipere,
3691 2224 3773 2283 sic
3799 2224 3909 2282 oris

2373 2323 2608 2380 interest
2632 2322 2939 2396 parturire.
2971 2324 3037 2380 Et
3078 2321 3226 2378 sicut
3259 2320 3359 2378 ille
3386 2326 3712 2394 conceptus
3743 2319 3908 2377 debet

2375 2432 2499 2473 esse
2525 2416 2851 2485 studiosu8‚
2881 2415 2966 2473 sic
3006 2416 3111 2473 iste
3151 2418 3354 2488 partus
3391 2414 3762 2485 fructuosus,
3791 2427 3907 2470 non

2374 2510 2760 2584 perniciosuS,
2781 2525 2905 2567 non
2928 2510 3164 2567 otiosus
3186 2509 3287 2566 Hic
3304 2512 3471 2582 potes
3493 2511 3727 2578 notare,
3749 2505 3906 2580 quod

2376 2621 2443 2662 os
2467 2604 2682 2677 legitur
2708 2603 3020 2677 aliquoties
3045 2602 3356 2677 parturire,
3385 2602 3642 2676 operire,
3671 2606 3728 2660 et
3752 2600 3906 2660 ebul·

2374 2701 2482 2758 lire
2514 2720 2528 2754 :
2560 2698 2852 2768 Quoniam
2871 2697 2990 2755 oris
3013 2702 3235 2771 partuS,
3265 2696 3387 2754 sive
3412 2712 3609 2753 sermo
3649 2695 3906 2770 proposi-

2376 2798 2489 2863 ωε,
2519 2792 2815 2850 interdum
2858 2796 2945 2849 est
2980 2790 3346 2861 fructuosus,
3374 2789 3676 2847 interdum
3715 2788 3905 2863 perni-

2378 2888 2592 2958 ciosuS,
2622 2885 2917 2943 interdum
2947 2885 3186 2942 otiosuS.
3217 2887 3296 2942 De
3322 2883 3517 2958 primo
3536 2886 3558 2919 ⁸
3580 2902 3598 2939 ε
3633 2904 3663 2936 α
3690 2885 3765 2941 Os
3778 2880 3906 2955 justi

2376 2980 2660 3056 parturiet
2684 2979 3032 3053 sapientiam
3059 2997 3073 3035 :
3100 2998 3128 3033 »
3161 2994 3294 3036 ecce
3323 2993 3390 3035 os
3416 2976 3750 3051 parturiens
3768 2976 3909 3033 fruo-

2378 3079 2567 3133 tuose.
2598 3077 2676 3130 De
2703 3073 2966 3130 secundo
3008 3071 3282 3130 scribitur
3314 3073 3336 3106 ⁸
3374 3090 3389 3127 ε
3427 3092 3456 3124 α
3492 3073 3568 3129 Os
3596 3070 3910 3145 impiorum

2381 3170 2574 3244 operit
2615 3167 2984 3242 iniquitatem
3026 3185 3041 3224 ε
3074 3184 3108 3220 n·
3135 3181 3270 3225 ecce
3314 3182 3382 3224 os
3421 3165 3652 3223 malum
3689 3168 3910 3239 partum

2383 3262 2654 3339 operiens
2679 3261 3026 3337 perniciose.
3058 3264 3137 3318 De
3165 3260 3333 3318 tertio
3361 3262 3382 3296 ⁷
3414 3278 3426 3316 :
3464 3280 3492 3313 α
3522 3261 3599 3317 Os
3627 3260 3912 3317 fatuorum

2383 3357 2594 3416 ebullit
2625 3355 2928 3413 stultItiam
2962 3373 2976 3411 :
3009 3374 3037 3408 »
3077 3369 3211 3412 ecce
3240 3370 3308 3412 os
3333 3370 3440 3428 per
3466 3353 3912 3413 immoderatum

2384 3456 2620 3527 partum
2648 3448 2938 3509 ebulliens
2965 3447 3168 3506 otiose.

2894 3609 3175 3666 Articulus
3208 3610 3420 3665 tertius.

2459 3736 2547 3794 Ad
2575 3735 2809 3793 tertium
2832 3733 3098 3806 refertur,
3130 3734 3296 3808 quod
3322 3733 3588 3807 sequitur
3625 3755 3639 3789 ι
3672 3735 3916 3805 Benepla-

2390 3833 2501 3887 cita
2539 3832 2630 3899 sac
2648 3871 2667 3900 ,
2699 3831 2953 3895 Domine,
2992 3832 3280 3902 tanquam
3320 3827 3592 3901 deposita
3628 3842 3809 3903 penes
3845 3827 3912 3881 te.

2392 3922 2693 3997 Quidquid
2737 3922 2897 3980 enim
2935 3921 3267 3979 voluntarie
3307 3923 3716 3996 componitur,
3757 3917 3915 3995 quid-

2394 4016 2541 4091 quid
2569 4032 2671 4074 ore
2698 4016 3073 4090 proponitur,
3096 4015 3259 4089 apud
3276 4015 3449 4073 illum
3473 4015 3809 4089 deponitur,
3832 4010 3917 4067 cui

2395 4117 2515 4169 tam
2542 4109 2832 4167 interioris
2842 4150 2862 4181 ,
2890 4124 3075 4182 quam
3109 4109 3412 4166 exterioris
3453 4108 3714 4166 bominis
3753 4122 3817 4164 os
3839 4105 3919 4161 lo-

2396 4202 2595 4277 quitur
2625 4219 2637 4258 :
2670 4200 2831 4258 unde
2862 4214 3236 4273 summopere
3277 4197 3639 4270 curandum,
3670 4195 3831 4272 quod
3855 4192 3920 4249 sit

2397 4296 2450 4352 ei
2471 4295 2788 4368 gratuitum
2820 4298 2876 4351 et
2904 4297 3229 4367 acceptum.
3261 4292 3372 4362 Qui
3397 4292 3479 4349 sic
3508 4292 3802 4366 deponere
3825 4303 3915 4344 cu·

2396 4392 2520 4459 rat,
2548 4388 2663 4446 sibi
2691 4387 2978 4460 gaudium
3010 4387 3071 4444 in
3109 4385 3206 4443 die
3229 4386 3435 4458 judicii
3472 4386 3834 4444 thesaurizat.
3859 4381 3918 4437 Et

2399 4485 2543 4544 nota,
2578 4482 2690 4539 tria
2727 4480 3100 4555 beneplacita
3131 4496 3315 4554 penes
3356 4484 3535 4538 Deum
3563 4480 3717 4538 bene
3745 4478 3915 4549 depo-

2399 4578 2529 4647 sita,
2555 4580 2713 4634 recta
2740 4580 2938 4633 tamen
2979 4573 3300 4632 intentione
3340 4574 3646 4647 supposita
3677 4593 3691 4630 ε
3731 4569 3917 4643 utpote

2400 4670 2478 4728 ab
2514 4669 2820 4744 iniquitate
2854 4667 3128 4726 recedere
3145 4686 3163 4738 ;
3206 4667 3386 4738 nulli,
3424 4667 3584 4725 dicto
3619 4666 3716 4726 vel
3755 4663 3915 4727 facto,

2400 4780 2650 4835 nocere3
2679 4762 3022 4837 parentibus
3059 4761 3304 4820 obedire
3334 4780 3349 4818 ε
3381 4777 3640 4835 quorum
3674 4760 3918 4835 primum

2402 4857 2636 4917 ordinat
2673 4857 2978 4915 hominem
3004 4856 3084 4914 ad
3123 4856 3416 4930 seipsum3
3461 4855 3813 4921 secundum,
3848 4845 3918 4905 ad

2401 4950 2769 5026 proximum3
2799 4950 3054 5019 tertium,
3085 4948 3163 5007 ad
3189 4948 3516 5022 praelatum.
3547 4951 3624 5006 De
3651 4942 3871 5022 primo⁸
3898 4955 3912 4992 ε

2407 5067 2434 5098 «
2463 5042 2898 5117 Beneplacitum
2926 5048 3012 5100 est
3038 5042 3286 5101 Domino
3320 5042 3593 5100 recedere
3621 5041 3696 5099 ab
3723 5030 3919 5108 iniqui·

2401 5142 2515 5197 tate
2546 5156 2562 5195 ι
2605 5158 2635 5193 »
2676 5153 2811 5194 ecce
2853 5137 3122 5195 divinum
3169 5137 3607 5211 beneplacitum
3653 5132 3916 5193 ordinans

2401 5293 2458 5307 -
2487 5266 2509 5299 ⁸
2538 5265 2703 5326 Proin,
2732 5278 2795 5327 x,
2828 5265 2914 5317 31..
2943 5290 3003 5301 -
3038 5264 3059 5299 ⁸
3090 5262 3233 5325 ibid„
3265 5266 3312 5313 6.
3342 5289 3405 5300 -
3441 5264 3458 5293 ⁷
3485 5262 3650 5321 Proin,
3678 5271 3757 5320 ιν,
3785 5259 3830 5307 2.
3861 5275 3908 5288 -

2400 5339 2421 5372 ⁸
2447 5336 2624 5401 Βαὰλ,
2652 5348 2808 5399 xxxv,
2837 5339 2883 5386 5.
