4196 6294
1682 426 1937 505 C‘A'PUT
1965 428 2077 504 lv.

3342 430 3469 507 ‘31³1

291 581 312 616 ι
334 601 366 641 «ι
379 579 644 662 Propter
659 576 1139 642 multitudinem
1160 523 1693 642 calumniatorum
1710 574 1829 639 c1a-
1927 582 2076 642 nem
2133 577 2438 643 virtutem
2490 578 2718 660 operis.
2766 577 2792 615 ·
2843 598 2876 639 α
2922 575 3271 641 netestms
3326 585 3471 642 sum

222 749 230 761 ‚
291 688 592 765 mabunt,
623 689 688 752 et
716 686 1083 770 ejulabunt,
1114 690 1375 770 propter
1407 684 1543 749 vim
1583 680 1828 747 brachii

291 801 731 879 tyrannorum.
781 814 812 853 ο
876 792 1038 871 Quia
1094 790 1632 857 inconsolabiliter
1689 791 1771 869 (a)
1806 811 1822 851 ε

292 904 375 970 Et
399 903 713 968 neminem
737 900 1188 968 consolatorem
1200 923 1230 980 ,·
1249 899 1418 982 quod
1438 898 1694 980 quidem
1723 915 1831 977 ag-

292 1013 523 1093 gravat
548 1007 1005 1073 crudelitatem.
1040 1007 1218 1072 Unde
1262 1006 1493 1070 dicitur
1519 1016 1543 1050 ¹
1577 1026 1592 1069 ε
1634 1027 1665 1066 <1
1690 1002 1830 1068 Non

294 1122 390 1183 est
422 1116 536 1200 qui
577 1116 939 1181 consoletur
965 1134 1109 1179 eam
1155 1134 1237 1179 ex
1280 1113 1582 1178 omnibus
1622 1110 1832 1175 charis

292 1229 456 1310 ejus.
487 1247 518 1284 ιο
554 1222 633 1288 Et
657 1227 876 1289 contra
900 1228 923 1264 ⁸
959 1245 974 1289 ε
1012 1246 1042 1284 «
1067 1222 1205 1288 Non
1242 1222 1408 1287 desis
1436 1220 1832 1305 plorantibus

293 1334 362 1397 in
405 1331 829 1398 consolatione
848 1379 865 1408 ,
897 1335 959 1395 et
1001 1349 1149 1395 cum
1180 1329 1562 1411 lugentibus
1602 1329 1829 1392 ambu-

293 1441 376 1505 la.
426 1463 456 1500 ι)
513 1439 642 1504 Nec
681 1442 934 1536 tantum
982 1437 1407 1503 consolatione
1452 1440 1618 1499 caret
1641 1486 1658 1514 ‚
1702 1436 1835 1499 imo

294 1548 609 1627 remedi03
637 1547 806 1612 unde
830 1551 892 1611 et
915 1547 1129 1611 subdit
1153 1568 1166 1610 ε
1189 1546 1310 1612 Nec
1335 1560 1517 1626 posse
1543 1543 1834 1610 resistere

295 1656 616 1723 violentia>
642 1670 892 1734 eorum,
922 1659 1294 1720 cunctorum
1334 1653 1587 1719 auccilio
1634 1650 1831 1719 desti-

298 1769 469 1832 tutos
489 1813 507 1843 ,
532 1763 784 1846 supple,
813 1762 971 1827 vidi.
999 1762 1084 1826 De
1109 1762 1230 1825 hac
1257 1759 1498 1824 malitia
1524 1760 1752 1824 dicitur
1779 1759 1830 1823 ¹⁵:

307 1896 338 1933 α
365 1871 504 1937 Non
532 1872 723 1935 facias
759 1869 1127 1955 violentiam
1162 1868 1457 1951 pauperi,
1491 1867 1641 1950 quia
1675 1885 1832 1950 pau-

296 1998 413 2063 per
440 1984 569 2057 est3
599 1996 811 2061 neque
839 1981 1126 2041 conteras
1151 1992 1434 2057 egenum
1462 1974 1529 2036 in
1554 1978 1765 2056 porta3
1795 1995 1827 2034 ο

298 2093 361 2153 et
404 2092 427 2128 ⁸
478 2110 493 2153 ε
548 2111 580 2149 α
625 2087 697 2150 ln
741 2085 925 2150 nobis
967 2102 1099 2147 non
1147 2087 1243 2147 est
1277 2086 1450 2147 tanta
1490 2081 1831 2161 fortitudO,

298 2204 369 2262 ut
406 2196 724 2280 possimus
764 2195 1054 2258 resistere
1095 2194 1288 2256 tantae
1340 2184 1757 2255 multitudini.
1802 2212 1834 2251 n

299 2305 623 2383 Quantum
674 2306 894 2366 autem
936 2301 1017 2364 ad
1065 2297 1543 2364 detestationem
1585 2297 1791 2381 culpae
1814 2350 1831 2380 ,

300 2410 637 2495 subiungit
662 2433 678 2474 ε
706 2411 788 2476 Et
814 2407 1084 2475 laudavi
1105 2408 1314 2490 maqt's
1339 2412 1618 2472 mortuos
1645 2421 1838 2487 quam

301 2521 586 2587 viventes
605 2567 627 2599 ,
658 2536 735 2583 eo
762 2517 1026 2596 scilicet,
1053 2515 1225 2599 quod
1251 2513 1569 2581 istamala
1606 2519 1671 2579 et
1696 2532 1840 2578 cru-

301 2627 588 2692 delitates
614 2644 748 2690 non
782 2625 991 2689 vident
1009 2672 1027 2702 ,
1058 2641 1220 2706 quas
1257 2639 1448 2687 nemo
1483 2622 1693 2686 bonus
1718 2640 1838 2705 po-

303 2739 426 2800 test
473 2734 692 2799 videre
723 2780 745 2812 ,
796 2736 860 2796 et
901 2750 1032 2795 non
1077 2730 1326 2807 dolere;
1374 2729 1547 2794 unde
1594 2729 1842 2794 dicebat

304 2840 475 2906 Elias
500 2841 522 2875 ⁶
554 2861 570 2904 z
610 2862 641 2900 α
668 2838 919 2903 Sufficit
943 2836 1150 2916 mihi,
1181 2836 1480 2915 Domine,
1520 2834 1669 2901 tolle
1699 2836 1837 2899 ani-

302 2965 478 3011 mam
504 2964 714 3010 meam
745 2968 769 3009 :.
797 2962 928 3010 non
957 2946 1130 3010 enim
1166 2942 1393 3008 melior
1423 2960 1599 3020 sum,
1644 2958 1841 3025 quam

302 3056 514 3137 patres
533 3054 682 3117 mei.
705 3075 736 3113 ο
766 3054 849 3121 Et
866 3053 1214 3135 feliciorem
1231 3056 1495 3133 utroque
1507 3049 1837 3131 judicavi,

304 3164 539 3229 scilicet
568 3168 823 3229 mortuo
852 3167 917 3228 et
943 3163 1200 3227 vivente
1217 3208 1235 3241 ,
1269 3163 1387 3243 qui
1425 3158 1695 3226 necdum
1730 3175 1843 3224 na-

302 3280 410 3340 tus
433 3278 558 3353 est,
582 3290 696 3339 nec
726 3272 899 3340 vidit
924 3272 1134 3351 mala,
1165 3285 1308 3353 quae
1334 3267 1450 3335 sub
1482 3267 1608 3335 sole
1638 3272 1794 3334 sunt
1817 3285 1841 3331 .-

300 3381 484 3465 quasi
513 3380 726 3446 videre
758 3381 875 3443 ista
915 3379 1116 3458 mala,
1149 3376 1250 3443 vel
1280 3375 1515 3441 vidisse
1538 3424 1561 3455 ,
1603 3387 1844 3456 magna

283 3491 387 3553 sit
411 3488 694 3553 miseria.
735 3509 765 3547 α
789 3485 902 3552 Vae
940 3485 1136 3565 mihi,
1174 3483 1335 3548 dixit
1372 3481 1751 3547 Mathathias
1775 3481 1839 3561 ⁷,

300 3601 377 3660 ut
432 3595 588 3677 quid
660 3599 853 3658 natus
904 3612 1054 3658 sum
1128 3593 1343 3657 videre
1401 3591 1844 3656 contritionem

304 3700 523 3784 populi
546 3702 696 3780 mei,
722 3704 786 3765 et
809 3702 1254 3766 contritionem
1283 3698 1554 3763 civitatis
1582 3701 1840 3778 sanctae,

302 3812 366 3872 et
397 3808 615 3872 sedere
640 3808 815 3871 illic?
845 3831 875 3867 ιο
914 3807 1017 3872 Sic
1043 3808 1246 3890 igitur
1273 3809 1530 3870 notatur
1567 3804 1671 3868 hic
1704 3823 1845 3870 con-

302 3914 601 3980 sideratio
649 3915 988 3980 calumniae
1020 3964 1041 3995 ,
1099 3913 1480 3998 aggravatio
1525 3912 1800 3977 miseriae
1824 3960 1842 3989 ‚

304 4024 455 4106 quia
481 4022 573 4086 illi
599 4026 750 4087 sunt
776 4023 1092 4105 oppressi,
1114 4021 1407 4101 desolati,
1432 4021 1676 4085 auxilio
1705 4020 1846 4084 des-

302 4132 477 4196 tituti
492 4134 554 4195 et
563 4133 695 4213 jam
717 4130 821 4212 (b),
834 4134 986 4194 tunc
1004 4130 1329 4194 detestatio
1347 4130 1577 4213 culpae.
1599 4130 1847 4196 Rursus

304 4239 765 4322 contemplatus
792 4253 956 4316 sum,
977 4241 1096 4301 etc.
1118 4236 1234 4301 Hic
1262 4237 1536 4302 secundo
1559 4238 1848 4321 tangitur

305 4349 556 4413 vanitas
581 4345 841 4411 invidiae
869 4345 939 4408 in
965 4344 1234 4410 dolendo
1271 4346 1348 4409 de
1374 4346 1543 4410 bono
1570 4352 1633 4411 et
1657 4366 1846 4430 pros-

307 4457 571 4540 peritate
584 4454 884 4538 proximi,
902 4472 1098 4536 quam
1112 4453 1304 4517 etiam
1320 4452 1507 4531 vidit;
1523 4453 1690 4517 unde
1706 4454 1848 4518 sub-

308 4564 403 4629 dit
434 4585 449 4628 :
493 4566 743 4629 Rursus
792 4559 1250 4644 contemplatus
1287 4576 1430 4626 sum
1455 4575 1478 4621 .-
1517 4559 1658 4624 haec
1702 4579 1847 4624 con-

307 4669 635 4754 templatio
660 4673 757 4734 est
779 4668 973 4748 liber,
1007 4686 1080 4732 ac
1106 4667 1470 4750 perspicax,
1510 4671 1574 4731 et
1600 4667 1850 4731 defixus

309 4778 580 4843 intuitus
609 4799 626 4842 ε
662 4776 897 4843 Omnes
925 4774 1165 4842 labores
1188 4823 1206 4854 ,
1235 4778 1550 4857 quantum
1587 4773 1667 4839 ad
1706 4792 1846 4839 cor-

308 4906 473 4971 pus;
512 4890 570 4952 et
614 4884 979 4952 industrias
1017 4883 1378 4961 hominum,
1420 4887 1731 4964 quantum
1771 4883 1852 4947 ad

309 4996 618 5059 animam.
645 4991 760 5059 Vel
800 4991 1042 5058 labores
1082 4995 1143 5057 et
1176 4988 1578 5069 industrias,
1607 4989 1670 5054 id
1716 4993 1845 5070 est,

295 5102 616 5181 *virtutes3
648 5100 818 5164 unde
866 5098 991 5162 alia
1039 5097 1368 5162 translatio
1413 5095 1605 5160 habet
1639 5118 1655 5161 t
1702 5096 1848 5163 Om-

379 5227 391 5255 ¹
430 5224 552 5287 Ισό,
586 5229 745 5289 xxxv,
786 5226 836 5276 9.
864 5251 927 5262 -
962 5224 984 5258 ¹
1022 5221 1214 5283 Thr-en„
1251 5234 1294 5286 ι,
1322 5225 1371 5272 2.
1401 5247 1461 5258 -
1495 5222 1518 5257 ⁸
1547 5220 1729 5283 Eccli„
1759 5233 1851 5286 v11,

313 5298 395 5348 38.
424 5321 488 5334 —
520 5296 542 5331 ⁸
568 5297 736 5361 Prev„
772 5305 914 5355 1111.
947 5297 1027 5347 ἥ.
1055 5319 1119 5332 -
1164 5293 1187 5330 ⁸
1216 5294 1260 5344 ΙΙ
1300 5291 1500 5352 Perat..
1543 5301 1647 5357 xx,
1684 5295 1764 5344 12.
1790 5313 1853 5332 —-

316 5370 336 5398 ⁴⁵
368 5367 430 5416 111
463 5367 601 5430 neq„
629 5379 746 5432 xix,
775 5371 822 5418 4.
853 5394 912 5404 —
945 5365 962 5401 ⁷
996 5367 1013 5416 Ι
1044 5365 1234 5427 Macte„
1268 5377 1337 5427 11,
1365 5367 1414 5413 7.
1439 5390 1499 5401 -
1528 5363 1551 5398 ⁸
1578 5365 1765 5429 Supra,
1791 5377 1852 5428 ιι,

319 5441 397 5493 18.
430 5465 491 5480 -
531 5440 553 5480 ⁰
598 5438 772 5501 Secu..
815 5447 924 5505 xiv,
964 5439 1017 5490 8.
1056 5461 1117 5477 -·-
1161 5438 1206 5478 ’Φ
1244 5437 1408 5496 Prov„
1448 5439 1640 5501 xxvm,
1682 5438 1764 5488 22.
1794 5464 1848 5476 -

1936 692 2193 749 omnem
2221 684 2601 751 industriam
2626 704 2871 767 meam,
2892 703 3023 770 qua
3051 685 3171 749 sub
3193 684 3323 750 sole
3346 688 3473 749 stu-

1935 791 2295 856 diosissime
2330 793 2637 858 laboravi.
2669 817 2700 853 ιο
2739 793 2828 860 Et
2870 791 3305 860 animadverti
3344 808 3471 876 pa—
3582 790 3591 799 ”

1940 908 2068 967 tere
2124 898 2401 966 invidiae
2453 903 2750 984 proximi
2780 922 2809 983 ,⁰
2852 903 3004 985 quia
3048 901 3269 965 videns
3306 900 3476 965 bona

1938 1006 2194 1072 invidus
2212 1056 2230 1085 ,
2261 1008 2472 1071 statim
2502 1008 2692 1073 dolet.
2712 1009 2735 1044 ⁹
2763 1031 2794 1068 <1
2814 1008 3102 1091 Nequam
3130 1011 3221 1073 est
3253 1006 3476 1075 oculus

1937 1112 2157 1192 lividi,
2186 1116 2249 1177 et
2276 1118 2570 1179 avertens
2591 1115 2816 1180 faciem
2828 1162 2849 1195 ,
2882 1120 2943 1179 et
2970 1116 3320 1198 despiciens
3345 1116 3476 1180 ani-

1940 1239 2115 1285 mam
2140 1240 2347 1286 suam.
2377 1245 2408 1281 ο
2440 1222 2526 1290 Et
2550 1225 2626 1289 in
2657 1223 2770 1290 hoc
2811 1239 2954 1307 erqo
2983 1224 3278 1303 vanitas,
3308 1222 3477 1287 scili-

1940 1333 2037 1393 cet
2064 1328 2324 1394 malitiae
2351 1330 2437 1392 ¹⁶:
2480 1354 2511 1391 α
2538 1330 2674 1411 Vir,
2704 1332 2818 1414 qui
2861 1330 3116 1394 festinat
3159 1330 3376 1406 ditari,
3418 1333 3482 1394 et

1939 1437 2083 1502 aliis
2125 1437 2368 1503 invidet
2397 1460 2466 1502 z»
2516 1438 2600 1505 Et
2641 1454 2799 1504 cura
2839 1438 3207 1520 superflua,
3249 1435 3483 1500 scilicet

1940 1563 2150 1628 poenae
2167 1594 2185 1623 ‚
2214 1546 2368 1628 quia
2393 1564 2541 1610 cum
2582 1545 2835 1611 deberet
2860 1547 2939 1611 de
2964 1545 3151 1610 bonis
3191 1544 3328 1608 suis
3369 1562 3484 1608 co-

1942 1654 2187 1735 gitare,
2217 1654 2460 1736 cogitat
2488 1672 2738 1738 semper
2783 1655 2862 1719 de
2901 1654 3146 1719 alienis.
3186 1651 3364 1717 Unde
3385 1650 3429 1693 ¹¹
3462 1673 3479 1718 :
3596 1638 3601 1644 ’

1949 1784 1981 1823 α
2021 1760 2114 1848 Ne
2155 1760 2449 1826 comedas
2503 1779 2654 1825 cum
2695 1760 2957 1825 homine
2998 1760 3363 1840 invid0‚,et
3400 1777 3483 1823 ne

1941 1868 2257 1935 desideres
2285 1868 2461 1934 cibos
2483 1871 2657 1951 ejuS‚
2690 1870 2994 1953 quoniam
3020 1868 3089 1932 in
3128 1867 3487 1935 similitudi-

1941 1998 2092 2044 nem
2125 1977 2306 2043 arioli
2329 1978 2647 2042 existimat
2678 1979 2748 2060 (c)
2779 1978 2949 2061 quod
2977 1978 3259 2059 ignorat.
3288 2000 3319 2037 ιο

2023 2085 2351 2155 5.8τῑιῑειιε
2364 2084 2722 2167 complicat,
2735 2089 2853 2150 etc.
2873 2083 2989 2148 llic
3001 2084 3186 2149 tertio
3195 2084 3486 2166 tangitur

1943 2196 2195 2261 vanitas
2218 2193 2472 2273 acediae,
2497 2196 2752 2276 propter
2768 2210 2964 2275 quam
2988 2186 3275 2256 redditur
3290 2193 3487 2259 homo

1942 2302 2248 2367 taediosus
2289 2305 2354 2366 et
2396 2301 2581 2385 piger
2614 2301 2694 2364 ad
2731 2317 2922 2365 omne
2959 2301 3202 2364 bonum
3221 2348 3243 2379 ,
3287 2305 3350 2364 et
3375 2314 3490 2383 per

1943 2412 2066 2476 hoc
2106 2409 2339 2475 stultus
2371 2432 2387 2474 z
2432 2408 2573 2489 ideo
2614 2407 2764 2473 dicit
2794 2430 2809 2472 ε
2851 2409 3110 2477 Stultus
3155 2410 3489 2492 complicat

1943 2535 2177 2586 manus
2194 2533 2370 2585 suas.
2394 2516 2541 2582 Ideo
2568 2516 2823 2597 stultus,
2840 2516 2993 2600 quia
3015 2517 3224 2601 piger.
3249 2519 3293 2554 ¹²
3321 2540 3351 2579 α
3370 2518 3490 2595 Qui

1945 2629 2222 2690 sectatur
2246 2624 2467 2704 otium,
2507 2624 2918 2690 stultissimus
2944 2628 3059 2690 est.
3090 2648 3121 2684 ιο
3158 2625 3304 2690 Ideo
3337 2626 3493 2691 dici-

1945 2737 2053 2799 tur
2079 2733 2137 2797 ei
2173 2734 2216 2774 ¹³
2255 2755 2271 2798 ε
2312 2755 2343 2793 α
2367 2730 2540 2798 Vade
2581 2731 2662 2797 ad
2698 2733 3060 2814 formicam,
3090 2752 3130 2798 o
3173 2732 3401 2815 piger,
3433 2739 3497 2800 et

1946 2841 2114 2905 disce
2158 2839 2558 2923 sapientiam.
2603 2863 2634 2900 ιο
2669 2839 2787 2904 Hic
2818 2862 2833 2904 :
2878 2837 3134 2907 Stultus
3161 2842 3498 2924 complicat

1947 2964 2217 3028 manus,
2247 2947 2402 3031 quia
2443 2948 2656 3012 renuit
2698 2947 2970 3031 operari.
3001 2947 3045 2988 ¹⁵
3081 2970 3112 3007 α
3148 2946 3492 3014 Abscondit

1947 3057 2135 3140 piger
2161 3073 2393 3121 manus
2426 3073 2573 3119 suas
2611 3055 2732 3119 sub
2760 3053 2989 3120 ascella
3022 3073 3170 3135 sua,
3203 3058 3266 3119 et
3306 3055 3492 3121 labo—

1946 3169 2069 3245 rat,
2104 3164 2157 3227 si
2185 3163 2265 3229 ad
2292 3183 2365 3229 os
2405 3182 2600 3227 suum
2638 3181 2746 3228 eas
2791 3163 3210 3242 converterit3
3240 3187 3271 3224 ιο
3318 3167 3384 3229 et
3409 3182 3492 3229 ex

1946 3272 2091 3351 hoc,
2122 3272 2292 3355 quod
2320 3271 2571 3355 operari
2599 3271 2834 3351 renuit,
2864 3289 3108 3355 pauper
3134 3271 3407 3336 efficitur
3431 3276 3496 3336 et

1949 3399 2162 3445 macer
2187 3384 2445 3463 propter
2468 3380 2782 3444 defectum
2809 3378 3080 3461 inopiae3
3104 3379 3273 3443 unde
3297 3375 3450 3444 dicit
3475 3402 3492 3445 ε

1949 3492 2043 3557 Et
2068 3488 2338 3555 comedit
2359 3502 2585 3554 carnes
2616 3502 2794 3566 suas,
2826 3485 3070 3566 dicens,
3101 3490 3221 3551 etc.
3255 3485 3498 3569 Hybet-

1949 3596 2150 3661 bolice
2194 3597 2435 3662 dictum
2463 3600 2589 3676 est,
2620 3614 2696 3661 eo
2733 3597 2904 3678 quod
2946 3611 3157 3659 macer
3183 3594 3454 3659 efficitur
3473 3644 3494 3676 ,

1951 3722 2081 3769 non
2127 3705 2371 3769 habens
2416 3705 2654 3769 cibum.
2698 3703 2741 3740 ¹⁸
2785 3726 2816 3765 α
2844 3702 3162 3767 Desideria
3202 3701 3498 3766 occidunt

1950 3811 2219 3893 pigrum
2234 3860 2256 3891 ,
2291 3811 2498 3875 noluit
2521 3810 2696 3876 enim
2725 3808 3078 3892 quidquam
3101 3826 3333 3873 manus
3359 3811 3499 3890 ejus

1951 3919 2223 4002 operari.
2257 3940 2290 3978 ιο
2319 3917 2440 3984 Sed
2469 3918 2540 3981 in
2563 3917 2686 3981 hac
2713 3916 2976 4000 pigritia
3002 3915 3235 3980 acediae
3261 3915 3497 3981 habere

1953 4026 2075 4089 sibi
2095 4026 2347 4091 videtur
2362 4024 2837 4089 excusationem
2860 4023 3185 4106 sapientiae
3202 4046 3219 4102 ;
3244 4023 3413 4089 unde
3433 4029 3498 4089 et

1953 4132 2169 4198 subdit
2192 4133 2407 4198 dicens
2435 4133 2521 4214 (v.
2546 4135 2606 4211 6)
2633 4130 2896 4197 :Melior
2924 4135 3018 4198 est
3034 4130 3323 4214 puqillus
3350 4148 3494 4199 cum

1952 4242 2206 4323 requie,
2259 4256 2453 4321 quam
2497 4238 2693 4321 plena
2746 4243 3015 4321 utraque
3071 4254 3302 4304 manus
3351 4256 3496 4305 cum

1954 4349 2161 4416 labore
2189 4354 2251 4415 et
2277 4347 2637 4429 afflictione
2666 4348 2898 4413 animi.
2929 4345 3081 4411 Haec
3109 4350 3202 4411 est
3235 4346 3497 4411 scientia

1954 4457 2148 4541 pigri,
2177 4474 2291 4539 per
2318 4475 2514 4540 quam
2541 4475 2609 4522 se
2635 4460 2936 4535 excusat3
2968 4456 3140 4522 unde
3160 4456 3391 4522 dicitur
3409 4454 3491 4520 ⁸⁸:

1964 4587 1995 4626 α
2039 4563 2399 4646 Sapientior
2448 4563 2567 4627 sibi
2605 4562 2863 4629 videtur
2913 4568 3158 4647 septem
3200 4564 3357 4628 viris
3398 4563 3495 4628 lo·

1956 4669 2301 4754 quentibus
2341 4669 2720 4750 sententias;
2752 4694 2783 4731 ιο
2822 4673 2887 4735 et
2926 4672 3014 4736 sic
3040 4672 3405 4736 insinuatur
3428 4671 3499 4736 in

1956 4777 2145 4862 pigro
2167 4781 2387 4860 torpor
2414 4777 2670 4858 acediae,
2698 4779 2852 4862 quia
2874 4777 3208 4862 complicat
3225 4796 3492 4857 manus;

1957 4885 2333 4949 sustinentia
2376 4885 2665 4968 penuriae
2678 4934 2700 4965 ,
2741 4886 2896 4969 quia
2922 4886 3196 4952 comedit
3238 4904 3493 4965 carnes;

1958 4993 2280 5058 excusatio
2306 4992 2729 5074 ignorantiae,
2759 4994 2913 5075 quia
2934 4993 3151 5059 laudat
3180 4996 3492 5079 requiem.

1960 5136 1998 5171 ¹¹
2028 5136 2194 5199 prov„
2238 5146 2400 5196 xxm,
2446 5138 2494 5186 Ἰ.
2535 5160 2595 5172 -
2637 5135 2673 5169 ¹¹
2712 5136 2877 5198 Prov„
2917 5147 3025 5197 ιιι,
3066 5140 3139 5187 ¹1.
3172 5161 3237 5175 —
3268 5137 3498 5203 ¹⁸va.,

1959 5219 2033 5269 vi,
2062 5209 2114 5258 6.
2141 5233 2204 5244 -
2240 5207 2282 5242 ¹⁸
2316 5210 2480 5270 Prov„
2510 5217 2670 5270 xxvi,
2698 5209 2776 5258 15.
2805 5233 2865 5245 —
2902 5208 2939 5243 ¹⁵
2974 5208 3141 5270 Pma,
3172 5220 3295 5272 xxx,
3330 5212 3411 5261 25.
3440 5237 3503 5250 -

1964 5279 2004 5312 ¹·
2028 5278 2199 5338 Pron„
2228 5288 2373 5341 nvi,
2405 5280 2483 5329 16.

2040 5366 2108 5431 (a)
2175 5366 2299 5418 Coet.
2368 5366 2488 5418 edit.
2554 5369 2889 5433 tyrannorum
2947 5367 3383 5424 inconsolabilem.
3440 5397 3504 5413 -

1961 5438 2034 5508 (bi
2067 5440 2195 5491 Item
2223 5438 2396 5495 etiam.
2429 5466 2489 5478 —
2528 5435 2769 5507 (cyneo.
2804 5438 3040 5494 assumat.
