4196 6294
707 458 786 522 36

703 589 927 655 tabiles
942 639 959 671 ‚
992 590 1147 675 quia
1174 590 1495 655 mentibus
1520 589 1813 656 omnium
1839 608 1909 654 se
1933 588 2240 666 offerunt,

701 703 855 764 tunc
880 703 1275 783 sequeretur,
1305 700 1473 783 quod
1510 699 1928 781 intelligentia
1960 700 2125 763 esset
2154 696 2235 779 (a)

700 806 1160 873 incoarctabilis
1183 811 1245 871 et
1269 811 1560 871 creatura
1584 809 1748 871 esset
1770 810 1949 869 actus
1977 823 2186 889 purus
2217 828 2233 868 :

698 916 903 998 etqui
941 916 1064 979 hoc
1089 915 1273 994 dicit,
1301 919 1562 979 enervat
1586 916 1826 978 fontem
1866 913 2197 995 sapientiae
2216 960 2234 992 ‚

699 1025 762 1085 et
788 1023 936 1085 facit
964 1022 1202 1086 idolum
1231 1021 1453 1087 Deum.
1485 1021 1607 1087 Sed
1636 1022 1776 1086 haec
1801 1022 2109 1104 sapientia
2133 1039 2240 1084 ra-

699 1129 826 1194 diat
870 1148 1063 1214 super
1098 1130 1378 1195 animam
1399 1178 1422 1211 ,
1465 1148 1614 1214 quae
1642 1130 1660 1164 ¹
1690 1131 1928 1195 assistit
1968 1149 2103 1213 prae
2143 1130 2238 1195 fo·

693 1237 895 1301 ribus,

773 1347 955 1411 Modo
1006 1351 1268 1429 apparet
1322 1346 1633 1429 sapientia
1692 1345 2096 1410 multiformis
2165 1346 2234 1410 in

692 1455 1014 1537 mysteriis
1064 1456 1431 1520 divinarum
1499 1455 1984 1537 scripturarum.
2055 1451 2232 1518 Hanc

689 1562 1260 1626 multiformitatem
1289 1563 1738 1645 mysteriorum
1770 1562 2040 1626 ostendit
2066 1560 2232 1644 Apo-

689 1670 890 1734 stolus
908 1719 929 1750 ,
958 1671 1048 1734 sic
1071 1670 1368 1752 inquiens
1392 1671 1459 1734 ¹:
1499 1694 1530 1731 α
1555 1670 1706 1733 Mihi
1730 1671 2023 1733 omnium
2052 1688 2234 1734 sanc·

687 1782 901 1844 torum
930 1779 1202 1842 minimo
1225 1826 1243 1856 ‚
1271 1778 1417 1842 data
1442 1782 1539 1842 est
1567 1778 1708 1842 haec
1735 1779 1946 1860 gratia
1972 1778 2039 1841 in
2072 1796 2230 1859 gen·

686 1886 859 1950 tibus
929 1886 1370 1968 evangelizare
1426 1885 1904 1967 investigabiles
1973 1885 2228 1949 divitias

685 1994 944 2075 Christi,
979 1999 1043 2059 et
1081 1996 1441 2060 illuminare
1472 2012 1735 2072 omnes,
1775 2010 1923 2077 quae
1964 1993 2046 2056 sit
2093 1992 2228 2057 dis-

681 2104 967 2186 pensatio
1000 2104 1381 2168 sacramenti
1407 2103 1759 2168 absconditi
1792 2121 1832 2166 a
1859 2100 2111 2165 saeculis
2155 2102 2223 2166 in

681 2211 808 2276 Deo
831 2261 848 2292 ‚
881 2214 992 2295 qui
1022 2214 1238 2277 omnia
1265 2212 1537 2291 creavit,
1567 2216 1648 2275 ut
1671 2211 2021 2274 innotescat
2047 2210 2224 2292 prin-

679 2319 990 2401 cipatibus
1023 2325 1086 2384 et
1130 2320 1546 2401 potestatibus
1591 2319 1661 2382 in
1698 2319 2061 2384 coelestibus
2108 2338 2223 2401 per

677 2425 1019 2491 Ecclesiam
1037 2427 1444 2492 multiformis
1460 2427 1767 2511 sapientia
1780 2426 1943 2490 Dei.»
1973 2425 2222 2490 Innote-

676 2552 853 2597 scere
871 2539 965 2598 est
983 2540 1200 2599 autem
1220 2534 1602 2616 angelorum
1625 2534 1977 2598 ministerio
1996 2533 2221 2598 clares-

674 2661 837 2722 cere,
855 2648 916 2707 et
930 2643 1114 2707 nobis
1131 2643 1512 2717 illucescere,
1533 2643 1694 2707 sicut
1709 2643 1938 2707 dicitur
1957 2647 1980 2682 ⁸
2004 2665 2019 2707 z
2043 2667 2073 2703 α
2089 2642 2219 2706 Lex

672 2752 819 2816 data
849 2753 922 2834 (b)
959 2771 1073 2835 per
1104 2752 1407 2832 angeIOS,
1439 2774 1469 2809 ι)
1524 2750 1645 2814 hoc
1681 2755 1811 2830 est,
1865 2750 2216 2814 ministerio

672 2861 1075 2942 angelorum.
1120 2860 1379 2925 Necesse
1408 2865 1624 2923 autem
1672 2859 1790 2923 fuit
1844 2860 2214 2923 divinarum

669 2969 1129 3050 scripturarum
1144 2968 1517 3051 sapientiam
1529 2986 1666 3031 esse
1683 2966 2132 3045 multiformem
2146 2967 2214 3031 in

670 3076 2214 3159 multitudinefigurarum‚varietatesacramento·

668 3203 821 3249 rum
842 3235 860 3266 ‚
905 3185 1266 3269 pluralitate
1294 3186 1639 3267 signorum
1663 3234 1682 3264 ,
1720 3192 1792 3248 ut
1819 3184 2064 3251 veletur
2097 3203 2212 3248 su—

668 3294 882 3376 perbis
904 3344 925 3375 ,
955 3295 1272 3358 reveletur
1294 3293 1672 3358 humilibus,
1703 3292 1856 3357 Eaec
1887 3291 2211 3357 velamina

668 3401 971 3467 claudunt
999 3403 1347 3483 Christum,
1369 3403 1685 3466 occultant
1710 3401 2088 3483 sapientiam
2113 3419 2211 3464 sa-

666 3510 984 3592 pientibus
1010 3514 1075 3575 et
1101 3511 1448 3575 immundis
1470 3510 1565 3592 (c).
1591 3508 1771 3574 Unde
1798 3509 1950 3574 dicit
1974 3508 2204 3607 Salva-

664 3619 766 3682 tor
796 3624 818 3659 δ
846 3638 864 3682 :
893 3618 1250 3684 «Confiteor
1272 3618 1410 3697 tibi,
1441 3616 1648 3698 Pater,
1676 3617 1938 3682 Domine
1967 3618 2110 3682 coeli
2142 3622 2206 3681 et

665 3728 852 3790 terrae
867 3774 888 3806 ‚
920 3728 1071 3809 quia
1085 3726 1463 3792 abscondisti
1492 3726 1631 3789 haec
1656 3744 1696 3789 a
1720 3724 2113 3807 sapientibus
2137 3731 2207 3791 et

661 3834 1112 3914 prudentibus,
1145 3837 1208 3898 et
1232 3833 1529 3898 revelasti
1557 3852 1633 3898 ea
1673 3833 1976 3915 parvulis.
2005 3854 2035 3893 n
2070 3831 2196 3918 Op-

657 3940 815 4007 time
863 3961 1018 4024 ergo
1067 3942 1221 4007 dicit
1267 3941 1507 4008 Paulus
1556 3962 1573 4004 ε
1636 3965 1668 4004 α
1692 3941 1847 4006 Mihi
1905 3943 2200 4008 omnium

659 4052 1023 4114 sanctorum
1071 4050 1339 4114 minimo
1368 4098 1389 4130 ,
1426 4071 1457 4110 ι)
1510 4054 1628 4115 etc.
1678 4048 1802 4115 Sed
1847 4051 2192 4134 quaeritur,

657 4156 977 4239 quomodo
1007 4155 1246 4220 Paulus
1281 4178 1315 4217 α
1344 4158 1742 4238 evangelizat
1769 4158 2191 4240 investigabi-

653 4262 748 4327 les
771 4264 1025 4328 divitias
1044 4263 1267 4344 gratiae
1284 4264 1562 4328 Christi?
1581 4287 1612 4325 n
1633 4264 2035 4348 Respondeo:
2057 4272 2195 4349 lpse

653 4370 803 4435 dicit
829 4378 851 4412 ¹⁵
884 4394 898 4435 ε
941 4395 972 4432 (ι
998 4370 1256 4435 Manent
1283 4371 1439 4435 fides
1457 4421 1476 4452 ,
1506 4389 1684 4454 spes,
1715 4372 2020 4452 charitaS‚
2070 4375 2196 4439 tria

652 4477 814 4543 haec.
841 4499 874 4538 n

730 4587 991 4670 Triplex
1040 4590 1255 4652 autem
1322 4587 1597 4669 refulget
1651 4587 2071 4670 intelligentia
2123 4591 2196 4656 in

651 4697 1015 4782 ScripturiS.
1069 4695 1286 4759 Prima
1336 4696 1517 4760 docet
1565 4696 1718 4778 quid
1777 4697 2187 4779 credendum,

649 4810 960 4888 quantum
989 4805 1069 4869 ad
1096 4805 1320 4882 fldem3
1354 4804 1630 4867 secunda
1656 4804 1835 4870 docet
1878 4807 2033 4889 quid
2073 4827 2187 4872 ex-

647 4913 1027 4995 pectandum
1046 4961 1062 4992 ,
1096 4915 1410 4995 quantum
1440 4912 1520 4976 ad
1548 4930 1725 4995 spem
1748 4933 1766 4990 ;
1797 4914 1984 4976 tertia
2009 4914 2189 4980 docet

648 5021 801 5104 quid
829 5020 1251 5104 operandum,
1299 5028 1613 5102 quantum
1643 5021 1724 5085 ad
1772 5021 2141 5087 charitatem
2164 5073 2183 5105 ,

646 5148 794 5215 quae
819 5133 1120 5213 operatur
1148 5146 1390 5209 magna
1409 5174 1427 5209 ,
1470 5129 1525 5191 si
1570 5134 1703 5211 est,
1734 5133 1810 5193 ut
1838 5129 1988 5194 dicit
2030 5131 2182 5197 Gre-

710 5259 724 5287 ¹
755 5257 922 5319 Pron„
953 5266 987 5317 1,
1018 5257 1098 5305 21.
1121 5280 1183 5293 —
1205 5255 1224 5285 ²
1252 5253 1456 5317 Ephe-5„
1482 5266 1561 5313 111,
1591 5257 1728 5305 8-10.
1748 5280 1811 5296 -
1837 5255 1859 5290 ⁸
1882 5256 2071 5318 Galat„
2102 5271 2182 5325 111,

644 5329 724 5378 ¹9.
762 5354 827 5366 —
859 5328 877 5360 ⁴
914 5327 1119 5388 Manli„
1159 5337 1242 5391 xi,
1284 5329 1364 5376 25.
1404 5351 1467 5362 —
1507 5328 1526 5356 ⁸
1574 5327 1593 5376 1
1641 5327 1778 5389 Con,
1825 5339 1951 5392 xiii,
2002 5332 2077 5379 13.
2121 5355 2184 5370 ‹—

642 5401 666 5436 0
693 5402 868 5466 Greg„
906 5401 959 5449 in
996 5400 1159 5462 loun„
1190 5398 1333 5448 hom.
1372 5409 1496 5448 xxx.
1530 5424 1586 5435 -
1629 5396 1649 5432 ⁷
1677 5401 1842 5463 Joan„
1870 5411 1977 5464 xiv,
2011 5404 2090 5453 23.
2123 5429 2178 5440 —

643 5473 663 5503 ⁶
691 5471 861 5539 Cant„
889 5484 969 5536 vr,
999 5474 1047 5522 9.
1076 5495 1138 5510 -
1168 5472 1188 5503 ⁸
1226 5470 1392 5533 Cant„
1421 5480 1515 5533 111,
1539 5471 1587 5520 6.
1623 5496 1683 5509 -
1716 5472 1755 5507 ¹⁰
1784 5471 1949 5536 Cant„
1978 5483 2098 5534 vin,
2128 5476 2178 5525 5.

1748 449 2420 521 ILLUMINATIONES
2459 452 2860 527 Eccmsm

2349 592 2574 672 gorius
2619 594 2666 657 ⁸.
2717 593 2896 659 Unde
2942 598 3007 659 et
3051 593 3362 660 Dominus
3403 595 3427 631 ¹
3460 600 3634 684 apud
3682 603 3894 671 Ioan-

2346 712 2490 762 nem
2526 699 2610 782 (d)
2662 722 2680 764 ε
2720 724 2753 761 α
2777 700 2849 765 Si
2894 702 3041 784 quis
3081 700 3294 783 diligit
3331 721 3479 784 me,
3527 726 3892 776 sermonem

2348 823 2567 870 meum
2597 810 2895 874 servabit.
2924 829 2956 868 n
2989 807 3433 891 Refulgentia,
3461 820 3780 896 quantum
3804 819 3889 884 ad

2341 913 2534 978 fidem
2549 964 2570 995 ,
2600 921 2697 980 est
2722 918 3029 999 allegoria
3059 938 3076 981 :
3108 936 3257 1001 quae
3284 920 3597 988 bifurcata
3616 931 3714 990 est
3732 975 3753 1007 ,
3786 947 3880 994 se-

2344 1023 2626 1088 cundum
2647 1027 3019 1107 juncturam
3057 1027 3277 1109 capitis
3300 1076 3322 1108 ‚
3355 1034 3418 1094 et
3444 1034 3751 1115 corporiS.
3781 1036 3891 1100 Al-
3931 1056 4116 1111 aliega-

3944 1122 4117 1239 aar

2342 1128 2653 1211 legoriam
2679 1137 2969 1214 spectans
2991 1134 3071 1198 ad
3094 1140 3280 1217 caput
3306 1138 3654 1219 Christum,
3679 1142 3883 1209 fertur

2342 1235 2422 1299 ad
2449 1238 2659 1321 ipsum
2689 1244 2945 1318 natum,
2976 1259 3270 1325 passum,
3298 1249 3362 1309 et
3389 1252 3756 1327 mortuum;
3787 1250 3880 1314 al-

2340 1342 2591 1424 legorIa
2617 1352 2908 1428 spectans
2934 1348 3016 1411 ad
3044 1368 3310 1431 corpus,
3340 1352 3542 1418 fertur
3568 1356 3649 1420 ad
3672 1356 3883 1421 Eccle-

2340 1450 2538 1531 siam,
2591 1455 2945 1518 secundum
2995 1460 3230 1522 statum
3257 1459 3668 1541 :primitivum
3691 1512 3709 1539 ‚
3744 1483 3878 1529 me-

2338 1557 2650 1625 diativum
2668 1610 2686 1640 ‚
2716 1566 2779 1625 et
2808 1562 3157 1630 finitivum.
3184 1564 3347 1631 Nam
3370 1572 3433 1632 et
3461 1568 3530 1633 in
3553 1570 3655 1633 his
3674 1571 3881 1636 modis

2337 1666 2544 1730 tribus
2574 1670 2977 1735 commendat
3005 1691 3278 1755 sponsus
3301 1693 3601 1758 sponsam
3625 1677 3695 1741 in
3721 1677 3881 1745 Can·

2336 1774 2486 1840 ticis
2507 1774 2531 1810 ⁸
2560 1796 2576 1837 ι
2618 1799 2649 1837 α
2679 1777 2835 1854 Quae
2864 1784 2960 1843 est
3002 1781 3161 1860 ista,
3191 1782 3427 1866 inquit,
3458 1803 3606 1868 quae
3657 1804 3875 1853 ascen-

2335 1880 2428 1944 dit
2463 1882 2537 1964 (e)
2569 1883 2751 1964 quasi
2777 1903 3010 1951 aurora
3037 1906 3431 1971 consurgens
3453 1937 3472 1969 ‚
3502 1892 3771 1974 pulchra
3804 1898 3880 1959 ut

2332 1986 2508 2070 luna,
2535 1990 2731 2055 electa
2757 1996 2829 2057 ut
2854 1994 2989 2058 sol?
3010 1998 3130 2059 etc.
3169 1995 3237 2055 α’
3261 1995 3417 2073 Quae
3431 2002 3526 2061 est
3549 1998 3691 2080 ista,
3722 2018 3870 2083 quae

2331 2098 2608 2162 ascendit
2645 2118 2759 2181 per
2800 2100 3121 2168 desertum
3142 2151 3163 2183 ‚
3212 2104 3373 2169 sicut
3408 2106 3671 2189 virgula
3713 2110 3876 2174 fumi

2329 2222 2412 2266 ex
2440 2207 2833 2272 aromatibus
2859 2211 3149 2292 myrrhae
3172 2259 3190 2291 ,
3230 2215 3294 2276 et
3330 2213 3576 2294 thuris,
3620 2219 3686 2281 et
3720 2218 3870 2282 uni-

2328 2313 2518 2391 versi,
2535 2336 2567 2373 1>
2584 2318 2702 2378 etc.
2716 2317 2747 2377 ¹?
2770 2338 2802 2377 α
2815 2315 2862 2357 ¹⁰
2880 2317 3036 2394 Quae
3054 2324 3150 2383 est
3169 2320 3308 2401 ista,
3330 2341 3476 2404 quae
3491 2325 3778 2390 ascendit
3792 2326 3872 2391 de

2327 2418 2573 2483 deserto
2601 2420 2837 2486 deliciis
2864 2425 3163 2507 affluenS,
3195 2432 3259 2491 et
3302 2429 3528 2495 innixa
3553 2450 3746 2514 super
3770 2433 3868 2498 di-

2324 2526 2560 2593 lectum
2607 2549 2799 2595 suum
2818 2534 2851 2595 '2
2878 2556 2910 2592 υ
2963 2532 3232 2618 Insuper
3259 2537 3339 2600 de
3367 2537 3613 2604 Christo
3665 2541 3872 2623 capite

2325 2635 2475 2699 dicit
2503 2634 2740 2702 Paulus
2765 2640 2805 2677 ¹¹
2842 2663 2911 2704 :e
2930 2639 3089 2706 Nolo
3117 2661 3232 2707 vos
3261 2644 3583 2728 ignorare,
3615 2647 3868 2731 fratres,

2325 2745 2635 2825 quoniam
2663 2751 2876 2827 patres
2903 2751 3106 2815 nostri
3132 2770 3357 2817 omnes
3387 2755 3507 2819 sub
3529 2756 3700 2820 nube
3722 2756 3870 2822 fue-

2323 2856 2520 2930 runt,
2551 2858 2614 2919 et
2640 2873 2863 2921 omnes
2893 2876 3071 2924 mare
3098 2862 3524 2939 transierunt,
3555 2869 3618 2928 et
3645 2883 3864 2936 omnes

2325 2958 2390 3022 in
2420 2959 2634 3044 Moyse
2660 2963 2958 3045 baptizati
2987 2970 3140 3031 sunt
3182 2968 3252 3031 in
3276 2970 3449 3034 nube
3476 2971 3632 3036 etin
3661 2973 3825 3036 mari
3846 3022 3866 3055 ,

2323 3070 2386 3130 et
2410 3085 2636 3132 omnes
2674 3071 2963 3135 eamdem
3007 3092 3217 3139 escam
3245 3077 3639 3160 spiritualem
3678 3098 3866 3145 mau-

2321 3174 2758 3257 ducaverunt,
2794 3183 2858 3243 et
2883 3199 3109 3246 omnes
3149 3184 3449 3250 eumdem
3475 3191 3697 3268 potum
3741 3189 3869 3271 spi-

2319 3282 2616 3348 ritualem
2642 3285 2963 3352 biberunt.
2997 3279 3309 3356 Bibebant
3335 3294 3552 3357 autem
3577 3294 3654 3359 de
3683 3296 3868 3378 spiri-

2318 3389 2475 3453 tuali
2506 3399 2942 3476 vconsequente
2999 3415 3107 3461 eos
3150 3402 3367 3481 petra3
3420 3404 3599 3482 petra
3645 3407 3865 3468 autem

2317 3500 2452 3560 erat
2499 3496 2807 3564 Christus.
2840 3523 2871 3561 n
2910 3501 2993 3566 De
3034 3503 3347 3585 allegoria
3387 3507 3739 3588 pertinente
3782 3511 3865 3576 ad

2315 3620 2547 3686 corpus
2595 3604 2824 3670 Christi
2889 3609 3259 3691 mysticum,
3321 3612 3472 3676 dicit
3530 3613 3698 3678 idem
3740 3618 3786 3657 ¹¹
3838 3637 3856 3681 ε

2320 3734 2350 3771 α
2373 3711 2695 3797 Scriptum
2723 3717 2856 3795 est,
2891 3717 3194 3798 quoniam
3236 3719 3563 3787 Abraham
3591 3723 3752 3788 duos
3776 3726 3859 3789 fi-

2311 3815 2430 3882 lios
2478 3818 2707 3883 habuit
2726 3868 2747 3900 ,
2784 3841 2990 3886 unum
3034 3823 3113 3888 de
3149 3826 3398 3901 ancilla,
3429 3832 3494 3892 et
3529 3848 3736 3895 unum
3778 3832 3862 3897 de

2310 3923 2534 3990 libera.
2566 3926 2689 3991 Sed
2709 3928 2910 4011 quide
2927 3931 3158 3994 ancilla
3173 3980 3194 4012 ,
3218 3936 3571 4001 secundum
3599 3957 3860 4005 carnem

2316 4037 2504 4098 natus
2532 4038 2664 4114 est3
2708 4036 2817 4119 qui
2857 4041 3073 4101 autem
3098 4039 3176 4104 de
3202 4040 3404 4106 libera
3425 4091 3447 4122 ,
3480 4062 3595 4127 per
3633 4064 3860 4130 repro-

2310 4140 2677 4206 missionem
2707 4164 2722 4207 :
2764 4162 2911 4226 quae
2940 4149 3092 4210 sunt
3120 4167 3233 4230 per
3259 4148 3637 4232 allegoriam
3663 4155 3854 4220 dicta.

2308 4245 2461 4310 Haec
2487 4248 2661 4311 enim
2689 4255 2838 4313 sunt
2867 4251 2994 4317 duo
3017 4256 3415 4322 testamenta.
3439 4280 3470 4317 n
3502 4257 3644 4324 Non
3671 4279 3858 4345 opor-

2305 4355 2433 4419 tuit
2458 4361 2531 4421 ut
2560 4357 2833 4442 amplius
2878 4361 3280 4446 explanaret,
3326 4369 3480 4450 quia
3520 4389 3633 4453 per
3677 4372 3856 4439 illam

2305 4465 2755 4548 intelliguntur
2781 4469 2908 4534 duo
2959 4473 3201 4555 populi.
3252 4474 3449 4540 Juxta
3484 4478 3850 4562 intelligen-

2304 4574 2459 4637 tiam
2489 4594 2637 4658 quae
2667 4576 2943 4643 declarat
2962 4581 3116 4662 quid
3134 4587 3227 4647 est
3244 4587 3708 4667 expectandum
3733 4608 3854 4671 per

2301 4698 2510 4763 spem,
2544 4685 2819 4749 sumitur
2843 4688 3188 4769 anagogia.
3224 4690 3333 4755 Est
3362 4697 3579 4758 autem
3604 4695 3849 4778 duplex
3899 4745 4148 4804 anogo-

2300 4791 2645 4872 anagogia,
2679 4793 2910 4857 scilicet
2938 4795 3236 4878 coelestiS‚
3269 4802 3333 4863 et
3358 4802 3840 4884 supercoelestiS.
3909 4810 4155 4931 δέκα·

2299 4896 2646 4979 Anagogia
2675 4901 2940 4965 coelestis
2965 4951 2986 4982 ,
3040 4908 3113 4968 ut
3165 4908 3420 4989 quando
3463 4911 3705 4975 dictum
3748 4918 3847 4978 est

2297 5001 2632 5069 Abrahae·¹³
2662 5029 2677 5070 ε
2708 5031 2738 5067 α
2752 5007 3014 5092 Suscipe
3033 5012 3289 5094 coelum,
3321 5019 3384 5080 et
3402 5027 3673 5082 numera
3699 5020 3848 5085 stel-

2296 5110 2390 5174 las
2406 5159 2428 5191 ,
2457 5113 2511 5175 si
2533 5116 2711 5196 potes
2728 5162 2747 5194 ,
2769 5136 2799 5176 n
2838 5115 2903 5179 id
2923 5125 3017 5182 est
3043 5119 3328 5187 coelestes
3357 5122 3839 5206 intelligentias.

2295 5299 2357 5311 —
2389 5275 2421 5309 ¹¹
2451 5275 2471 5324 l
2502 5275 2640 5335 Cor„
2675 5288 2727 5338 x,
2766 5279 2815 5327 4.
2844 5304 2909 5317 -
2938 5280 2980 5314 ¹¹
3005 5281 3199 5347 Galat„
3229 5294 3301 5347 ur,
3335 5288 3498 5338 22-25.
3526 5314 3591 5326 —-
3631 5288 3669 5318 ¹⁸
3694 5290 3846 5354 Gen..

2293 5347 2381 5398 xv,
2407 5339 2455 5387 5.
2480 5364 2542 5375 —
2573 5339 2636 5401 (a)
2672 5339 2846 5403 Suppl.
2877 5348 3065 5394 creata.
3104 5371 3166 5383 —
3209 5345 3282 5410 (ὁ)
3307 5347 3467 5413 Ύιιὶῃ.
3507 5351 3758 5404 ordinata.
3780 5379 3849 5393 —

2295 5409 2355 5473 (c)
2405 5408 2519 5474 [Δρ.
2565 5410 2880 5474 sapientibus
2936 5416 3116 5466 mundi
3140 5452 3155 5475 ‚
3204 5417 3282 5467 vel
3339 5419 3725 5485 insipientibus.
3780 5453 3850 5466 —

2292 5480 2370 5544 (d)
2388 5480 2509 5533 Coet.
2532 5482 2653 5537 edit.
2675 5484 2820 5537 Unde
2835 5490 2889 5537 et
2904 5487 3214 5540 Joannes.—
3229 5491 3292 5555 (e)
3319 5491 3466 5556 γαίῃ.
3485 5497 3840 5560 progreditur.
