<?xml version="1.0" encoding="UTF-8"?>
<!DOCTYPE html PUBLIC "-//W3C//DTD XHTML 1.0 Transitional//EN"
    "http://www.w3.org/TR/xhtml1/DTD/xhtml1-transitional.dtd">
<html xmlns="http://www.w3.org/1999/xhtml" xml:lang="en" lang="en">
 <head>
  <title>
</title>
<meta http-equiv="Content-Type" content="text/html;charset=utf-8" />
  <meta name='ocr-system' content='tesseract 3.04.00' />
  <meta name='ocr-capabilities' content='ocr_page ocr_carea ocr_par ocr_line ocrx_word'/>
</head>
<body>
  <div class='ocr_page' id='page_1' title='image "./srecardinalissb00cargoog_0034.png"; bbox 0 0 4196 6294; ppageno 0'>
   <div class='ocr_carea' id='block_1_1' title="bbox 643 438 2902 524">
    <p class='ocr_par' dir='ltr' id='par_1_1' title="bbox 643 438 2902 524">
     <span class='ocr_line' id='line_1_1' title="bbox 643 438 2902 524; baseline -0.007 0"><span class='ocrx_word' id='word_1_1' title='bbox 643 464 723 524; x_wconf 74' lang='lat'>12</span> <span class='ocrx_word' id='word_1_2' title='bbox 1590 447 2054 521; x_wconf 84' lang='lat' dir='ltr'>PRINCIPIUM</span> <span class='ocrx_word' id='word_1_3' title='bbox 2093 442 2373 513; x_wconf 78' lang='lat' dir='ltr'>SAGRAE</span> <span class='ocrx_word' id='word_1_4' title='bbox 2413 438 2902 509; x_wconf 71' lang='lat' dir='ltr'>SCRIPTURAE:</span> 
     </span>
    </p>
   </div>
   <div class='ocr_carea' id='block_1_2' title="bbox 627 584 2182 4773">
    <p class='ocr_par' dir='ltr' id='par_1_2' title="bbox 627 584 2182 4773">
     <span class='ocr_line' id='line_1_2' title="bbox 637 584 2180 679; baseline -0.006 -20"><span class='ocrx_word' id='word_1_5' title='bbox 637 596 774 679; x_wconf 86' lang='lat' dir='ltr'>ipse</span> <span class='ocrx_word' id='word_1_6' title='bbox 821 595 1241 661; x_wconf 89' lang='lat' dir='ltr'>contraheret.</span> <span class='ocrx_word' id='word_1_7' title='bbox 1297 592 1476 660; x_wconf 90' lang='lat' dir='ltr'>Sicut</span> <span class='ocrx_word' id='word_1_8' title='bbox 1508 595 1725 657; x_wconf 88' lang='lat' dir='ltr'>tamen</span> <span class='ocrx_word' id='word_1_9' title='bbox 1767 590 1986 656; x_wconf 89' lang='lat' dir='ltr'>radius</span> <span class='ocrx_word' id='word_1_10' title='bbox 2027 584 2180 652; x_wconf 88' lang='lat' dir='ltr'>solis</span> 
     </span>
     <span class='ocr_line' id='line_1_3' title="bbox 638 695 2181 784; baseline -0.006 -16"><span class='ocrx_word' id='word_1_11' title='bbox 638 704 1176 769; x_wconf 89' lang='lat' dir='ltr'>incontaminatus</span> <span class='ocrx_word' id='word_1_12' title='bbox 1208 701 1449 768; x_wconf 80' lang='lat' dir='ltr'>cloacas</span> <span class='ocrx_word' id='word_1_13' title='bbox 1484 703 1770 784; x_wconf 85' lang='lat' dir='ltr'>penetrat</span> <span class='ocrx_word' id='word_1_14' title='bbox 1801 721 1817 765; x_wconf 73' lang='grc' dir='ltr'>ε</span> <span class='ocrx_word' id='word_1_15' title='bbox 1849 699 1940 763; x_wconf 91' lang='lat' dir='ltr'>sic</span> <span class='ocrx_word' id='word_1_16' title='bbox 1974 695 2181 779; x_wconf 84' lang='lat' dir='ltr'><strong>stylus</strong></span> 
     </span>
     <span class='ocr_line' id='line_1_4' title="bbox 638 808 2182 894; baseline -0.006 -17"><span class='ocrx_word' id='word_1_17' title='bbox 638 811 911 894; x_wconf 73' lang='lat' dir='ltr'>Spiritus</span> <span class='ocrx_word' id='word_1_18' title='bbox 940 811 1139 875; x_wconf 85' lang='lat' dir='ltr'>sancti</span> <span class='ocrx_word' id='word_1_19' title='bbox 1160 811 1181 846; x_wconf 85' lang='lat'>¹</span> <span class='ocrx_word' id='word_1_20' title='bbox 1207 811 1476 893; x_wconf 77' lang='lat' dir='ltr'>attinqit</span> <span class='ocrx_word' id='word_1_21' title='bbox 1508 808 1740 891; x_wconf 82' lang='lat' dir='ltr'>ubique</span> <span class='ocrx_word' id='word_1_22' title='bbox 1775 810 2033 890; x_wconf 79' lang='lat' dir='ltr'>propter</span> <span class='ocrx_word' id='word_1_23' title='bbox 2074 808 2182 870; x_wconf 80' lang='lat' dir='ltr'>sui</span> 
     </span>
     <span class='ocr_line' id='line_1_5' title="bbox 636 914 2181 1000; baseline -0.005 -16"><span class='ocrx_word' id='word_1_24' title='bbox 636 918 1058 997; x_wconf 78' lang='lat' dir='ltr'>munditiam,</span> <span class='ocrx_word' id='word_1_25' title='bbox 1076 923 1136 985; x_wconf 79' lang='lat' dir='ltr'>et</span> <span class='ocrx_word' id='word_1_26' title='bbox 1161 918 1330 984; x_wconf 81' lang='lat' dir='ltr'><em>nihil</em></span> <span class='ocrx_word' id='word_1_27' title='bbox 1360 918 1780 1000; x_wconf 81' lang='lat' dir='ltr'>inquinatum</span> <span class='ocrx_word' id='word_1_28' title='bbox 1806 914 2087 981; x_wconf 77' lang='lat' dir='ltr'><strong><em>incurrit</em></strong></span> <span class='ocrx_word' id='word_1_29' title='bbox 2105 914 2181 978; x_wconf 84' lang='lat' dir='ltr'>in</span> 
     </span>
     <span class='ocr_line' id='line_1_6' title="bbox 637 1020 2180 1107; baseline -0.005 -16"><span class='ocrx_word' id='word_1_30' title='bbox 637 1028 844 1092; x_wconf 90' lang='lat' dir='ltr'>illum.</span> <span class='ocrx_word' id='word_1_31' title='bbox 877 1048 908 1086; x_wconf 70' lang='grc' dir='ltr'>ι)</span> <span class='ocrx_word' id='word_1_32' title='bbox 943 1026 1020 1091; x_wconf 89' lang='lat' dir='ltr'>Et</span> <span class='ocrx_word' id='word_1_33' title='bbox 1047 1025 1266 1090; x_wconf 85' lang='lat' dir='ltr'>subdit</span> <span class='ocrx_word' id='word_1_34' title='bbox 1298 1048 1312 1090; x_wconf 90' lang='lat'>:</span> <span class='ocrx_word' id='word_1_35' title='bbox 1357 1048 1387 1087; x_wconf 72' lang='grc' dir='ltr'>α</span> <span class='ocrx_word' id='word_1_36' title='bbox 1415 1025 1742 1107; x_wconf 82' lang='lat' dir='ltr'>Scriptura</span> <span class='ocrx_word' id='word_1_37' title='bbox 1783 1041 1959 1087; x_wconf 90' lang='lat' dir='ltr'>sacra</span> <span class='ocrx_word' id='word_1_38' title='bbox 1998 1020 2180 1104; x_wconf 80' lang='lat' dir='ltr'>quasi</span> 
     </span>
     <span class='ocr_line' id='line_1_7' title="bbox 637 1128 2180 1218; baseline -0.005 -19"><span class='ocrx_word' id='word_1_39' title='bbox 637 1135 751 1200; x_wconf 92' lang='lat' dir='ltr'>tibi</span> <span class='ocrx_word' id='word_1_40' title='bbox 778 1135 951 1217; x_wconf 90' lang='lat' dir='ltr'>potio</span> <span class='ocrx_word' id='word_1_41' title='bbox 992 1136 1341 1218; x_wconf 91' lang='lat' dir='ltr'>temperata</span> <span class='ocrx_word' id='word_1_42' title='bbox 1374 1136 1492 1197; x_wconf 90' lang='lat' dir='ltr'>est.</span> <span class='ocrx_word' id='word_1_43' title='bbox 1526 1131 1593 1197; x_wconf 91' lang='lat' dir='ltr'>Si</span> <span class='ocrx_word' id='word_1_44' title='bbox 1640 1135 1783 1215; x_wconf 88' lang='lat' dir='ltr'>ejus</span> <span class='ocrx_word' id='word_1_45' title='bbox 1818 1128 2180 1194; x_wconf 74' lang='lat' dir='ltr'>amaritudo</span> 
     </span>
     <span class='ocr_line' id='line_1_8' title="bbox 636 1240 2178 1327; baseline -0.005 -20"><span class='ocrx_word' id='word_1_46' title='bbox 636 1242 920 1327; x_wconf 89' lang='lat' dir='ltr'>palatum</span> <span class='ocrx_word' id='word_1_47' title='bbox 949 1247 1135 1306; x_wconf 90' lang='lat' dir='ltr'>tuum</span> <span class='ocrx_word' id='word_1_48' title='bbox 1165 1240 1521 1320; x_wconf 89' lang='lat' dir='ltr'>contristat,</span> <span class='ocrx_word' id='word_1_49' title='bbox 1553 1240 1706 1323; x_wconf 88' lang='lat' dir='ltr'>quid</span> <span class='ocrx_word' id='word_1_50' title='bbox 1744 1255 2001 1303; x_wconf 82' lang='lat' dir='ltr'>accusas</span> <span class='ocrx_word' id='word_1_51' title='bbox 2042 1253 2178 1300; x_wconf 91' lang='lat' dir='ltr'>me-</span> 
     </span>
     <span class='ocr_line' id='line_1_9' title="bbox 637 1345 2174 1432; baseline -0.005 -18"><span class='ocrx_word' id='word_1_52' title='bbox 637 1350 886 1415; x_wconf 77' lang='lat' dir='ltr'>dicum?</span> <span class='ocrx_word' id='word_1_53' title='bbox 916 1370 947 1409; x_wconf 80' lang='grc'>»</span> <span class='ocrx_word' id='word_1_54' title='bbox 986 1347 1066 1414; x_wconf 89' lang='lat' dir='ltr'>Et</span> <span class='ocrx_word' id='word_1_55' title='bbox 1104 1347 1296 1431; x_wconf 87' lang='lat' dir='ltr'>paulo</span> <span class='ocrx_word' id='word_1_56' title='bbox 1338 1351 1481 1432; x_wconf 90' lang='lat' dir='ltr'>post</span> <span class='ocrx_word' id='word_1_57' title='bbox 1511 1368 1525 1409; x_wconf 91' lang='lat'>:</span> <span class='ocrx_word' id='word_1_58' title='bbox 1568 1371 1599 1408; x_wconf 78' lang='grc' dir='ltr'>α</span> <span class='ocrx_word' id='word_1_59' title='bbox 1639 1346 1805 1411; x_wconf 88' lang='lat' dir='ltr'>Deus</span> <span class='ocrx_word' id='word_1_60' title='bbox 1831 1345 2005 1409; x_wconf 91' lang='lat' dir='ltr'>enim</span> <span class='ocrx_word' id='word_1_61' title='bbox 2037 1362 2174 1408; x_wconf 90' lang='lat' dir='ltr'>ma-</span> 
     </span>
     <span class='ocr_line' id='line_1_10' title="bbox 640 1455 2176 1540; baseline -0.003 -19"><span class='ocrx_word' id='word_1_62' title='bbox 640 1475 814 1540; x_wconf 86' lang='lat' dir='ltr'>gnus</span> <span class='ocrx_word' id='word_1_63' title='bbox 840 1458 1144 1535; x_wconf 78' lang='lat' dir='ltr'>medicuS,</span> <span class='ocrx_word' id='word_1_64' title='bbox 1179 1474 1494 1538; x_wconf 88' lang='lat' dir='ltr'>magnum</span> <span class='ocrx_word' id='word_1_65' title='bbox 1522 1455 1801 1536; x_wconf 83' lang='lat' dir='ltr'>suscepit</span> <span class='ocrx_word' id='word_1_66' title='bbox 1826 1456 2176 1533; x_wconf 86' lang='lat' dir='ltr'>aegrotum,</span> 
     </span>
     <span class='ocr_line' id='line_1_11' title="bbox 636 1560 2176 1645; baseline -0.003 -15"><span class='ocrx_word' id='word_1_67' title='bbox 636 1566 1017 1630; x_wconf 87' lang='lat' dir='ltr'>universnm</span> <span class='ocrx_word' id='word_1_68' title='bbox 1037 1582 1245 1645; x_wconf 88' lang='lat' dir='ltr'>genus</span> <span class='ocrx_word' id='word_1_69' title='bbox 1257 1564 1641 1628; x_wconf 89' lang='lat' dir='ltr'>humanum.</span> <span class='ocrx_word' id='word_1_70' title='bbox 1665 1561 1827 1625; x_wconf 88' lang='lat' dir='ltr'>Huic</span> <span class='ocrx_word' id='word_1_71' title='bbox 1841 1560 2176 1642; x_wconf 81' lang='lat' dir='ltr'>languidO,</span> 
     </span>
     <span class='ocr_line' id='line_1_12' title="bbox 637 1668 2174 1756; baseline -0.003 -20"><span class='ocrx_word' id='word_1_72' title='bbox 637 1674 789 1756; x_wconf 90' lang='lat' dir='ltr'>quia</span> <span class='ocrx_word' id='word_1_73' title='bbox 819 1672 1060 1738; x_wconf 87' lang='lat' dir='ltr'>diversi</span> <span class='ocrx_word' id='word_1_74' title='bbox 1088 1674 1242 1736; x_wconf 91' lang='lat' dir='ltr'>sunt</span> <span class='ocrx_word' id='word_1_75' title='bbox 1258 1688 1491 1750; x_wconf 78' lang='lat' dir='ltr'>moreS,</span> <span class='ocrx_word' id='word_1_76' title='bbox 1514 1669 1714 1735; x_wconf 85' lang='lat' dir='ltr'>variae</span> <span class='ocrx_word' id='word_1_77' title='bbox 1733 1668 2174 1750; x_wconf 63' lang='lat' dir='ltr'>aegritudines,</span> 
     </span>
     <span class='ocr_line' id='line_1_13' title="bbox 635 1776 2175 1859; baseline -0.006 -12"><span class='ocrx_word' id='word_1_78' title='bbox 635 1784 848 1847; x_wconf 84' lang='lat' dir='ltr'>varias</span> <span class='ocrx_word' id='word_1_79' title='bbox 883 1782 1074 1846; x_wconf 89' lang='lat' dir='ltr'>etiam</span> <span class='ocrx_word' id='word_1_80' title='bbox 1101 1781 1170 1845; x_wconf 90' lang='lat' dir='ltr'>in</span> <span class='ocrx_word' id='word_1_81' title='bbox 1210 1779 1410 1845; x_wconf 89' lang='lat' dir='ltr'>verbo</span> <span class='ocrx_word' id='word_1_82' title='bbox 1444 1797 1562 1843; x_wconf 90' lang='lat' dir='ltr'>suo</span> <span class='ocrx_word' id='word_1_83' title='bbox 1609 1776 1986 1859; x_wconf 83' lang='lat' dir='ltr'>temperavit</span> <span class='ocrx_word' id='word_1_84' title='bbox 2023 1793 2175 1839; x_wconf 93' lang='lat' dir='ltr'>con-</span> 
     </span>
     <span class='ocr_line' id='line_1_14' title="bbox 633 1884 2181 1969; baseline -0.003 -17"><span class='ocrx_word' id='word_1_85' title='bbox 633 1889 954 1954; x_wconf 66' lang='lat' dir='ltr'>fectiones</span> <span class='ocrx_word' id='word_1_86' title='bbox 1004 1886 1185 1965; x_wconf 89' lang='lat' dir='ltr'>Quod</span> <span class='ocrx_word' id='word_1_87' title='bbox 1230 1904 1364 1950; x_wconf 94' lang='lat' dir='ltr'>non</span> <span class='ocrx_word' id='word_1_88' title='bbox 1414 1886 1670 1969; x_wconf 89' lang='lat' dir='ltr'>prodest</span> <span class='ocrx_word' id='word_1_89' title='bbox 1720 1885 1834 1949; x_wconf 91' lang='lat' dir='ltr'>tibi</span> <span class='ocrx_word' id='word_1_90' title='bbox 1854 1933 1875 1963; x_wconf 92' lang='lat'>,</span> <span class='ocrx_word' id='word_1_91' title='bbox 1925 1884 2181 1966; x_wconf 89' lang='lat' dir='ltr'>prodest</span> 
     </span>
     <span class='ocr_line' id='line_1_15' title="bbox 633 1992 2180 2078; baseline -0.004 -18"><span class='ocrx_word' id='word_1_92' title='bbox 633 1996 838 2061; x_wconf 90' lang='lat' dir='ltr'>alteri.</span> <span class='ocrx_word' id='word_1_93' title='bbox 891 1994 1111 2078; x_wconf 89' lang='lat' dir='ltr'>Neque</span> <span class='ocrx_word' id='word_1_94' title='bbox 1157 1993 1328 2059; x_wconf 93' lang='lat' dir='ltr'>enim</span> <span class='ocrx_word' id='word_1_95' title='bbox 1386 1996 1575 2058; x_wconf 91' lang='lat' dir='ltr'>tuum</span> <span class='ocrx_word' id='word_1_96' title='bbox 1621 1992 2063 2058; x_wconf 91' lang='lat' dir='ltr'>tantummodo</span> <span class='ocrx_word' id='word_1_97' title='bbox 2111 1992 2180 2055; x_wconf 92' lang='lat' dir='ltr'>in</span> 
     </span>
     <span class='ocr_line' id='line_1_16' title="bbox 634 2099 2180 2186; baseline -0.003 -18"><span class='ocrx_word' id='word_1_98' title='bbox 634 2101 961 2186; x_wconf 74' lang='lat' dir='ltr'>Scriptura</span> <span class='ocrx_word' id='word_1_99' title='bbox 999 2119 1180 2165; x_wconf 87' lang='lat' dir='ltr'>sacra</span> <span class='ocrx_word' id='word_1_100' title='bbox 1214 2102 1436 2182; x_wconf 85' lang='lat' dir='ltr'>agitur</span> <span class='ocrx_word' id='word_1_101' title='bbox 1481 2101 1841 2182; x_wconf 85' lang='lat' dir='ltr'>negotium.</span> <span class='ocrx_word' id='word_1_102' title='bbox 1872 2099 2180 2166; x_wconf 86' lang='lat' dir='ltr'>Omnium</span> 
     </span>
     <span class='ocr_line' id='line_1_17' title="bbox 632 2207 2180 2292; baseline -0.003 -17"><span class='ocrx_word' id='word_1_103' title='bbox 632 2214 726 2275; x_wconf 90' lang='lat' dir='ltr'>est</span> <span class='ocrx_word' id='word_1_104' title='bbox 746 2210 836 2273; x_wconf 91' lang='lat' dir='ltr'>ibi</span> <span class='ocrx_word' id='word_1_105' title='bbox 864 2209 1034 2274; x_wconf 84' lang='lat' dir='ltr'>salus</span> <span class='ocrx_word' id='word_1_106' title='bbox 1052 2209 1350 2292; x_wconf 87' lang='lat' dir='ltr'>reposita.</span> <span class='ocrx_word' id='word_1_107' title='bbox 1377 2207 1445 2273; x_wconf 91' lang='lat' dir='ltr'>Si</span> <span class='ocrx_word' id='word_1_108' title='bbox 1469 2209 1668 2291; x_wconf 87' lang='lat' dir='ltr'>igitur</span> <span class='ocrx_word' id='word_1_109' title='bbox 1686 2208 1881 2273; x_wconf 88' lang='lat' dir='ltr'>sentis</span> <span class='ocrx_word' id='word_1_110' title='bbox 1897 2211 1960 2272; x_wconf 90' lang='lat' dir='ltr'>te</span> <span class='ocrx_word' id='word_1_111' title='bbox 1986 2207 2180 2271; x_wconf 88' lang='lat' dir='ltr'>talem</span> 
     </span>
     <span class='ocr_line' id='line_1_18' title="bbox 630 2316 2179 2401; baseline -0.003 -18"><span class='ocrx_word' id='word_1_112' title='bbox 630 2337 762 2383; x_wconf 91' lang='lat' dir='ltr'>non</span> <span class='ocrx_word' id='word_1_113' title='bbox 790 2336 927 2383; x_wconf 90' lang='lat' dir='ltr'>esse</span> <span class='ocrx_word' id='word_1_114' title='bbox 954 2318 1213 2401; x_wconf 84' lang='lat' dir='ltr'>qualem</span> <span class='ocrx_word' id='word_1_115' title='bbox 1239 2316 1570 2401; x_wconf 83' lang='lat' dir='ltr'>Scriptura</span> <span class='ocrx_word' id='word_1_116' title='bbox 1588 2317 1908 2394; x_wconf 83' lang='lat' dir='ltr'>describit,</span> <span class='ocrx_word' id='word_1_117' title='bbox 1936 2316 2179 2398; x_wconf 75' lang='lat' dir='ltr'>gratias</span> 
     </span>
     <span class='ocr_line' id='line_1_19' title="bbox 629 2424 2180 2509; baseline -0.001 -18"><span class='ocrx_word' id='word_1_118' title='bbox 629 2444 754 2509; x_wconf 85' lang='lat' dir='ltr'>age</span> <span class='ocrx_word' id='word_1_119' title='bbox 771 2425 923 2505; x_wconf 73' lang='lat' dir='ltr'>Deo,</span> <span class='ocrx_word' id='word_1_120' title='bbox 942 2426 1055 2509; x_wconf 88' lang='lat' dir='ltr'>qui</span> <span class='ocrx_word' id='word_1_121' title='bbox 1076 2444 1116 2489; x_wconf 96' lang='lat' dir='ltr'>a</span> <span class='ocrx_word' id='word_1_122' title='bbox 1132 2425 1367 2490; x_wconf 84' lang='lat' dir='ltr'>talibus</span> <span class='ocrx_word' id='word_1_123' title='bbox 1386 2430 1447 2490; x_wconf 88' lang='lat' dir='ltr'>te</span> <span class='ocrx_word' id='word_1_124' title='bbox 1461 2426 1762 2492; x_wconf 90' lang='lat' dir='ltr'>servavit.</span> <span class='ocrx_word' id='word_1_125' title='bbox 1786 2424 1944 2491; x_wconf 89' lang='lat' dir='ltr'>Aliis</span> <span class='ocrx_word' id='word_1_126' title='bbox 1964 2429 2180 2489; x_wconf 91' lang='lat' dir='ltr'>tamen</span> 
     </span>
     <span class='ocr_line' id='line_1_20' title="bbox 630 2532 2181 2616; baseline -0.001 -17"><span class='ocrx_word' id='word_1_127' title='bbox 630 2534 842 2599; x_wconf 92' lang='lat' dir='ltr'>adhuc</span> <span class='ocrx_word' id='word_1_128' title='bbox 867 2534 1347 2616; x_wconf 85' lang='lat' dir='ltr'>languentibus,</span> <span class='ocrx_word' id='word_1_129' title='bbox 1379 2553 1462 2599; x_wconf 92' lang='lat' dir='ltr'>ne</span> <span class='ocrx_word' id='word_1_130' title='bbox 1483 2532 1643 2599; x_wconf 92' lang='lat' dir='ltr'>velis</span> <span class='ocrx_word' id='word_1_131' title='bbox 1662 2533 1952 2598; x_wconf 88' lang='lat' dir='ltr'>subtrahi</span> <span class='ocrx_word' id='word_1_132' title='bbox 1984 2532 2181 2597; x_wconf 84' lang='lat' dir='ltr'>medi-</span> 
     </span>
     <span class='ocr_line' id='line_1_21' title="bbox 630 2639 2180 2725; baseline -0.003 -18"><span class='ocrx_word' id='word_1_133' title='bbox 630 2642 863 2707; x_wconf 89' lang='lat' dir='ltr'>cinam.</span> <span class='ocrx_word' id='word_1_134' title='bbox 898 2641 1125 2708; x_wconf 87' lang='lat' dir='ltr'>Omnia</span> <span class='ocrx_word' id='word_1_135' title='bbox 1153 2660 1333 2724; x_wconf 87' lang='lat' dir='ltr'>erg0,</span> <span class='ocrx_word' id='word_1_136' title='bbox 1375 2659 1523 2725; x_wconf 82' lang='lat' dir='ltr'>quae</span> <span class='ocrx_word' id='word_1_137' title='bbox 1552 2642 1623 2704; x_wconf 92' lang='lat' dir='ltr'>in</span> <span class='ocrx_word' id='word_1_138' title='bbox 1651 2640 1983 2707; x_wconf 90' lang='lat' dir='ltr'>volumine</span> <span class='ocrx_word' id='word_1_139' title='bbox 2010 2639 2180 2721; x_wconf 90' lang='lat' dir='ltr'>legis</span> 
     </span>
     <span class='ocr_line' id='line_1_22' title="bbox 629 2747 2179 2831; baseline 0.001 -19"><span class='ocrx_word' id='word_1_140' title='bbox 629 2748 910 2830; x_wconf 89' lang='lat' dir='ltr'>invenis,</span> <span class='ocrx_word' id='word_1_141' title='bbox 958 2749 1251 2829; x_wconf 89' lang='lat' dir='ltr'>comede,</span> <span class='ocrx_word' id='word_1_142' title='bbox 1298 2748 1653 2813; x_wconf 89' lang='lat' dir='ltr'>secundum</span> <span class='ocrx_word' id='word_1_143' title='bbox 1695 2748 1870 2831; x_wconf 91' lang='lat' dir='ltr'>quod</span> <span class='ocrx_word' id='word_1_144' title='bbox 1910 2747 1979 2810; x_wconf 92' lang='lat' dir='ltr'>in</span> <span class='ocrx_word' id='word_1_145' title='bbox 2015 2749 2179 2813; x_wconf 84' lang='lat' dir='ltr'>Eze-</span> 
     </span>
     <span class='ocr_line' id='line_1_23' title="bbox 629 2855 2174 2940; baseline -0.004 -16"><span class='ocrx_word' id='word_1_146' title='bbox 629 2858 823 2925; x_wconf 74' lang='lat' dir='ltr'>chiele</span> <span class='ocrx_word' id='word_1_147' title='bbox 840 2860 863 2895; x_wconf 83' lang='lat'>²</span> <span class='ocrx_word' id='word_1_148' title='bbox 889 2859 1197 2940; x_wconf 89' lang='lat' dir='ltr'>scriptum</span> <span class='ocrx_word' id='word_1_149' title='bbox 1221 2861 1339 2921; x_wconf 87' lang='lat' dir='ltr'>est.</span> <span class='ocrx_word' id='word_1_150' title='bbox 1372 2856 1476 2921; x_wconf 85' lang='lat' dir='ltr'>Nil</span> <span class='ocrx_word' id='word_1_151' title='bbox 1495 2857 1691 2921; x_wconf 90' lang='lat' dir='ltr'>ducas</span> <span class='ocrx_word' id='word_1_152' title='bbox 1717 2855 2174 2938; x_wconf 91' lang='lat' dir='ltr'>spernendum,</span> 
     </span>
     <span class='ocr_line' id='line_1_24' title="bbox 628 2961 2178 3046; baseline -0.003 -16"><span class='ocrx_word' id='word_1_153' title='bbox 628 2966 724 3030; x_wconf 91' lang='lat' dir='ltr'>nil</span> <span class='ocrx_word' id='word_1_154' title='bbox 750 2965 1027 3030; x_wconf 81' lang='lat' dir='ltr'>aestimes</span> <span class='ocrx_word' id='word_1_155' title='bbox 1054 2964 1521 3046; x_wconf 86' lang='lat' dir='ltr'>abjiciendum:</span> <span class='ocrx_word' id='word_1_156' title='bbox 1546 2982 1628 3027; x_wconf 88' lang='lat' dir='ltr'>ex</span> <span class='ocrx_word' id='word_1_157' title='bbox 1646 2963 1770 3027; x_wconf 91' lang='lat' dir='ltr'>hoc</span> <span class='ocrx_word' id='word_1_158' title='bbox 1787 2962 1981 3041; x_wconf 89' lang='lat' dir='ltr'>enim,</span> <span class='ocrx_word' id='word_1_159' title='bbox 2005 2961 2178 3045; x_wconf 90' lang='lat' dir='ltr'>quod</span> 
     </span>
     <span class='ocr_line' id='line_1_25' title="bbox 628 3070 2173 3155; baseline -0.003 -17"><span class='ocrx_word' id='word_1_160' title='bbox 628 3091 806 3138; x_wconf 90' lang='lat' dir='ltr'>sacra</span> <span class='ocrx_word' id='word_1_161' title='bbox 837 3071 1166 3155; x_wconf 87' lang='lat' dir='ltr'>Scriptura</span> <span class='ocrx_word' id='word_1_162' title='bbox 1191 3070 1556 3136; x_wconf 88' lang='lat' dir='ltr'>detestando</span> <span class='ocrx_word' id='word_1_163' title='bbox 1593 3073 1811 3135; x_wconf 87' lang='lat' dir='ltr'>narrat</span> <span class='ocrx_word' id='word_1_164' title='bbox 1846 3071 2173 3151; x_wconf 90' lang='lat' dir='ltr'>enormia,</span> 
     </span>
     <span class='ocr_line' id='line_1_26' title="bbox 628 3177 2177 3261; baseline -0.003 -15"><span class='ocrx_word' id='word_1_165' title='bbox 628 3198 761 3246; x_wconf 90' lang='lat' dir='ltr'>non</span> <span class='ocrx_word' id='word_1_166' title='bbox 815 3181 1026 3244; x_wconf 91' lang='lat' dir='ltr'>solum</span> <span class='ocrx_word' id='word_1_167' title='bbox 1079 3197 1210 3245; x_wconf 92' lang='lat' dir='ltr'>non</span> <span class='ocrx_word' id='word_1_168' title='bbox 1263 3179 1647 3261; x_wconf 86' lang='lat' dir='ltr'>vituperari,</span> <span class='ocrx_word' id='word_1_169' title='bbox 1704 3196 1937 3243; x_wconf 90' lang='lat' dir='ltr'>verum</span> <span class='ocrx_word' id='word_1_170' title='bbox 1984 3177 2177 3242; x_wconf 89' lang='lat' dir='ltr'>etiam</span> 
     </span>
     <span class='ocr_line' id='line_1_27' title="bbox 630 3287 2171 3368; baseline -0.003 -14"><span class='ocrx_word' id='word_1_171' title='bbox 630 3289 848 3354; x_wconf 86' lang='lat' dir='ltr'>extolli</span> <span class='ocrx_word' id='word_1_172' title='bbox 883 3294 1197 3368; x_wconf 89' lang='lat' dir='ltr'>meretur,</span> <span class='ocrx_word' id='word_1_173' title='bbox 1241 3287 1594 3352; x_wconf 86' lang='lat' dir='ltr'>secundum</span> <span class='ocrx_word' id='word_1_174' title='bbox 1634 3287 2072 3368; x_wconf 88' lang='lat' dir='ltr'>Augustinum</span> <span class='ocrx_word' id='word_1_175' title='bbox 2114 3288 2171 3366; x_wconf 80' lang='lat'>⁸,</span> 
     </span>
     <span class='ocr_line' id='line_1_28' title="bbox 629 3394 2179 3480; baseline -0.001 -19"><span class='ocrx_word' id='word_1_176' title='bbox 629 3397 745 3480; x_wconf 91' lang='lat' dir='ltr'>qui</span> <span class='ocrx_word' id='word_1_177' title='bbox 771 3397 850 3461; x_wconf 87' lang='lat' dir='ltr'>de</span> <span class='ocrx_word' id='word_1_178' title='bbox 876 3395 1155 3478; x_wconf 79' lang='lat' dir='ltr'>speculo,</span> <span class='ocrx_word' id='word_1_179' title='bbox 1188 3400 1252 3460; x_wconf 89' lang='lat' dir='ltr'>et</span> <span class='ocrx_word' id='word_1_180' title='bbox 1275 3396 1418 3461; x_wconf 90' lang='lat' dir='ltr'>luce</span> <span class='ocrx_word' id='word_1_181' title='bbox 1445 3394 1615 3459; x_wconf 92' lang='lat' dir='ltr'>idem</span> <span class='ocrx_word' id='word_1_182' title='bbox 1642 3395 1820 3479; x_wconf 93' lang='lat' dir='ltr'>ponit</span> <span class='ocrx_word' id='word_1_183' title='bbox 1848 3395 1928 3458; x_wconf 93' lang='lat' dir='ltr'>ad</span> <span class='ocrx_word' id='word_1_184' title='bbox 1954 3411 2179 3459; x_wconf 87' lang='lat' dir='ltr'>exem-</span> 
     </span>
     <span class='ocr_line' id='line_1_29' title="bbox 628 3500 2180 3599; baseline -0.004 -30"><span class='ocrx_word' id='word_1_185' title='bbox 628 3506 833 3588; x_wconf 91' lang='lat' dir='ltr'>plum,</span> <span class='ocrx_word' id='word_1_186' title='bbox 863 3505 953 3568; x_wconf 91' lang='lat' dir='ltr'>sic</span> <span class='ocrx_word' id='word_1_187' title='bbox 987 3504 1202 3569; x_wconf 90' lang='lat' dir='ltr'>dicens</span> <span class='ocrx_word' id='word_1_188' title='bbox 1237 3524 1253 3567; x_wconf 90' lang='lat'>:</span> <span class='ocrx_word' id='word_1_189' title='bbox 1294 3525 1327 3564; x_wconf 75' lang='grc' dir='ltr'><strong>α</strong></span> <span class='ocrx_word' id='word_1_190' title='bbox 1354 3502 1691 3568; x_wconf 89' lang='lat' dir='ltr'>Peccatum</span> <span class='ocrx_word' id='word_1_191' title='bbox 1725 3500 1865 3581; x_wconf 88' lang='lat' dir='ltr'>Lot,</span> <span class='ocrx_word' id='word_1_192' title='bbox 1893 3500 1999 3564; x_wconf 90' lang='lat' dir='ltr'>cui</span> <span class='ocrx_word' id='word_1_193' title='bbox 2028 3518 2180 3599; x_wconf 63' lang='lat' dir='ltr'>per:</span> 
     </span>
     <span class='ocr_line' id='line_1_30' title="bbox 628 3608 2176 3693; baseline -0.004 -16"><span class='ocrx_word' id='word_1_194' title='bbox 628 3613 904 3677; x_wconf 88' lang='lat' dir='ltr'>bibitum</span> <span class='ocrx_word' id='word_1_195' title='bbox 959 3616 1082 3692; x_wconf 88' lang='lat' dir='ltr'>est,</span> <span class='ocrx_word' id='word_1_196' title='bbox 1143 3615 1489 3693; x_wconf 85' lang='lat' dir='ltr'>antequam</span> <span class='ocrx_word' id='word_1_197' title='bbox 1543 3612 1861 3692; x_wconf 88' lang='lat' dir='ltr'>peccaret,</span> <span class='ocrx_word' id='word_1_198' title='bbox 1904 3608 2176 3692; x_wconf 66' lang='lat' dir='ltr'>justitiae</span> 
     </span>
     <span class='ocr_line' id='line_1_31' title="bbox 627 3714 2176 3798; baseline -0.005 -14"><span class='ocrx_word' id='word_1_199' title='bbox 627 3720 1089 3798; x_wconf 88' lang='lat' dir='ltr'>testimonium,</span> <span class='ocrx_word' id='word_1_200' title='bbox 1119 3736 1250 3782; x_wconf 92' lang='lat' dir='ltr'>non</span> <span class='ocrx_word' id='word_1_201' title='bbox 1279 3717 1469 3782; x_wconf 90' lang='lat' dir='ltr'>modo</span> <span class='ocrx_word' id='word_1_202' title='bbox 1500 3734 1630 3780; x_wconf 92' lang='lat' dir='ltr'>non</span> <span class='ocrx_word' id='word_1_203' title='bbox 1654 3715 1969 3780; x_wconf 89' lang='lat' dir='ltr'>decolorat</span> <span class='ocrx_word' id='word_1_204' title='bbox 2001 3714 2176 3780; x_wconf 88' lang='lat' dir='ltr'>divi-</span> 
     </span>
     <span class='ocr_line' id='line_1_32' title="bbox 628 3815 2172 3906; baseline -0.003 -16"><span class='ocrx_word' id='word_1_205' title='bbox 628 3827 893 3890; x_wconf 86' lang='lat' dir='ltr'>nitatem</span> <span class='ocrx_word' id='word_1_206' title='bbox 910 3815 1050 3906; x_wconf 64' lang='grc' dir='ltr'>ΠΗ,</span> <span class='ocrx_word' id='word_1_207' title='bbox 1083 3827 1188 3891; x_wconf 90' lang='lat' dir='ltr'>vel</span> <span class='ocrx_word' id='word_1_208' title='bbox 1217 3824 1564 3906; x_wconf 83' lang='lat' dir='ltr'>Scripturae</span> <span class='ocrx_word' id='word_1_209' title='bbox 1603 3823 1773 3887; x_wconf 87' lang='lat' dir='ltr'>illius</span> <span class='ocrx_word' id='word_1_210' title='bbox 1800 3823 2172 3901; x_wconf 74' lang='lat' dir='ltr'>veritatem,</span> 
     </span>
     <span class='ocr_line' id='line_1_33' title="bbox 629 3931 2177 4013; baseline -0.003 -14"><span class='ocrx_word' id='word_1_211' title='bbox 629 3950 862 3999; x_wconf 89' lang='lat' dir='ltr'>verum</span> <span class='ocrx_word' id='word_1_212' title='bbox 928 3935 1120 3998; x_wconf 86' lang='lat' dir='ltr'>etiam</span> <span class='ocrx_word' id='word_1_213' title='bbox 1182 3931 1576 3997; x_wconf 86' lang='lat' dir='ltr'>laudandum</span> <span class='ocrx_word' id='word_1_214' title='bbox 1643 3931 2177 4013; x_wconf 87' lang='lat' dir='ltr'>diligendumque</span> 
     </span>
     <span class='ocr_line' id='line_1_34' title="bbox 628 4039 2177 4124; baseline -0.001 -18"><span class='ocrx_word' id='word_1_215' title='bbox 628 4042 1062 4121; x_wconf 88' lang='lat' dir='ltr'>commendat,</span> <span class='ocrx_word' id='word_1_216' title='bbox 1116 4042 1290 4124; x_wconf 89' lang='lat' dir='ltr'>quod</span> <span class='ocrx_word' id='word_1_217' title='bbox 1334 4045 1639 4124; x_wconf 87' lang='lat' dir='ltr'>tanquam</span> <span class='ocrx_word' id='word_1_218' title='bbox 1689 4040 1930 4123; x_wconf 89' lang='lat' dir='ltr'>speculi</span> <span class='ocrx_word' id='word_1_219' title='bbox 1973 4039 2177 4104; x_wconf 82' lang='lat' dir='ltr'>fidelis</span> 
     </span>
     <span class='ocr_line' id='line_1_35' title="bbox 629 4148 2177 4231; baseline -0.001 -17"><span class='ocrx_word' id='word_1_220' title='bbox 629 4150 800 4214; x_wconf 92' lang='lat' dir='ltr'>nitor</span> <span class='ocrx_word' id='word_1_221' title='bbox 841 4148 1247 4214; x_wconf 86' lang='lat' dir='ltr'>admotarum</span> <span class='ocrx_word' id='word_1_222' title='bbox 1275 4148 1396 4212; x_wconf 86' lang='lat' dir='ltr'>sibi</span> <span class='ocrx_word' id='word_1_223' title='bbox 1431 4166 1873 4231; x_wconf 91' lang='lat' dir='ltr'>personarum,</span> <span class='ocrx_word' id='word_1_224' title='bbox 1905 4166 2037 4212; x_wconf 94' lang='lat' dir='ltr'>non</span> <span class='ocrx_word' id='word_1_225' title='bbox 2065 4167 2177 4213; x_wconf 86' lang='lat' dir='ltr'>so-</span> 
     </span>
     <span class='ocr_line' id='line_1_36' title="bbox 629 4255 2176 4340; baseline -0.001 -19"><span class='ocrx_word' id='word_1_226' title='bbox 629 4256 771 4321; x_wconf 92' lang='lat' dir='ltr'>lum</span> <span class='ocrx_word' id='word_1_227' title='bbox 799 4273 948 4340; x_wconf 85' lang='lat' dir='ltr'>quae</span> <span class='ocrx_word' id='word_1_228' title='bbox 975 4255 1245 4339; x_wconf 89' lang='lat' dir='ltr'>pulchra</span> <span class='ocrx_word' id='word_1_229' title='bbox 1274 4259 1467 4338; x_wconf 89' lang='lat' dir='ltr'>atque</span> <span class='ocrx_word' id='word_1_230' title='bbox 1507 4255 1794 4336; x_wconf 87' lang='lat' dir='ltr'>integra,</span> <span class='ocrx_word' id='word_1_231' title='bbox 1832 4256 1941 4319; x_wconf 88' lang='lat' dir='ltr'>sed</span> <span class='ocrx_word' id='word_1_232' title='bbox 1980 4257 2176 4321; x_wconf 90' lang='lat' dir='ltr'>etiam</span> 
     </span>
     <span class='ocr_line' id='line_1_37' title="bbox 628 4363 2166 4449; baseline -0.003 -19"><span class='ocrx_word' id='word_1_233' title='bbox 628 4382 779 4449; x_wconf 81' lang='lat' dir='ltr'>quae</span> <span class='ocrx_word' id='word_1_234' title='bbox 804 4364 1113 4431; x_wconf 82' lang='lat' dir='ltr'>deformia</span> <span class='ocrx_word' id='word_1_235' title='bbox 1154 4364 1282 4427; x_wconf 89' lang='lat' dir='ltr'>sint</span> <span class='ocrx_word' id='word_1_236' title='bbox 1318 4369 1509 4447; x_wconf 87' lang='lat' dir='ltr'>atque</span> <span class='ocrx_word' id='word_1_237' title='bbox 1545 4363 1796 4442; x_wconf 88' lang='lat' dir='ltr'>vitiosa,</span> <span class='ocrx_word' id='word_1_238' title='bbox 1837 4364 2094 4429; x_wconf 91' lang='lat' dir='ltr'>indicat.</span> <span class='ocrx_word' id='word_1_239' title='bbox 2133 4387 2166 4425; x_wconf 82' lang='lat'>»</span> 
     </span>
     <span class='ocr_line' id='line_1_38' title="bbox 628 4471 2178 4557; baseline -0.001 -17"><span class='ocrx_word' id='word_1_240' title='bbox 628 4476 709 4540; x_wconf 84' lang='lat' dir='ltr'>Et</span> <span class='ocrx_word' id='word_1_241' title='bbox 734 4492 890 4538; x_wconf 89' lang='lat' dir='ltr'>mox</span> <span class='ocrx_word' id='word_1_242' title='bbox 937 4495 953 4539; x_wconf 77' lang='lat' dir='ltr'><strong><em>z</em></strong></span> <span class='ocrx_word' id='word_1_243' title='bbox 985 4478 1039 4552; x_wconf 74' lang='lat'>1«</span> <span class='ocrx_word' id='word_1_244' title='bbox 1084 4471 1413 4556; x_wconf 90' lang='lat' dir='ltr'>Numquid</span> <span class='ocrx_word' id='word_1_245' title='bbox 1465 4475 1845 4557; x_wconf 85' lang='lat' dir='ltr'>cujusquam</span> <span class='ocrx_word' id='word_1_246' title='bbox 1886 4475 2178 4540; x_wconf 89' lang='lat' dir='ltr'>membra</span> 
     </span>
     <span class='ocr_line' id='line_1_39' title="bbox 628 4581 2176 4665; baseline -0.001 -16"><span class='ocrx_word' id='word_1_247' title='bbox 628 4583 891 4649; x_wconf 89' lang='lat' dir='ltr'>distorta</span> <span class='ocrx_word' id='word_1_248' title='bbox 935 4582 1285 4663; x_wconf 86' lang='lat' dir='ltr'>depravant</span> <span class='ocrx_word' id='word_1_249' title='bbox 1329 4581 1541 4646; x_wconf 91' lang='lat' dir='ltr'>lucem</span> <span class='ocrx_word' id='word_1_250' title='bbox 1562 4630 1579 4661; x_wconf 90' lang='lat'>,</span> <span class='ocrx_word' id='word_1_251' title='bbox 1610 4601 1759 4665; x_wconf 72' lang='lat' dir='ltr'>quae</span> <span class='ocrx_word' id='word_1_252' title='bbox 1797 4587 2024 4647; x_wconf 88' lang='lat' dir='ltr'>cuncta</span> <span class='ocrx_word' id='word_1_253' title='bbox 2063 4583 2176 4649; x_wconf 87' lang='lat' dir='ltr'>de-</span> 
     </span>
     <span class='ocr_line' id='line_1_40' title="bbox 633 4688 2175 4773; baseline 0 -17"><span class='ocrx_word' id='word_1_254' title='bbox 633 4690 992 4756; x_wconf 78' lang='lat' dir='ltr'>monstrat?</span> <span class='ocrx_word' id='word_1_255' title='bbox 1007 4688 1114 4754; x_wconf 88' lang='lat' dir='ltr'>Sic</span> <span class='ocrx_word' id='word_1_256' title='bbox 1139 4707 1259 4754; x_wconf 89' lang='lat' dir='ltr'>nec</span> <span class='ocrx_word' id='word_1_257' title='bbox 1283 4691 1640 4773; x_wconf 87' lang='lat' dir='ltr'>cujuspiam</span> <span class='ocrx_word' id='word_1_258' title='bbox 1672 4690 2003 4755; x_wconf 80' lang='lat' dir='ltr'>malefacta</span> <span class='ocrx_word' id='word_1_259' title='bbox 2028 4709 2175 4756; x_wconf 89' lang='lat' dir='ltr'>ma-</span> 
     </span>
    </p>
   </div>
   <div class='ocr_carea' id='block_1_3' title="bbox 627 4797 2194 4882">
    <p class='ocr_par' dir='ltr' id='par_1_3' title="bbox 627 4797 2194 4882">
     <span class='ocr_line' id='line_1_41' title="bbox 627 4797 2194 4882; baseline -0.003 -20"><span class='ocrx_word' id='word_1_260' title='bbox 627 4798 758 4864; x_wconf 88' lang='lat' dir='ltr'>lam</span> <span class='ocrx_word' id='word_1_261' title='bbox 784 4797 1179 4881; x_wconf 90' lang='lat' dir='ltr'>Scripturam</span> <span class='ocrx_word' id='word_1_262' title='bbox 1219 4798 1459 4863; x_wconf 84' lang='lat' dir='ltr'>faciunt</span> <span class='ocrx_word' id='word_1_263' title='bbox 1480 4847 1499 4877; x_wconf 92' lang='lat'>,</span> <span class='ocrx_word' id='word_1_264' title='bbox 1533 4817 1659 4881; x_wconf 86' lang='lat' dir='ltr'>qua</span> <span class='ocrx_word' id='word_1_265' title='bbox 1703 4798 2046 4882; x_wconf 89' lang='lat' dir='ltr'>prodente,</span> <span class='ocrx_word' id='word_1_266' title='bbox 2078 4799 2194 4865; x_wconf 92' lang='lat' dir='ltr'>le-.</span> 
     </span>
    </p>
   </div>
   <div class='ocr_carea' id='block_1_4' title="bbox 628 4904 2176 5314">
    <p class='ocr_par' dir='ltr' id='par_1_4' title="bbox 628 4904 2176 5314">
     <span class='ocr_line' id='line_1_42' title="bbox 630 4904 2176 4989; baseline 0.001 -18"><span class='ocrx_word' id='word_1_267' title='bbox 630 4904 930 4989; x_wconf 79' lang='lat' dir='ltr'>gentibus</span> <span class='ocrx_word' id='word_1_268' title='bbox 948 4905 1376 4970; x_wconf 90' lang='lat' dir='ltr'>innotescunt.</span> <span class='ocrx_word' id='word_1_269' title='bbox 1396 4904 1855 4972; x_wconf 82' lang='lat' dir='ltr'>Verumtamen</span> <span class='ocrx_word' id='word_1_270' title='bbox 1868 4924 2000 4971; x_wconf 90' lang='lat' dir='ltr'>uon</span> <span class='ocrx_word' id='word_1_271' title='bbox 2015 4924 2176 4972; x_wconf 88' lang='lat' dir='ltr'>sem-</span> 
     </span>
     <span class='ocr_line' id='line_1_43' title="bbox 629 5012 2175 5097; baseline 0.001 -19"><span class='ocrx_word' id='word_1_272' title='bbox 629 5031 773 5097; x_wconf 89' lang='lat' dir='ltr'>per,</span> <span class='ocrx_word' id='word_1_273' title='bbox 805 5029 956 5078; x_wconf 92' lang='lat' dir='ltr'>cum</span> <span class='ocrx_word' id='word_1_274' title='bbox 989 5012 1279 5095; x_wconf 90' lang='lat' dir='ltr'>turpium</span> <span class='ocrx_word' id='word_1_275' title='bbox 1315 5013 1464 5077; x_wconf 89' lang='lat' dir='ltr'>facit</span> <span class='ocrx_word' id='word_1_276' title='bbox 1505 5014 1928 5094; x_wconf 87' lang='lat' dir='ltr'>mentionem,</span> <span class='ocrx_word' id='word_1_277' title='bbox 1959 5016 2175 5080; x_wconf 88' lang='lat' dir='ltr'>verbis</span> 
     </span>
     <span class='ocr_line' id='line_1_44' title="bbox 628 5119 2174 5206; baseline 0 -19"><span class='ocrx_word' id='word_1_278' title='bbox 628 5119 835 5187; x_wconf 90' lang='lat' dir='ltr'>utitur</span> <span class='ocrx_word' id='word_1_279' title='bbox 876 5119 1206 5185; x_wconf 80' lang='lat' dir='ltr'>manifeste</span> <span class='ocrx_word' id='word_1_280' title='bbox 1244 5119 1581 5203; x_wconf 81' lang='lat' dir='ltr'>turpibus3</span> <span class='ocrx_word' id='word_1_281' title='bbox 1613 5121 1721 5186; x_wconf 92' lang='lat' dir='ltr'>sed</span> <span class='ocrx_word' id='word_1_282' title='bbox 1761 5123 1951 5204; x_wconf 84' lang='lat' dir='ltr'>juxta</span> <span class='ocrx_word' id='word_1_283' title='bbox 1997 5122 2174 5206; x_wconf 91' lang='lat' dir='ltr'>peri-</span> 
     </span>
     <span class='ocr_line' id='line_1_45' title="bbox 628 5227 2175 5314; baseline -0.001 -18"><span class='ocrx_word' id='word_1_284' title='bbox 628 5227 916 5314; x_wconf 79' lang='lat' dir='ltr'>phrasim</span> <span class='ocrx_word' id='word_1_285' title='bbox 934 5227 1113 5311; x_wconf 91' lang='lat' dir='ltr'>loqui</span> <span class='ocrx_word' id='word_1_286' title='bbox 1130 5229 1485 5308; x_wconf 86' lang='lat' dir='ltr'>consuevit,</span> <span class='ocrx_word' id='word_1_287' title='bbox 1506 5247 1653 5313; x_wconf 80' lang='lat' dir='ltr'>quae</span> <span class='ocrx_word' id='word_1_288' title='bbox 1671 5231 1888 5312; x_wconf 82' lang='lat' dir='ltr'>figura</span> <span class='ocrx_word' id='word_1_289' title='bbox 1907 5229 2175 5295; x_wconf 89' lang='lat' dir='ltr'>circuitu</span> 
     </span>
    </p>
   </div>
   <div class='ocr_carea' id='block_1_5' title="bbox 630 5390 2177 5532">
    <p class='ocr_par' dir='ltr' id='par_1_5' title="bbox 630 5390 2177 5532">
     <span class='ocr_line' id='line_1_46' title="bbox 691 5390 2174 5459; baseline 0.001 -18"><span class='ocrx_word' id='word_1_290' title='bbox 691 5392 711 5427; x_wconf 81' lang='lat'><strong>¹</strong></span> <span class='ocrx_word' id='word_1_291' title='bbox 738 5390 882 5457; x_wconf 68' lang='lat' dir='ltr'>Sap„</span> <span class='ocrx_word' id='word_1_292' title='bbox 909 5401 1001 5452; x_wconf 83' lang='lat' dir='ltr'>vu,</span> <span class='ocrx_word' id='word_1_293' title='bbox 1031 5392 1109 5441; x_wconf 77' lang='lat'>24.</span> <span class='ocrx_word' id='word_1_294' title='bbox 1135 5414 1197 5429; x_wconf 89' lang='lat'><em>-</em></span> <span class='ocrx_word' id='word_1_295' title='bbox 1220 5391 1243 5426; x_wconf 80' lang='lat'>²</span> <span class='ocrx_word' id='word_1_296' title='bbox 1267 5390 1470 5454; x_wconf 65' lang='lat' dir='ltr'>Ezech„</span> <span class='ocrx_word' id='word_1_297' title='bbox 1499 5402 1579 5457; x_wconf 88' lang='lat'>111,</span> <span class='ocrx_word' id='word_1_298' title='bbox 1613 5395 1717 5446; x_wconf 79' lang='lat'><strong>1-3.</strong></span> <span class='ocrx_word' id='word_1_299' title='bbox 1738 5418 1803 5432; x_wconf 89' lang='lat'>—</span> <span class='ocrx_word' id='word_1_300' title='bbox 1822 5394 1846 5431; x_wconf 86' lang='lat'>⁸</span> <span class='ocrx_word' id='word_1_301' title='bbox 1864 5394 2017 5459; x_wconf 77' lang='lat' dir='ltr'>Aug„</span> <span class='ocrx_word' id='word_1_302' title='bbox 2039 5395 2174 5443; x_wconf 78' lang='lat' dir='ltr'>cont.</span> 
     </span>
     <span class='ocr_line' id='line_1_47' title="bbox 630 5460 2177 5532; baseline -0.003 -13"><span class='ocrx_word' id='word_1_303' title='bbox 630 5463 826 5526; x_wconf 53' lang='lat' dir='ltr'>Fama,</span> <span class='ocrx_word' id='word_1_304' title='bbox 861 5460 949 5516; x_wconf 84' lang='lat' dir='ltr'>lib.</span> <span class='ocrx_word' id='word_1_305' title='bbox 989 5463 1066 5527; x_wconf 88' lang='lat'>11,</span> <span class='ocrx_word' id='word_1_306' title='bbox 1103 5476 1151 5520; x_wconf 80' lang='lat' dir='ltr'>c.</span> <span class='ocrx_word' id='word_1_307' title='bbox 1191 5474 1287 5530; x_wconf 70' lang='lat' dir='ltr'>nx,</span> <span class='ocrx_word' id='word_1_308' title='bbox 1333 5474 1445 5522; x_wconf 78' lang='lat' dir='ltr'>mn.</span> <span class='ocrx_word' id='word_1_309' title='bbox 1482 5489 1546 5504; x_wconf 95' lang='lat'>—-</span> <span class='ocrx_word' id='word_1_310' title='bbox 1581 5465 1605 5504; x_wconf 66' lang='grc' dir='ltr'>δ</span> <span class='ocrx_word' id='word_1_311' title='bbox 1640 5464 1782 5532; x_wconf 65' lang='lat' dir='ltr'>isid„</span> <span class='ocrx_word' id='word_1_312' title='bbox 1823 5465 1885 5518; x_wconf 80' lang='lat' dir='ltr'>de</span> <span class='ocrx_word' id='word_1_313' title='bbox 1928 5464 2177 5531; x_wconf 69' lang='lat' dir='ltr'>Etymot„</span> 
     </span>
    </p>
   </div>
   <div class='ocr_carea' id='block_1_6' title="bbox 2281 578 3844 5204">
    <p class='ocr_par' dir='ltr' id='par_1_6' title="bbox 2289 578 3844 1959">
     <span class='ocr_line' id='line_1_48' title="bbox 2293 578 3841 649; baseline 0.003 -4"><span class='ocrx_word' id='word_1_314' title='bbox 2293 583 2357 646; x_wconf 91' lang='lat' dir='ltr'>et</span> <span class='ocrx_word' id='word_1_315' title='bbox 2391 578 2949 644; x_wconf 88' lang='lat' dir='ltr'>circumlocutione</span> <span class='ocrx_word' id='word_1_316' title='bbox 2972 579 3322 645; x_wconf 87' lang='lat' dir='ltr'>verborum</span> <span class='ocrx_word' id='word_1_317' title='bbox 3343 580 3692 647; x_wconf 78' lang='lat' dir='ltr'>foeditatem</span> <span class='ocrx_word' id='word_1_318' title='bbox 3711 583 3841 649; x_wconf 87' lang='lat' dir='ltr'>evi-</span> 
     </span>
     <span class='ocr_line' id='line_1_49' title="bbox 2290 685 3834 769; baseline 0.002 -16"><span class='ocrx_word' id='word_1_319' title='bbox 2290 691 2402 769; x_wconf 86' lang='lat' dir='ltr'>tat,</span> <span class='ocrx_word' id='word_1_320' title='bbox 2436 687 2794 753; x_wconf 90' lang='lat' dir='ltr'>secundum</span> <span class='ocrx_word' id='word_1_321' title='bbox 2827 686 3140 753; x_wconf 90' lang='lat' dir='ltr'>Isidorum</span> <span class='ocrx_word' id='word_1_322' title='bbox 3168 686 3213 751; x_wconf 75' lang='lat'>⁸.</span> <span class='ocrx_word' id='word_1_323' title='bbox 3247 708 3279 747; x_wconf 71' lang='lat' dir='ltr'><strong>n</strong></span> <span class='ocrx_word' id='word_1_324' title='bbox 3316 685 3494 754; x_wconf 89' lang='lat' dir='ltr'>Unde</span> <span class='ocrx_word' id='word_1_325' title='bbox 3530 692 3593 753; x_wconf 90' lang='lat' dir='ltr'>et</span> <span class='ocrx_word' id='word_1_326' title='bbox 3627 689 3834 757; x_wconf 89' lang='lat' dir='ltr'>Raba-</span> 
     </span>
     <span class='ocr_line' id='line_1_50' title="bbox 2291 794 3840 878; baseline 0.002 -16"><span class='ocrx_word' id='word_1_327' title='bbox 2291 816 2416 862; x_wconf 92' lang='lat' dir='ltr'>nus</span> <span class='ocrx_word' id='word_1_328' title='bbox 2451 798 2540 861; x_wconf 87' lang='lat' dir='ltr'>sic</span> <span class='ocrx_word' id='word_1_329' title='bbox 2580 796 2670 859; x_wconf 87' lang='lat' dir='ltr'>ait</span> <span class='ocrx_word' id='word_1_330' title='bbox 2699 817 2714 859; x_wconf 72' lang='grc' dir='ltr'><strong><em>ε</em></strong></span> <span class='ocrx_word' id='word_1_331' title='bbox 2773 818 2803 855; x_wconf 76' lang='grc' dir='ltr'>α</span> <span class='ocrx_word' id='word_1_332' title='bbox 2828 794 3106 878; x_wconf 90' lang='lat' dir='ltr'>Loquela</span> <span class='ocrx_word' id='word_1_333' title='bbox 3146 796 3405 861; x_wconf 74' lang='lat' dir='ltr'>hebraea</span> <span class='ocrx_word' id='word_1_334' title='bbox 3446 801 3670 862; x_wconf 85' lang='lat' dir='ltr'>vocata</span> <span class='ocrx_word' id='word_1_335' title='bbox 3718 800 3840 865; x_wconf 84' lang='lat' dir='ltr'>t&#39;uit</span> 
     </span>
     <span class='ocr_line' id='line_1_51' title="bbox 2289 904 3840 991; baseline 0.001 -20"><span class='ocrx_word' id='word_1_336' title='bbox 2289 906 2544 989; x_wconf 90' lang='lat' dir='ltr'>loquela</span> <span class='ocrx_word' id='word_1_337' title='bbox 2580 904 2962 983; x_wconf 82' lang='lat' dir='ltr'>sanctitatis3</span> <span class='ocrx_word' id='word_1_338' title='bbox 3014 904 3173 969; x_wconf 94' lang='lat' dir='ltr'>illud</span> <span class='ocrx_word' id='word_1_339' title='bbox 3214 908 3430 970; x_wconf 91' lang='lat' dir='ltr'>autem</span> <span class='ocrx_word' id='word_1_340' title='bbox 3475 924 3608 971; x_wconf 93' lang='lat' dir='ltr'>non</span> <span class='ocrx_word' id='word_1_341' title='bbox 3655 912 3840 991; x_wconf 91' lang='lat' dir='ltr'>putes</span> 
     </span>
     <span class='ocr_line' id='line_1_52' title="bbox 2291 1011 3841 1097; baseline 0.003 -20"><span class='ocrx_word' id='word_1_342' title='bbox 2291 1013 2462 1097; x_wconf 89' lang='lat' dir='ltr'>quod</span> <span class='ocrx_word' id='word_1_343' title='bbox 2488 1011 2679 1076; x_wconf 83' lang='lat' dir='ltr'>fuerit</span> <span class='ocrx_word' id='word_1_344' title='bbox 2705 1014 2965 1095; x_wconf 89' lang='lat' dir='ltr'>propter</span> <span class='ocrx_word' id='word_1_345' title='bbox 2993 1012 3362 1077; x_wconf 89' lang='lat' dir='ltr'>electionem</span> <span class='ocrx_word' id='word_1_346' title='bbox 3389 1017 3700 1096; x_wconf 87' lang='lat' dir='ltr'>nostram,</span> <span class='ocrx_word' id='word_1_347' title='bbox 3730 1017 3841 1081; x_wconf 89' lang='lat' dir='ltr'>sed</span> 
     </span>
     <span class='ocr_line' id='line_1_53' title="bbox 2290 1119 3836 1207; baseline 0.003 -22"><span class='ocrx_word' id='word_1_348' title='bbox 2290 1128 2459 1186; x_wconf 90' lang='lat' dir='ltr'>recte</span> <span class='ocrx_word' id='word_1_349' title='bbox 2486 1122 2786 1184; x_wconf 90' lang='lat' dir='ltr'>vocatum</span> <span class='ocrx_word' id='word_1_350' title='bbox 2810 1119 2933 1183; x_wconf 86' lang='lat' dir='ltr'>fuit</span> <span class='ocrx_word' id='word_1_351' title='bbox 2959 1119 3082 1183; x_wconf 91' lang='lat' dir='ltr'>hoc</span> <span class='ocrx_word' id='word_1_352' title='bbox 3114 1119 3551 1202; x_wconf 89' lang='lat' dir='ltr'>linguagium.</span> <span class='ocrx_word' id='word_1_353' title='bbox 3580 1122 3654 1187; x_wconf 92' lang='lat' dir='ltr'>ln</span> <span class='ocrx_word' id='word_1_354' title='bbox 3695 1125 3836 1207; x_wconf 92' lang='lat' dir='ltr'>ipso</span> 
     </span>
     <span class='ocr_line' id='line_1_54' title="bbox 2291 1227 3840 1315; baseline 0.003 -23"><span class='ocrx_word' id='word_1_355' title='bbox 2291 1246 2570 1311; x_wconf 90' lang='lat' dir='ltr'>namque</span> <span class='ocrx_word' id='word_1_356' title='bbox 2584 1245 2712 1291; x_wconf 92' lang='lat' dir='ltr'>non</span> <span class='ocrx_word' id='word_1_357' title='bbox 2733 1227 3022 1292; x_wconf 88' lang='lat' dir='ltr'>invenies</span> <span class='ocrx_word' id='word_1_358' title='bbox 3037 1245 3270 1292; x_wconf 91' lang='lat' dir='ltr'>nomen</span> <span class='ocrx_word' id='word_1_359' title='bbox 3281 1248 3491 1293; x_wconf 91' lang='lat' dir='ltr'>unum</span> <span class='ocrx_word' id='word_1_360' title='bbox 3506 1232 3840 1315; x_wconf 90' lang='lat' dir='ltr'>proprium</span> 
     </span>
     <span class='ocr_line' id='line_1_55' title="bbox 2289 1337 3840 1423; baseline 0.003 -20"><span class='ocrx_word' id='word_1_361' title='bbox 2289 1338 2744 1416; x_wconf 89' lang='lat' dir='ltr'>fornicationis,</span> <span class='ocrx_word' id='word_1_362' title='bbox 2766 1354 2886 1400; x_wconf 93' lang='lat' dir='ltr'>nec</span> <span class='ocrx_word' id='word_1_363' title='bbox 2903 1337 3192 1402; x_wconf 88' lang='lat' dir='ltr'>invenies</span> <span class='ocrx_word' id='word_1_364' title='bbox 3209 1355 3448 1403; x_wconf 91' lang='lat' dir='ltr'>nomen</span> <span class='ocrx_word' id='word_1_365' title='bbox 3465 1338 3840 1423; x_wconf 90' lang='lat' dir='ltr'>impositum</span> 
     </span>
     <span class='ocr_line' id='line_1_56' title="bbox 2290 1444 3834 1527; baseline 0.001 -16"><span class='ocrx_word' id='word_1_366' title='bbox 2290 1447 2480 1511; x_wconf 90' lang='lat' dir='ltr'>alicui</span> <span class='ocrx_word' id='word_1_367' title='bbox 2520 1446 2813 1510; x_wconf 91' lang='lat' dir='ltr'>membro</span> <span class='ocrx_word' id='word_1_368' title='bbox 2833 1492 2853 1524; x_wconf 94' lang='lat'>,</span> <span class='ocrx_word' id='word_1_369' title='bbox 2897 1444 3071 1527; x_wconf 90' lang='lat' dir='ltr'>quod</span> <span class='ocrx_word' id='word_1_370' title='bbox 3097 1448 3287 1526; x_wconf 90' lang='lat' dir='ltr'>turpe</span> <span class='ocrx_word' id='word_1_371' title='bbox 3323 1449 3419 1509; x_wconf 89' lang='lat' dir='ltr'>est</span> <span class='ocrx_word' id='word_1_372' title='bbox 3447 1448 3784 1513; x_wconf 87' lang='lat' dir='ltr'>nominare</span> <span class='ocrx_word' id='word_1_373' title='bbox 3818 1471 3834 1513; x_wconf 79' lang='lat' dir='ltr'>t</span> 
     </span>
     <span class='ocr_line' id='line_1_57' title="bbox 2290 1552 3844 1639; baseline 0.003 -22"><span class='ocrx_word' id='word_1_374' title='bbox 2290 1556 2401 1619; x_wconf 90' lang='lat' dir='ltr'>sed</span> <span class='ocrx_word' id='word_1_375' title='bbox 2427 1554 2718 1637; x_wconf 88' lang='lat' dir='ltr'>loquitur</span> <span class='ocrx_word' id='word_1_376' title='bbox 2745 1553 2822 1617; x_wconf 87' lang='lat' dir='ltr'>de</span> <span class='ocrx_word' id='word_1_377' title='bbox 2848 1552 2939 1618; x_wconf 90' lang='lat' dir='ltr'>eis</span> <span class='ocrx_word' id='word_1_378' title='bbox 2957 1570 3072 1634; x_wconf 87' lang='lat' dir='ltr'>per</span> <span class='ocrx_word' id='word_1_379' title='bbox 3098 1552 3298 1616; x_wconf 87' lang='lat' dir='ltr'>verba</span> <span class='ocrx_word' id='word_1_380' title='bbox 3322 1555 3752 1639; x_wconf 89' lang='lat' dir='ltr'>transumpta,</span> <span class='ocrx_word' id='word_1_381' title='bbox 3777 1559 3844 1621; x_wconf 91' lang='lat' dir='ltr'>et</span> 
     </span>
     <span class='ocr_line' id='line_1_58' title="bbox 2290 1658 3842 1741; baseline 0.003 -16"><span class='ocrx_word' id='word_1_382' title='bbox 2290 1660 2788 1725; x_wconf 86' lang='lat' dir='ltr'>accommodata.</span> <span class='ocrx_word' id='word_1_383' title='bbox 2840 1680 2871 1718; x_wconf 76' lang='lat' dir='ltr'>n</span> <span class='ocrx_word' id='word_1_384' title='bbox 2930 1658 3156 1723; x_wconf 89' lang='lat' dir='ltr'>Merito</span> <span class='ocrx_word' id='word_1_385' title='bbox 3204 1677 3362 1741; x_wconf 88' lang='lat' dir='ltr'>ergo</span> <span class='ocrx_word' id='word_1_386' title='bbox 3415 1666 3684 1726; x_wconf 85' lang='lat' dir='ltr'>vocatur</span> <span class='ocrx_word' id='word_1_387' title='bbox 3733 1663 3842 1730; x_wconf 71' lang='lat' dir='ltr'>lect·</span> 
     </span>
     <span class='ocr_line' id='line_1_59' title="bbox 2290 1765 3843 1850; baseline 0.001 -17"><span class='ocrx_word' id='word_1_388' title='bbox 2290 1767 2660 1850; x_wconf 68' lang='lat' dir='ltr'>disciplina·</span> <span class='ocrx_word' id='word_1_389' title='bbox 2676 1767 2741 1830; x_wconf 91' lang='lat' dir='ltr'>in</span> <span class='ocrx_word' id='word_1_390' title='bbox 2759 1765 3303 1847; x_wconf 77' lang='lat' dir='ltr'>Ecclesiasticos⁸;</span> <span class='ocrx_word' id='word_1_391' title='bbox 3325 1785 3400 1831; x_wconf 89' lang='lat' dir='ltr'>ac</span> <span class='ocrx_word' id='word_1_392' title='bbox 3421 1770 3843 1836; x_wconf 79' lang='lat' dir='ltr'>sanctissima</span> 
     </span>
     <span class='ocr_line' id='line_1_60' title="bbox 2291 1875 3348 1959; baseline -0.003 -19"><span class='ocrx_word' id='word_1_393' title='bbox 2291 1883 2356 1940; x_wconf 83' lang='lat' dir='ltr'>et</span> <span class='ocrx_word' id='word_1_394' title='bbox 2377 1876 2769 1959; x_wconf 65' lang='lat' dir='ltr'>pravissima</span> <span class='ocrx_word' id='word_1_395' title='bbox 2797 1875 2867 1939; x_wconf 91' lang='lat' dir='ltr'>in</span> <span class='ocrx_word' id='word_1_396' title='bbox 2894 1875 3279 1941; x_wconf 77' lang='lat' dir='ltr'>Machaboeis</span> <span class='ocrx_word' id='word_1_397' title='bbox 3301 1881 3348 1937; x_wconf 81' lang='lat'>⁸.</span> 
     </span>
    </p>

    <p class='ocr_par' dir='ltr' id='par_1_7' title="bbox 2281 1981 3844 5204">
     <span class='ocr_line' id='line_1_61' title="bbox 2368 1981 3841 2066; baseline 0.001 -19"><span class='ocrx_word' id='word_1_398' title='bbox 2368 1981 2620 2047; x_wconf 89' lang='lat' dir='ltr'>Tertius</span> <span class='ocrx_word' id='word_1_399' title='bbox 2669 2000 2850 2047; x_wconf 90' lang='lat' dir='ltr'>error</span> <span class='ocrx_word' id='word_1_400' title='bbox 2903 1983 3073 2046; x_wconf 88' lang='lat' dir='ltr'>circa</span> <span class='ocrx_word' id='word_1_401' title='bbox 3136 1982 3402 2047; x_wconf 90' lang='lat' dir='ltr'>modum</span> <span class='ocrx_word' id='word_1_402' title='bbox 3459 1983 3841 2066; x_wconf 90' lang='lat' dir='ltr'>procedendi</span> 
     </span>
     <span class='ocr_line' id='line_1_62' title="bbox 2290 2088 3841 2173; baseline 0.001 -18"><span class='ocrx_word' id='word_1_403' title='bbox 2290 2090 2641 2155; x_wconf 80' lang='lat' dir='ltr'>destruitur</span> <span class='ocrx_word' id='word_1_404' title='bbox 2668 2109 2706 2154; x_wconf 94' lang='lat' dir='ltr'>a</span> <span class='ocrx_word' id='word_1_405' title='bbox 2731 2088 3100 2155; x_wconf 89' lang='lat' dir='ltr'>Cassiodoro</span> <span class='ocrx_word' id='word_1_406' title='bbox 3119 2139 3138 2171; x_wconf 94' lang='lat'>,</span> <span class='ocrx_word' id='word_1_407' title='bbox 3168 2107 3360 2173; x_wconf 79' lang='lat' dir='ltr'>super</span> <span class='ocrx_word' id='word_1_408' title='bbox 3396 2090 3680 2159; x_wconf 81' lang='lat' dir='ltr'>Psalmos</span> <span class='ocrx_word' id='word_1_409' title='bbox 3698 2139 3716 2170; x_wconf 88' lang='lat'>,</span> <span class='ocrx_word' id='word_1_410' title='bbox 3768 2093 3841 2157; x_wconf 92' lang='lat' dir='ltr'>in</span> 
     </span>
     <span class='ocr_line' id='line_1_63' title="bbox 2289 2196 3842 2282; baseline 0.003 -21"><span class='ocrx_word' id='word_1_411' title='bbox 2289 2198 2604 2282; x_wconf 90' lang='lat' dir='ltr'>principio</span> <span class='ocrx_word' id='word_1_412' title='bbox 2625 2199 2648 2235; x_wconf 86' lang='lat'>&#39;¹</span> <span class='ocrx_word' id='word_1_413' title='bbox 2677 2220 2692 2262; x_wconf 90' lang='lat'>:</span> <span class='ocrx_word' id='word_1_414' title='bbox 2724 2220 2756 2259; x_wconf 76' lang='grc' dir='ltr'><strong>α</strong></span> <span class='ocrx_word' id='word_1_415' title='bbox 2774 2196 3102 2280; x_wconf 87' lang='lat' dir='ltr'>Scriptura</span> <span class='ocrx_word' id='word_1_416' title='bbox 3121 2198 3341 2263; x_wconf 89' lang='lat' dir='ltr'>multis</span> <span class='ocrx_word' id='word_1_417' title='bbox 3367 2199 3574 2263; x_wconf 90' lang='lat' dir='ltr'>modis</span> <span class='ocrx_word' id='word_1_418' title='bbox 3596 2217 3842 2280; x_wconf 88' lang='lat' dir='ltr'>genera</span> 
     </span>
     <span class='ocr_line' id='line_1_64' title="bbox 2289 2305 3838 2385; baseline 0.003 -17"><span class='ocrx_word' id='word_1_419' title='bbox 2289 2323 2426 2370; x_wconf 85' lang='lat' dir='ltr'>suae</span> <span class='ocrx_word' id='word_1_420' title='bbox 2466 2305 2801 2370; x_wconf 90' lang='lat' dir='ltr'>locutionis</span> <span class='ocrx_word' id='word_1_421' title='bbox 2840 2309 3127 2385; x_wconf 87' lang='lat' dir='ltr'>exercet,</span> <span class='ocrx_word' id='word_1_422' title='bbox 3172 2305 3649 2372; x_wconf 85' lang='lat' dir='ltr'>definitionibus</span> <span class='ocrx_word' id='word_1_423' title='bbox 3688 2326 3838 2373; x_wconf 89' lang='lat' dir='ltr'>suc-</span> 
     </span>
     <span class='ocr_line' id='line_1_65' title="bbox 2290 2413 3837 2498; baseline 0.003 -21"><span class='ocrx_word' id='word_1_424' title='bbox 2290 2414 2525 2494; x_wconf 88' lang='lat' dir='ltr'>cincta,</span> <span class='ocrx_word' id='word_1_425' title='bbox 2557 2413 2991 2478; x_wconf 87' lang='lat' dir='ltr'>schematibus</span> <span class='ocrx_word' id='word_1_426' title='bbox 3018 2414 3279 2493; x_wconf 86' lang='lat' dir='ltr'>decora,</span> <span class='ocrx_word' id='word_1_427' title='bbox 3307 2414 3658 2480; x_wconf 88' lang='lat' dir='ltr'>verborum</span> <span class='ocrx_word' id='word_1_428' title='bbox 3684 2434 3837 2498; x_wconf 92' lang='lat' dir='ltr'>pro-</span> 
     </span>
     <span class='ocr_line' id='line_1_66' title="bbox 2289 2520 3844 2606; baseline 0.003 -24"><span class='ocrx_word' id='word_1_429' title='bbox 2289 2521 2555 2603; x_wconf 80' lang='lat' dir='ltr'>prietate</span> <span class='ocrx_word' id='word_1_430' title='bbox 2585 2520 2861 2601; x_wconf 85' lang='lat' dir='ltr'>signata,</span> <span class='ocrx_word' id='word_1_431' title='bbox 2896 2520 3424 2604; x_wconf 89' lang='lat' dir='ltr'>syllogismorum</span> <span class='ocrx_word' id='word_1_432' title='bbox 3454 2522 3844 2606; x_wconf 86' lang='lat' dir='ltr'>complexio-</span> 
     </span>
     <span class='ocr_line' id='line_1_67' title="bbox 2288 2627 3844 2711; baseline 0.004 -20"><span class='ocrx_word' id='word_1_433' title='bbox 2288 2628 2482 2693; x_wconf 90' lang='lat' dir='ltr'>nibus</span> <span class='ocrx_word' id='word_1_434' title='bbox 2509 2627 2820 2711; x_wconf 88' lang='lat' dir='ltr'>expedita‚</span> <span class='ocrx_word' id='word_1_435' title='bbox 2854 2628 3199 2710; x_wconf 90' lang='lat' dir='ltr'>disciplinis</span> <span class='ocrx_word' id='word_1_436' title='bbox 3230 2629 3582 2694; x_wconf 79' lang='lat' dir='ltr'>irrutilans,</span> <span class='ocrx_word' id='word_1_437' title='bbox 3610 2653 3644 2689; x_wconf 75' lang='lat' dir='ltr'><strong>n</strong></span> <span class='ocrx_word' id='word_1_438' title='bbox 3686 2631 3844 2698; x_wconf 82' lang='lat' dir='ltr'>Haec</span> 
     </span>
     <span class='ocr_line' id='line_1_68' title="bbox 2288 2734 3842 2818; baseline 0.005 -20"><span class='ocrx_word' id='word_1_439' title='bbox 2288 2736 2544 2818; x_wconf 88' lang='lat' dir='ltr'>proprie</span> <span class='ocrx_word' id='word_1_440' title='bbox 2567 2734 2856 2799; x_wconf 87' lang='lat' dir='ltr'>relucent</span> <span class='ocrx_word' id='word_1_441' title='bbox 2875 2735 2946 2799; x_wconf 90' lang='lat' dir='ltr'>in</span> <span class='ocrx_word' id='word_1_442' title='bbox 2965 2734 3291 2818; x_wconf 87' lang='lat' dir='ltr'>Scriptura</span> <span class='ocrx_word' id='word_1_443' title='bbox 3317 2743 3380 2801; x_wconf 87' lang='lat' dir='ltr'>et</span> <span class='ocrx_word' id='word_1_444' title='bbox 3398 2738 3478 2801; x_wconf 92' lang='lat' dir='ltr'>ab</span> <span class='ocrx_word' id='word_1_445' title='bbox 3501 2738 3640 2802; x_wconf 88' lang='lat' dir='ltr'>aliis</span> <span class='ocrx_word' id='word_1_446' title='bbox 3659 2757 3842 2805; x_wconf 89' lang='lat' dir='ltr'>sanc-</span> 
     </span>
     <span class='ocr_line' id='line_1_69' title="bbox 2288 2842 3841 2929; baseline 0.003 -22"><span class='ocrx_word' id='word_1_447' title='bbox 2288 2842 2369 2907; x_wconf 91' lang='lat' dir='ltr'>tis</span> <span class='ocrx_word' id='word_1_448' title='bbox 2396 2846 2812 2926; x_wconf 86' lang='lat' dir='ltr'>usurpantur,</span> <span class='ocrx_word' id='word_1_449' title='bbox 2856 2847 2929 2907; x_wconf 90' lang='lat' dir='ltr'>ut</span> <span class='ocrx_word' id='word_1_450' title='bbox 2956 2844 3200 2908; x_wconf 90' lang='lat' dir='ltr'>cunctis</span> <span class='ocrx_word' id='word_1_451' title='bbox 3224 2850 3526 2927; x_wconf 85' lang='lat' dir='ltr'>appareat</span> <span class='ocrx_word' id='word_1_452' title='bbox 3551 2847 3730 2929; x_wconf 90' lang='lat' dir='ltr'>prius</span> <span class='ocrx_word' id='word_1_453' title='bbox 3754 2848 3841 2913; x_wconf 92' lang='lat' dir='ltr'>ad</span> 
     </span>
     <span class='ocr_line' id='line_1_70' title="bbox 2287 2953 3841 3039; baseline 0.004 -22"><span class='ocrx_word' id='word_1_454' title='bbox 2287 2953 2774 3036; x_wconf 83' lang='lat' dir='ltr'>exprimendam</span> <span class='ocrx_word' id='word_1_455' title='bbox 2833 2954 3168 3019; x_wconf 89' lang='lat' dir='ltr'>veritatem</span> <span class='ocrx_word' id='word_1_456' title='bbox 3238 2956 3433 3039; x_wconf 84' lang='lat' dir='ltr'>justis</span> <span class='ocrx_word' id='word_1_457' title='bbox 3515 2959 3841 3024; x_wconf 89' lang='lat' dir='ltr'>mentibus</span> 
     </span>
     <span class='ocr_line' id='line_1_71' title="bbox 2287 3064 3838 3149; baseline 0.002 -20"><span class='ocrx_word' id='word_1_458' title='bbox 2287 3065 2508 3130; x_wconf 88' lang='lat' dir='ltr'>datum</span> <span class='ocrx_word' id='word_1_459' title='bbox 2529 3114 2547 3145; x_wconf 91' lang='lat'>,</span> <span class='ocrx_word' id='word_1_460' title='bbox 2588 3065 2758 3149; x_wconf 91' lang='lat' dir='ltr'>quod</span> <span class='ocrx_word' id='word_1_461' title='bbox 2800 3069 3020 3147; x_wconf 89' lang='lat' dir='ltr'>postea</span> <span class='ocrx_word' id='word_1_462' title='bbox 3060 3064 3335 3147; x_wconf 87' lang='lat' dir='ltr'>gentiles</span> <span class='ocrx_word' id='word_1_463' title='bbox 3379 3066 3685 3132; x_wconf 86' lang='lat' dir='ltr'>humanae</span> <span class='ocrx_word' id='word_1_464' title='bbox 3731 3086 3838 3132; x_wconf 89' lang='lat' dir='ltr'>sa-</span> 
     </span>
     <span class='ocr_line' id='line_1_72' title="bbox 2287 3173 3840 3257; baseline 0.003 -20"><span class='ocrx_word' id='word_1_465' title='bbox 2287 3174 2544 3257; x_wconf 83' lang='lat' dir='ltr'>pientiae</span> <span class='ocrx_word' id='word_1_466' title='bbox 2561 3173 2911 3256; x_wconf 89' lang='lat' dir='ltr'>aptandum</span> <span class='ocrx_word' id='word_1_467' title='bbox 2927 3177 3340 3257; x_wconf 88' lang='lat' dir='ltr'>putaverunt.</span> <span class='ocrx_word' id='word_1_468' title='bbox 3364 3174 3540 3240; x_wconf 90' lang='lat' dir='ltr'>Unde</span> <span class='ocrx_word' id='word_1_469' title='bbox 3559 3175 3840 3242; x_wconf 89' lang='lat' dir='ltr'>Isidorus</span> 
     </span>
     <span class='ocr_line' id='line_1_73' title="bbox 2286 3282 3840 3370; baseline 0.003 -21"><span class='ocrx_word' id='word_1_470' title='bbox 2286 3284 2436 3349; x_wconf 91' lang='lat' dir='ltr'>dicit</span> <span class='ocrx_word' id='word_1_471' title='bbox 2466 3290 2511 3363; x_wconf 83' lang='lat'>⁸,</span> <span class='ocrx_word' id='word_1_472' title='bbox 2542 3282 2712 3366; x_wconf 92' lang='lat' dir='ltr'>quod</span> <span class='ocrx_word' id='word_1_473' title='bbox 2744 3282 3084 3365; x_wconf 87' lang='lat' dir='ltr'>Apostolus</span> <span class='ocrx_word' id='word_1_474' title='bbox 3112 3303 3285 3368; x_wconf 84' lang='lat' dir='ltr'>saepe</span> <span class='ocrx_word' id='word_1_475' title='bbox 3310 3288 3628 3370; x_wconf 89' lang='lat' dir='ltr'>proponit,</span> <span class='ocrx_word' id='word_1_476' title='bbox 3660 3305 3840 3353; x_wconf 88' lang='lat' dir='ltr'>assu·</span> 
     </span>
     <span class='ocr_line' id='line_1_74' title="bbox 2286 3393 3839 3478; baseline 0.003 -22"><span class='ocrx_word' id='word_1_477' title='bbox 2286 3393 2425 3472; x_wconf 84' lang='lat' dir='ltr'>mit,</span> <span class='ocrx_word' id='word_1_478' title='bbox 2457 3393 2816 3469; x_wconf 82' lang='lat' dir='ltr'>confirmat,</span> <span class='ocrx_word' id='word_1_479' title='bbox 2839 3396 3030 3475; x_wconf 88' lang='lat' dir='ltr'>atque</span> <span class='ocrx_word' id='word_1_480' title='bbox 3056 3393 3395 3458; x_wconf 87' lang='lat' dir='ltr'>concludit.</span> <span class='ocrx_word' id='word_1_481' title='bbox 3429 3393 3577 3473; x_wconf 92' lang='lat' dir='ltr'>Sed,</span> <span class='ocrx_word' id='word_1_482' title='bbox 3598 3398 3839 3478; x_wconf 84' lang='lat' dir='ltr'>praeter</span> 
     </span>
     <span class='ocr_line' id='line_1_75' title="bbox 2284 3499 3840 3582; baseline 0.004 -18"><span class='ocrx_word' id='word_1_483' title='bbox 2284 3499 2469 3564; x_wconf 93' lang='lat' dir='ltr'>illum</span> <span class='ocrx_word' id='word_1_484' title='bbox 2515 3501 2782 3564; x_wconf 89' lang='lat' dir='ltr'>modum</span> <span class='ocrx_word' id='word_1_485' title='bbox 2821 3500 3136 3566; x_wconf 89' lang='lat' dir='ltr'>tractandi</span> <span class='ocrx_word' id='word_1_486' title='bbox 3177 3501 3596 3582; x_wconf 89' lang='lat' dir='ltr'>scientialem,</span> <span class='ocrx_word' id='word_1_487' title='bbox 3641 3503 3840 3570; x_wconf 89' lang='lat' dir='ltr'>habet</span> 
     </span>
     <span class='ocr_line' id='line_1_76' title="bbox 2286 3607 3837 3693; baseline 0.001 -20"><span class='ocrx_word' id='word_1_488' title='bbox 2286 3607 2617 3691; x_wconf 90' lang='lat' dir='ltr'>Scriptura</span> <span class='ocrx_word' id='word_1_489' title='bbox 2644 3608 2909 3673; x_wconf 87' lang='lat' dir='ltr'>modum</span> <span class='ocrx_word' id='word_1_490' title='bbox 2937 3608 3056 3672; x_wconf 89' lang='lat' dir='ltr'>sibi</span> <span class='ocrx_word' id='word_1_491' title='bbox 3080 3609 3440 3692; x_wconf 86' lang='lat' dir='ltr'>proprium,</span> <span class='ocrx_word' id='word_1_492' title='bbox 3462 3628 3659 3693; x_wconf 91' lang='lat' dir='ltr'>quem</span> <span class='ocrx_word' id='word_1_493' title='bbox 3680 3610 3837 3676; x_wconf 88' lang='lat' dir='ltr'>bea-</span> 
     </span>
     <span class='ocr_line' id='line_1_77' title="bbox 2282 3714 3839 3797; baseline 0.003 -19"><span class='ocrx_word' id='word_1_494' title='bbox 2282 3719 2390 3779; x_wconf 90' lang='lat' dir='ltr'>tus</span> <span class='ocrx_word' id='word_1_495' title='bbox 2433 3714 2783 3797; x_wconf 88' lang='lat' dir='ltr'>Gregorius</span> <span class='ocrx_word' id='word_1_496' title='bbox 2830 3715 3159 3796; x_wconf 88' lang='lat' dir='ltr'>eleganter</span> <span class='ocrx_word' id='word_1_497' title='bbox 3212 3715 3541 3794; x_wconf 90' lang='lat' dir='ltr'>describit,</span> <span class='ocrx_word' id='word_1_498' title='bbox 3595 3717 3686 3781; x_wconf 90' lang='lat' dir='ltr'>sic</span> <span class='ocrx_word' id='word_1_499' title='bbox 3732 3718 3839 3783; x_wconf 91' lang='lat' dir='ltr'>in-</span> 
     </span>
     <span class='ocr_line' id='line_1_78' title="bbox 2285 3822 3837 3910; baseline 0.005 -25"><span class='ocrx_word' id='word_1_500' title='bbox 2285 3824 2514 3907; x_wconf 88' lang='lat' dir='ltr'>quiens</span> <span class='ocrx_word' id='word_1_501' title='bbox 2531 3829 2553 3863; x_wconf 83' lang='lat'><strong>⁹</strong></span> <span class='ocrx_word' id='word_1_502' title='bbox 2574 3844 2591 3888; x_wconf 71' lang='grc' dir='ltr'>ε</span> <span class='ocrx_word' id='word_1_503' title='bbox 2623 3847 2653 3884; x_wconf 80' lang='grc' dir='ltr'><em>α</em></span> <span class='ocrx_word' id='word_1_504' title='bbox 2672 3822 2979 3901; x_wconf 87' lang='lat' dir='ltr'>Quamvis</span> <span class='ocrx_word' id='word_1_505' title='bbox 3005 3841 3265 3888; x_wconf 93' lang='lat' dir='ltr'>omnem</span> <span class='ocrx_word' id='word_1_506' title='bbox 3291 3824 3619 3890; x_wconf 90' lang='lat' dir='ltr'>scientiam</span> <span class='ocrx_word' id='word_1_507' title='bbox 3638 3831 3837 3910; x_wconf 87' lang='lat' dir='ltr'>atque</span> 
     </span>
     <span class='ocr_line' id='line_1_79' title="bbox 2284 3930 3834 4015; baseline 0.003 -18"><span class='ocrx_word' id='word_1_508' title='bbox 2284 3931 2640 3997; x_wconf 88' lang='lat' dir='ltr'>doctrinam</span> <span class='ocrx_word' id='word_1_509' title='bbox 2673 3930 3004 4014; x_wconf 91' lang='lat' dir='ltr'>Scriptura</span> <span class='ocrx_word' id='word_1_510' title='bbox 3028 3949 3207 3996; x_wconf 88' lang='lat' dir='ltr'>sacra</span> <span class='ocrx_word' id='word_1_511' title='bbox 3234 3932 3475 4015; x_wconf 89' lang='lat' dir='ltr'>absque</span> <span class='ocrx_word' id='word_1_512' title='bbox 3495 3934 3627 4000; x_wconf 92' lang='lat' dir='ltr'>ulla</span> <span class='ocrx_word' id='word_1_513' title='bbox 3652 3954 3834 4001; x_wconf 89' lang='lat' dir='ltr'>com·</span> 
     </span>
     <span class='ocr_line' id='line_1_80' title="bbox 2283 4039 3837 4124; baseline 0.004 -20"><span class='ocrx_word' id='word_1_514' title='bbox 2283 4040 2612 4122; x_wconf 84' lang='lat' dir='ltr'>paratione</span> <span class='ocrx_word' id='word_1_515' title='bbox 2636 4039 3059 4119; x_wconf 86' lang='lat' dir='ltr'>transcendat,</span> <span class='ocrx_word' id='word_1_516' title='bbox 3091 4042 3165 4103; x_wconf 91' lang='lat' dir='ltr'>ut</span> <span class='ocrx_word' id='word_1_517' title='bbox 3190 4043 3435 4104; x_wconf 89' lang='lat' dir='ltr'>taceam</span> <span class='ocrx_word' id='word_1_518' title='bbox 3468 4043 3640 4124; x_wconf 92' lang='lat' dir='ltr'>quod</span> <span class='ocrx_word' id='word_1_519' title='bbox 3675 4062 3837 4109; x_wconf 86' lang='lat' dir='ltr'>vera</span> 
     </span>
     <span class='ocr_line' id='line_1_81' title="bbox 2283 4146 3833 4232; baseline 0.003 -19"><span class='ocrx_word' id='word_1_520' title='bbox 2283 4147 2603 4232; x_wconf 74' lang='lat' dir='ltr'>praedicat,</span> <span class='ocrx_word' id='word_1_521' title='bbox 2635 4147 2808 4228; x_wconf 92' lang='lat' dir='ltr'>quod</span> <span class='ocrx_word' id='word_1_522' title='bbox 2837 4147 2914 4211; x_wconf 90' lang='lat' dir='ltr'>ad</span> <span class='ocrx_word' id='word_1_523' title='bbox 2954 4146 3273 4212; x_wconf 75' lang='lat' dir='ltr'>coelestem</span> <span class='ocrx_word' id='word_1_524' title='bbox 3308 4148 3583 4230; x_wconf 90' lang='lat' dir='ltr'>patriam</span> <span class='ocrx_word' id='word_1_525' title='bbox 3618 4155 3833 4232; x_wconf 90' lang='lat' dir='ltr'>vocat,</span> 
     </span>
     <span class='ocr_line' id='line_1_82' title="bbox 2284 4255 3835 4340; baseline 0.001 -18"><span class='ocrx_word' id='word_1_526' title='bbox 2284 4257 2456 4340; x_wconf 90' lang='lat' dir='ltr'>quod</span> <span class='ocrx_word' id='word_1_527' title='bbox 2489 4275 2530 4320; x_wconf 88' lang='lat' dir='ltr'>a</span> <span class='ocrx_word' id='word_1_528' title='bbox 2571 4256 2844 4320; x_wconf 87' lang='lat' dir='ltr'>terrenis</span> <span class='ocrx_word' id='word_1_529' title='bbox 2889 4255 3213 4320; x_wconf 88' lang='lat' dir='ltr'>desideriis</span> <span class='ocrx_word' id='word_1_530' title='bbox 3252 4256 3334 4320; x_wconf 91' lang='lat' dir='ltr'>ad</span> <span class='ocrx_word' id='word_1_531' title='bbox 3372 4275 3653 4340; x_wconf 87' lang='lat' dir='ltr'>superna</span> <span class='ocrx_word' id='word_1_532' title='bbox 3689 4278 3835 4324; x_wconf 91' lang='lat' dir='ltr'>am·-</span> 
     </span>
     <span class='ocr_line' id='line_1_83' title="bbox 2284 4363 3836 4450; baseline 0.003 -22"><span class='ocrx_word' id='word_1_533' title='bbox 2284 4364 2612 4450; x_wconf 88' lang='lat' dir='ltr'>plectenda</span> <span class='ocrx_word' id='word_1_534' title='bbox 2637 4382 2748 4428; x_wconf 89' lang='lat' dir='ltr'>cor</span> <span class='ocrx_word' id='word_1_535' title='bbox 2774 4364 3051 4445; x_wconf 89' lang='lat' dir='ltr'>legentis</span> <span class='ocrx_word' id='word_1_536' title='bbox 3075 4363 3416 4444; x_wconf 83' lang='lat' dir='ltr'>immutat,</span> <span class='ocrx_word' id='word_1_537' title='bbox 3449 4365 3624 4448; x_wconf 91' lang='lat' dir='ltr'>quod</span> <span class='ocrx_word' id='word_1_538' title='bbox 3649 4366 3836 4431; x_wconf 89' lang='lat' dir='ltr'>dictis</span> 
     </span>
     <span class='ocr_line' id='line_1_84' title="bbox 2283 4471 3836 4557; baseline 0.001 -18"><span class='ocrx_word' id='word_1_539' title='bbox 2283 4471 2762 4539; x_wconf 86' lang='lat' dir='ltr'>obscurioribus</span> <span class='ocrx_word' id='word_1_540' title='bbox 2820 4476 3070 4537; x_wconf 86' lang='lat' dir='ltr'>exercet</span> <span class='ocrx_word' id='word_1_541' title='bbox 3135 4472 3326 4536; x_wconf 82' lang='lat' dir='ltr'>fortes</span> <span class='ocrx_word' id='word_1_542' title='bbox 3343 4520 3362 4552; x_wconf 94' lang='lat'>,</span> <span class='ocrx_word' id='word_1_543' title='bbox 3414 4477 3477 4536; x_wconf 92' lang='lat' dir='ltr'>et</span> <span class='ocrx_word' id='word_1_544' title='bbox 3543 4474 3836 4557; x_wconf 88' lang='lat' dir='ltr'>parvulis</span> 
     </span>
     <span class='ocr_line' id='line_1_85' title="bbox 2282 4579 3837 4663; baseline 0.001 -17"><span class='ocrx_word' id='word_1_545' title='bbox 2282 4581 2518 4646; x_wconf 92' lang='lat' dir='ltr'>humili</span> <span class='ocrx_word' id='word_1_546' title='bbox 2569 4598 2862 4644; x_wconf 89' lang='lat' dir='ltr'>sermone</span> <span class='ocrx_word' id='word_1_547' title='bbox 2914 4579 3277 4658; x_wconf 89' lang='lat' dir='ltr'>blanditur;</span> <span class='ocrx_word' id='word_1_548' title='bbox 3333 4582 3503 4663; x_wconf 86' lang='lat' dir='ltr'>quod</span> <span class='ocrx_word' id='word_1_549' title='bbox 3556 4599 3672 4646; x_wconf 93' lang='lat' dir='ltr'>nec</span> <span class='ocrx_word' id='word_1_550' title='bbox 3737 4584 3837 4648; x_wconf 91' lang='lat' dir='ltr'>sic</span> 
     </span>
     <span class='ocr_line' id='line_1_86' title="bbox 2282 4687 3838 4771; baseline 0.001 -17"><span class='ocrx_word' id='word_1_551' title='bbox 2282 4689 2519 4770; x_wconf 89' lang='lat' dir='ltr'>clausa,</span> <span class='ocrx_word' id='word_1_552' title='bbox 2560 4692 2634 4753; x_wconf 91' lang='lat' dir='ltr'>ut</span> <span class='ocrx_word' id='word_1_553' title='bbox 2660 4687 2917 4771; x_wconf 87' lang='lat' dir='ltr'>pavesci</span> <span class='ocrx_word' id='word_1_554' title='bbox 2942 4687 3187 4766; x_wconf 89' lang='lat' dir='ltr'>debeat,</span> <span class='ocrx_word' id='word_1_555' title='bbox 3215 4705 3335 4751; x_wconf 90' lang='lat' dir='ltr'>nec</span> <span class='ocrx_word' id='word_1_556' title='bbox 3361 4688 3453 4751; x_wconf 87' lang='lat' dir='ltr'>sic</span> <span class='ocrx_word' id='word_1_557' title='bbox 3486 4693 3725 4771; x_wconf 87' lang='lat' dir='ltr'>aperta,</span> <span class='ocrx_word' id='word_1_558' title='bbox 3755 4694 3838 4755; x_wconf 90' lang='lat' dir='ltr'>ut</span> 
     </span>
     <span class='ocr_line' id='line_1_87' title="bbox 2283 4794 3839 4880; baseline 0 -17"><span class='ocrx_word' id='word_1_559' title='bbox 2283 4798 2579 4877; x_wconf 87' lang='lat' dir='ltr'>vilescat;</span> <span class='ocrx_word' id='word_1_560' title='bbox 2631 4796 2805 4880; x_wconf 90' lang='lat' dir='ltr'>quod</span> <span class='ocrx_word' id='word_1_561' title='bbox 2848 4813 2971 4859; x_wconf 87' lang='lat' dir='ltr'>usu</span> <span class='ocrx_word' id='word_1_562' title='bbox 3025 4794 3351 4859; x_wconf 77' lang='lat' dir='ltr'>fastidium</span> <span class='ocrx_word' id='word_1_563' title='bbox 3397 4795 3600 4877; x_wconf 89' lang='lat' dir='ltr'>tollit,</span> <span class='ocrx_word' id='word_1_564' title='bbox 3657 4799 3839 4880; x_wconf 91' lang='lat' dir='ltr'>quod</span> 
     </span>
     <span class='ocr_line' id='line_1_88' title="bbox 2281 4901 3834 4987; baseline 0.001 -18"><span class='ocrx_word' id='word_1_565' title='bbox 2281 4905 2554 4987; x_wconf 88' lang='lat' dir='ltr'>legentis</span> <span class='ocrx_word' id='word_1_566' title='bbox 2580 4905 2873 4969; x_wconf 89' lang='lat' dir='ltr'>animum</span> <span class='ocrx_word' id='word_1_567' title='bbox 2901 4901 3256 4967; x_wconf 90' lang='lat' dir='ltr'>humilibus</span> <span class='ocrx_word' id='word_1_568' title='bbox 3295 4902 3510 4969; x_wconf 90' lang='lat' dir='ltr'>verbis</span> <span class='ocrx_word' id='word_1_569' title='bbox 3538 4904 3834 4986; x_wconf 88' lang='lat' dir='ltr'>adjuvat,</span> 
     </span>
     <span class='ocr_line' id='line_1_89' title="bbox 2282 5010 3838 5095; baseline 0.002 -18"><span class='ocrx_word' id='word_1_570' title='bbox 2282 5012 2665 5079; x_wconf 90' lang='lat' dir='ltr'>sublimibus</span> <span class='ocrx_word' id='word_1_571' title='bbox 2680 5010 2975 5076; x_wconf 90' lang='lat' dir='ltr'>sensibus</span> <span class='ocrx_word' id='word_1_572' title='bbox 2990 5011 3165 5076; x_wconf 90' lang='lat' dir='ltr'>levat</span> <span class='ocrx_word' id='word_1_573' title='bbox 3180 5034 3197 5091; x_wconf 83' lang='lat'><em>3</em></span> <span class='ocrx_word' id='word_1_574' title='bbox 3217 5012 3391 5095; x_wconf 90' lang='lat' dir='ltr'>quod</span> <span class='ocrx_word' id='word_1_575' title='bbox 3404 5011 3618 5095; x_wconf 88' lang='lat' dir='ltr'>aliquo</span> <span class='ocrx_word' id='word_1_576' title='bbox 3641 5014 3838 5080; x_wconf 92' lang='lat' dir='ltr'>modo</span> 
     </span>
     <span class='ocr_line' id='line_1_90' title="bbox 2283 5119 3835 5204; baseline 0.001 -17"><span class='ocrx_word' id='word_1_577' title='bbox 2283 5139 2433 5187; x_wconf 91' lang='lat' dir='ltr'>cum</span> <span class='ocrx_word' id='word_1_578' title='bbox 2459 5120 2821 5204; x_wconf 86' lang='lat' dir='ltr'>legentibus</span> <span class='ocrx_word' id='word_1_579' title='bbox 2847 5119 3094 5198; x_wconf 88' lang='lat' dir='ltr'>crescit,</span> <span class='ocrx_word' id='word_1_580' title='bbox 3125 5119 3298 5202; x_wconf 92' lang='lat' dir='ltr'>quod</span> <span class='ocrx_word' id='word_1_581' title='bbox 3326 5137 3367 5184; x_wconf 90' lang='lat' dir='ltr'>a</span> <span class='ocrx_word' id='word_1_582' title='bbox 3404 5120 3677 5186; x_wconf 91' lang='lat' dir='ltr'>rudibus</span> <span class='ocrx_word' id='word_1_583' title='bbox 3704 5120 3835 5188; x_wconf 91' lang='lat' dir='ltr'>lec·</span> 
     </span>
    </p>
   </div>
   <div class='ocr_carea' id='block_1_7' title="bbox 2283 5317 3841 5532">
    <p class='ocr_par' dir='ltr' id='par_1_8' title="bbox 2283 5317 3841 5532">
     <span class='ocr_line' id='line_1_91' title="bbox 2284 5317 3841 5386; baseline -0.001 -14"><span class='ocrx_word' id='word_1_584' title='bbox 2284 5320 2372 5372; x_wconf 89' lang='lat' dir='ltr'>lib.</span> <span class='ocrx_word' id='word_1_585' title='bbox 2400 5322 2444 5381; x_wconf 84' lang='lat'>1,</span> <span class='ocrx_word' id='word_1_586' title='bbox 2462 5334 2510 5372; x_wconf 88' lang='lat' dir='ltr'>c.</span> <span class='ocrx_word' id='word_1_587' title='bbox 2530 5332 2620 5384; x_wconf 83' lang='lat' dir='ltr'>xx,</span> <span class='ocrx_word' id='word_1_588' title='bbox 2638 5319 2700 5371; x_wconf 80' lang='lat' dir='ltr'>de</span> <span class='ocrx_word' id='word_1_589' title='bbox 2717 5320 2907 5384; x_wconf 75' lang='lat' dir='ltr'>Tropis.</span> <span class='ocrx_word' id='word_1_590' title='bbox 2924 5344 2988 5357; x_wconf 90' lang='lat'><em>-</em></span> <span class='ocrx_word' id='word_1_591' title='bbox 3006 5320 3024 5350; x_wconf 78' lang='lat'><strong>⁵</strong></span> <span class='ocrx_word' id='word_1_592' title='bbox 3041 5317 3220 5382; x_wconf 66' lang='lat' dir='ltr'>Eccli„</span> <span class='ocrx_word' id='word_1_593' title='bbox 3252 5328 3372 5381; x_wconf 70' lang='lat' dir='ltr'>xus,</span> <span class='ocrx_word' id='word_1_594' title='bbox 3397 5320 3445 5369; x_wconf 89' lang='lat'>6.</span> <span class='ocrx_word' id='word_1_595' title='bbox 3470 5345 3526 5358; x_wconf 92' lang='lat'>-—</span> <span class='ocrx_word' id='word_1_596' title='bbox 3545 5320 3565 5350; x_wconf 84' lang='lat'><strong>⁶</strong></span> <span class='ocrx_word' id='word_1_597' title='bbox 3585 5320 3625 5370; x_wconf 87' lang='grc' dir='ltr'>ΙΙ</span> <span class='ocrx_word' id='word_1_598' title='bbox 3646 5319 3841 5386; x_wconf 66' lang='lat' dir='ltr'>uach„</span> 
     </span>
     <span class='ocr_line' id='line_1_92' title="bbox 2283 5388 3839 5456; baseline -0.003 -13"><span class='ocrx_word' id='word_1_599' title='bbox 2283 5405 2356 5456; x_wconf 88' lang='lat' dir='ltr'>v1,</span> <span class='ocrx_word' id='word_1_600' title='bbox 2383 5395 2462 5443; x_wconf 82' lang='grc'>28.</span> <span class='ocrx_word' id='word_1_601' title='bbox 2481 5417 2544 5429; x_wconf 92' lang='grc'><strong>-</strong></span> <span class='ocrx_word' id='word_1_602' title='bbox 2567 5393 2584 5424; x_wconf 84' lang='lat'>⁷</span> <span class='ocrx_word' id='word_1_603' title='bbox 2607 5390 2858 5456; x_wconf 68' lang='lat' dir='ltr'>Cassiod„</span> <span class='ocrx_word' id='word_1_604' title='bbox 2892 5392 2947 5441; x_wconf 79' lang='lat' dir='ltr'>in</span> <span class='ocrx_word' id='word_1_605' title='bbox 2976 5389 3115 5442; x_wconf 71' lang='lat' dir='ltr'>Psal.</span> <span class='ocrx_word' id='word_1_606' title='bbox 3151 5399 3235 5453; x_wconf 84' lang='lat' dir='ltr'>xv,</span> <span class='ocrx_word' id='word_1_607' title='bbox 3264 5388 3377 5439; x_wconf 88' lang='lat' dir='ltr'>init.</span> <span class='ocrx_word' id='word_1_608' title='bbox 3397 5414 3460 5428; x_wconf 93' lang='lat'><strong>—</strong></span> <span class='ocrx_word' id='word_1_609' title='bbox 3485 5393 3502 5420; x_wconf 76' lang='lat'>⁸</span> <span class='ocrx_word' id='word_1_610' title='bbox 3526 5390 3667 5453; x_wconf 66' lang='lat' dir='ltr'>isid„</span> <span class='ocrx_word' id='word_1_611' title='bbox 3697 5390 3839 5454; x_wconf 74' lang='lat' dir='ltr'>Ety-</span> 
     </span>
     <span class='ocr_line' id='line_1_93' title="bbox 2283 5459 3838 5532; baseline 0 -17"><span class='ocrx_word' id='word_1_612' title='bbox 2283 5463 2428 5530; x_wconf 62' lang='grc' dir='ltr'><strong><em>ωοιο,</em></strong></span> <span class='ocrx_word' id='word_1_613' title='bbox 2450 5463 2540 5518; x_wconf 73' lang='lat' dir='ltr'>libo</span> <span class='ocrx_word' id='word_1_614' title='bbox 2580 5466 2654 5532; x_wconf 63' lang='grc' dir='ltr'>ιι,</span> <span class='ocrx_word' id='word_1_615' title='bbox 2692 5479 2744 5518; x_wconf 68' lang='lat'>00</span> <span class='ocrx_word' id='word_1_616' title='bbox 2781 5476 2858 5518; x_wconf 77' lang='lat'>1¹·</span> <span class='ocrx_word' id='word_1_617' title='bbox 2879 5490 2945 5506; x_wconf 75' lang='lat'>⁸-</span> <span class='ocrx_word' id='word_1_618' title='bbox 2966 5464 3186 5530; x_wconf 54' lang='lat' dir='ltr'>,Gregol</span> <span class='ocrx_word' id='word_1_619' title='bbox 3215 5459 3420 5527; x_wconf 58' lang='lat' dir='ltr'>uorat-2</span> <span class='ocrx_word' id='word_1_620' title='bbox 3453 5461 3546 5516; x_wconf 72' lang='lat' dir='ltr'>nb·</span> <span class='ocrx_word' id='word_1_621' title='bbox 3576 5463 3686 5529; x_wconf 67' lang='lat' dir='ltr'>xx,</span> <span class='ocrx_word' id='word_1_622' title='bbox 3715 5475 3762 5514; x_wconf 71' lang='lat' dir='ltr'>c·</span> <span class='ocrx_word' id='word_1_623' title='bbox 3793 5475 3838 5515; x_wconf 78' lang='lat'>1·</span> 
     </span>
    </p>
   </div>
  </div>
 </body>
</html>
