4196 6294
106 4053 236 4108 Legis

85 4116 265 4160 medita-

130 4177 207 4221 tio.

1550 423 1912 491 PSALMUS
1957 423 2215 491 cxvnl.

64 567 125 672 ἓν
145 562 263 671 ‘113-
286 563 513 641 pliciter
520 582 541 637 3
577 561 851 621 videlicet
885 560 1156 634 fideliter,
1194 559 1564 632 fiducialiter,
1605 560 1827 635 patien-

287 660 373 717 ter
402 678 417 716 ε
450 656 591 734 quia
618 655 787 728 sicut,
816 654 1097 731 Apostolo
1126 659 1288 725 teste,
1313 654 1500 729 liquet
1526 660 1546 689 ¹
1577 671 1591 709 ε
1628 673 1659 709 α
1683 654 1828 714 Cha-

288 753 427 812 ritas
456 750 659 810 omnia
686 749 900 819 credit,
929 748 1132 809 omnia
1164 752 1391 824 sperat,
1420 748 1624 806 omnia
1661 747 1827 806 susti-

289 852 405 907 net.
447 852 478 903 ἡ
519 849 597 905 De
633 845 828 921 prima
860 844 982 903 vita
1021 847 1044 880 ²
1087 862 1103 901 ε
1148 866 1175 896 «
1220 847 1412 902 iustus
1451 844 1514 902 in
1553 843 1676 903 fide
1721 860 1830 902 sua

288 942 450 999 vivet
480 958 495 999 ε
528 961 558 995 ι»
589 942 646 998 et
671 939 819 1014 quid
851 940 938 997 est
962 938 1161 996 vivere
1198 940 1262 995 in
1297 936 1448 1008 fide,
1484 938 1597 995 nisi
1630 938 1829 996 vivere

288 1034 578 1094 fideliter?
595 1036 673 1091 De
693 1033 957 1091 secunda
978 1032 1099 1090 vita
1117 1030 1331 1090 dicitur
1348 1032 1410 1089 in
1429 1032 1553 1090 haec
1570 1032 1757 1090 verba
1773 1034 1826 1090 ³:

298 1146 328 1183 α
346 1128 478 1187 Sive
496 1125 828 1200 vIgilemuS,
845 1126 968 1183 sive
985 1125 1352 1183 dormiamus
1355 1168 1375 1197 ,
1404 1125 1581 1183 simul
1605 1125 1678 1199 (α)
1693 1141 1831 1182 cum

291 1220 395 1279 illo
430 1221 701 1277 vivamus
730 1238 745 1279 ε
776 1224 1019 1294 propter
1048 1219 1215 1293 quod
1253 1218 1647 1278 consolamini
1684 1218 1834 1275 invi-

294 1331 423 1372 cem
456 1332 471 1371 :
504 1334 533 1368 n
560 1318 616 1373 et
641 1313 789 1388 quid
818 1318 903 1371 est
926 1313 1123 1371 vivere
1149 1313 1211 1371 in
1239 1313 1463 1372 Christo
1494 1313 1741 1371 firmiter
1761 1311 1832 1387 (b)

294 1412 352 1465 et
398 1406 867 1479 consolabiliter,
915 1406 1027 1464 nisi
1067 1407 1267 1467 vivere
1312 1406 1663 1465 fiducialiter
1682 1408 1710 1462 ‘t
1756 1409 1833 1464 De

293 1500 464 1559 tertia
490 1500 632 1573 vita,
663 1500 935 1558 scribitur
962 1501 1073 1558 sub
1100 1501 1212 1559 hac
1240 1499 1435 1559 forma
1461 1501 1483 1535 ⁸
1514 1518 1529 1557 ε
1565 1520 1595 1556 α
1622 1503 1836 1559 Omnes

295 1595 399 1670 qui
437 1594 535 1669 pie
562 1594 774 1653 volunt
795 1594 996 1653 vivere
1022 1595 1085 1652 in
1114 1594 1337 1653 Christo
1363 1597 1532 1665 Jesu,
1562 1611 1836 1668 persecu-

296 1687 519 1746 tionem
554 1688 855 1762 patiuntur
891 1707 904 1744 ε
939 1710 966 1739 »
998 1687 1145 1762 quid
1170 1692 1365 1746 autem
1395 1691 1478 1745 est
1507 1687 1589 1744 sic
1618 1688 1839 1759 vivere,

297 1781 410 1839 nisi
439 1783 636 1841 vivere
663 1782 992 1858 patienter?

801 1940 1087 1996 Articulus
1117 1942 1329 1996 tertius.

367 2062 674 2139 AEquitatis
708 2066 1040 2139 praeventus
1077 2064 1450 2145 supponitur,
1492 2079 1629 2121 cum
1672 2062 1843 2123 ratio·

304 2157 565 2216 cinando
593 2158 982 2232 proponitur:
1016 2158 1160 2226 Quia
1188 2160 1277 2215 Iex
1306 2163 1421 2216 tua.
1449 2157 1556 2215 Ubi
1582 2172 1845 2231 namque

298 2250 393 2309 lex
421 2256 528 2323 est,
554 2251 639 2308 ihi
666 2251 911 2326 aequitas
937 2253 1024 2308 est
1038 2270 1055 2324 3
1082 2250 1187 2308 ubi
1215 2267 1359 2310 vero
1387 2250 1629 2326 aequitas
1657 2249 1844 2322 abest,

301 2350 357 2403 et
382 2344 668 2418 iniquitas
697 2343 882 2411 adest,
913 2343 999 2402 ibi
1025 2343 1120 2401 lex
1148 2360 1273 2403 esse
1303 2360 1428 2403 non
1454 2348 1672 2420 potest3
1706 2344 1847 2402 alio-

302 2440 485 2513 quin,
522 2438 688 2513 quod
730 2436 1059 2495 absurdum
1102 2442 1212 2511 est,
1253 2438 1625 2511 illegitimum
1661 2437 1849 2511 legiti-

302 2550 475 2593 mum
520 2536 623 2593 est.
666 2535 732 2592 Et
774 2536 945 2604 nota,
984 2531 1150 2606 quod
1190 2532 1403 2605 legitur
1440 2532 1501 2590 in
1541 2532 1850 2607 scripturis

304 2627 402 2686 lex
431 2627 730 2701 mentaliS,
756 2627 900 2703 quia
925 2625 1070 2698 ligat
1093 2624 1288 2684 cordis
1317 2626 1562 2684 consilia
1576 2645 1596 2700 3
1626 2625 1723 2684 lex
1748 2642 1851 2684 vo-

304 2721 454 2780 calis
473 2762 494 2793 ,
536 2721 680 2795 quia
723 2719 869 2793 ligat
916 2718 1035 2777 oris
1082 2718 1353 2793 eloquia3
1398 2719 1497 2777 lex
1538 2719 1851 2791 manualia,

302 2816 451 2891 quia
477 2814 624 2889 ligat
641 2831 929 2872 manuum
956 2814 1246 2873 exercitia.
1281 2818 1358 2873 De
1384 2816 1579 2891 primo
1603 2817 1624 2851 ⁸
1647 2834 1661 2874 ε
1688 2837 1718 2871 α
1735 2827 1851 2876 Au·

304 2910 425 2967 dite
464 2924 595 2981 me,
624 2908 731 2984 qui
764 2908 919 2966 scitis
948 2909 1173 2982 justum
1185 2929 1202 2981 3
1236 2910 1496 2984 populus
1530 2927 1698 2969 meus
1706 2953 1727 2983 ,
1755 2909 1854 2968 lex

303 3018 445 3061 mea
457 3003 521 3058 in
541 3002 720 3059 corde
750 3017 957 3060 eorum
979 3020 992 3058 :
1016 3022 1045 3055 n
1070 3018 1207 3060 ecce
1225 3001 1321 3060 lex
1340 3003 1636 3075 mentaIiS,
1663 3003 1856 3076 ligans

306 3096 510 3156 cordis
562 3095 826 3155 consilia.
866 3097 943 3155 De
988 3095 1248 3155 secundo
1283 3097 1304 3130 ⁶
1354 3116 1368 3154 :
1403 3116 1430 3152 α
1456 3100 1572 3156 Lex
1625 3096 1856 3156 Domini

308 3206 549 3266 semper
575 3190 654 3270 sit·
672 3190 735 3248 in
759 3206 860 3248 ore
893 3193 1026 3262 tuo;
1056 3211 1083 3244 ιι
1112 3206 1245 3248 ecce
1273 3189 1371 3248 lex
1395 3190 1639 3265 vocalis,
1664 3192 1857 3265 ligans

308 3285 432 3344 oris
462 3284 726 3359 eloquia.
757 3287 834 3343 De
864 3284 1032 3343 tertio
1060 3286 1082 3319 ⁷
1116 3303 1128 3341 :
1157 3283 1489 3342 «Dederunt
1509 3285 1564 3342 ei
1591 3285 1653 3342 in
1676 3301 1859 3343 manu

308 3381 439 3453 ejus
468 3378 788 3436 tenendam
809 3378 1025 3451 legem,
1055 3382 1113 3436 et
1136 3378 1565 3436 constituerunt
1590 3395 1729 3440 eum
1768 3396 1858 3438 re-

307 3489 452 3545 gem
480 3490 497 3530 ς
521 3492 551 3527 w
574 3488 706 3530 ecce
726 3471 825 3531 lex
842 3470 1158 3542 manualiS,
1179 3471 1370 3544 ligans
1386 3487 1676 3530 manuum
1698 3489 1862 3531 exer-

309 3571 451 3627 oma
811 3639 1089 3695 Articulus
1126 3643 1375 3710 quartus.

382 3759 611 3819 Veritas
650 3759 826 3820 etiam
863 3759 1219 3835 implicatur,
1253 3776 1388 3820 cum
1419 3758 1724 3818 meditatio
1755 3774 1862 3817 ex·

308 3853 573 3929 plicatur
613 3871 628 3909 :
674 3854 815 3929 quia
831 3896 852 3925 ,
889 3852 1040 3911 sicut
1076 3858 1161 3911 est
1198 3854 1298 3912 lex
1334 3853 1574 3925 insana,
1609 3854 1704 3912 cui
1741 3868 1865 3912 non

309 3947 526 4007 subest
552 3947 834 4022 oequitas3
864 3947 947 4005 sic
975 3952 1061 4007 est
1087 3947 1392 4006 meditatio
1420 3964 1597 4019 vana,
1620 3947 1715 4006 cui
1741 3962 1866 4005 non

311 4041 525 4099 subest
565 4041 798 4099 veritaS.
842 4044 908 4098 Et
952 4044 1127 4113 nota,
1172 4040 1338 4116 quod
1377 4040 1524 4115 legis
1563 4039 1864 4099 meditatio

309 4140 402 4195 est
436 4135 690 4209 legentis
725 4135 1044 4210 protecti0,
1073 4135 1410 4209 provecti0,
1447 4138 1506 4193 et
1537 4135 1815 4212 perfectio
1847 4155 1861 4191 :

310 4233 571 4309 propter
622 4229 712 4285 vis
755 4228 1070 4288 irascibilis
1112 4229 1548 4288 munimentum
1563 4250 1581 4302 3
1626 4233 1867 4305 propter

312 4322 697 4384 rationabilis
735 4322 1195 4396 documentum3„
1225 4326 1471 4398 propter
1504 4323 1869 4398 concupisci-

313 4419 460 4478 bilis
519 4416 986 4492 implementum.
1042 4416 1303 4475 Primum
1354 4419 1513 4491 patet
1561 4433 1666 4492 per
1718 4415 1869 4475 illud

313 4510 631 4587 Prophetae
655 4511 678 4546 ⁸
711 4529 725 4566 ε
759 4529 788 4564 α
812 4510 930 4567 Nisi
958 4510 1126 4587 quod
1152 4510 1250 4569 lex
1278 4515 1379 4570 tua
1405 4510 1708 4570 meditatio
1736 4528 1871 4570 mea

315 4608 437 4678 est,
473 4609 618 4662 tunc
644 4603 793 4662 forte
820 4604 1127 4678 periissem
1162 4604 1226 4662 in
1259 4604 1587 4664 humilitate
1624 4621 1760 4664 mea
1790 4622 1805 4662 ε
1834 4625 1863 4661 n

316 4714 461 4757 ecce
493 4696 644 4769 legis
684 4696 1021 4768 meditatio,
1049 4697 1359 4757 irascibilis
1394 4697 1736 4773 protectiva.
1768 4699 1870 4757 Se-

316 4790 596 4850 cundum
641 4788 830 4864 liquet
868 4806 975 4864 per
1017 4790 1170 4848 illud
1212 4791 1526 4850 Psalmistae
1549 4793 1572 4827 ⁹
1609 4810 1624 4849 ε
1660 4811 1690 4847 α
1723 4794 1874 4862 Quo-

316 4884 517 4944 modo
578 4881 758 4940 dilexi
811 4883 1005 4957 legem
1062 4888 1245 4956 tuam,
1284 4884 1567 4944 Domine!
1608 4890 1731 4945 tota
1777 4885 1874 4944 die

318 4975 636 5037 meditatio
676 4992 813 5034 mea
847 4979 932 5035 est
962 4995 976 5034 :
1006 4998 1036 5034 n
1069 4994 1205 5036 ecce
1238 4978 1386 5052 legis
1421 4979 1754 5053 meditatiO,
1784 4996 1879 5039 ra·

220 5114 231 5124 .
323 5068 636 5130 tionabilis
671 5071 1029 5143 provectiva.
1071 5070 1322 5129 Tertium
1363 5072 1543 5132 claret
1579 5089 1685 5148 per
1725 5073 1879 5132 illud

320 5160 693 5239 propheticae
720 5163 1071 5238 psalmodiae
1096 5164 1137 5199 ¹⁰
1168 5183 1183 5221 z
1220 5185 1247 5217 «
1275 5166 1598 5242 Concupivi
1625 5168 1878 5226 salutare

399 5293 411 5321 ¹
445 5289 468 5338 1
501 5287 640 5352 Gor„
668 5300 784 5352 xm,
815 5293 862 5341 7.
892 5316 953 5330 —
981 5292 999 5321 ²
1026 5290 1230 5352 Hebae„
1261 5302 1319 5356 11,
1347 5294 1394 5343 4.
1422 5320 1485 5331 -
1512 5294 1531 5324 ⁸
1558 5296 1575 5344 Ι
1615 5293 1802 5349 Thess..
1827 5307 1878 5360 v,

328 5363 410 5412 10.
438 5385 509 5399 -
534 5359 556 5393 ὅ
584 5360 626 5410 11
660 5360 805 5426 Tim„
843 5374 931 5428 111,
978 5368 1050 5415 ¹2.
1093 5392 1145 5401 -—
1178 5365 1195 5395 ⁵
1227 5367 1345 5422 Iso„
1374 5378 1443 5428 m,
1474 5368 1521 5418 7.
1557 5393 1620 5405 —
1643 5369 1665 5401 ⁰
1691 5367 1880 5431 fitted„

583 5467 732 5516 101.
774 5469 866 5516 lx.

3354 430 3472 493 417

1940 564 2128 633 tuum,
2158 558 2423 631 Domine,
2453 562 2509 616 et
2535 558 2628 616 lex
2654 562 2758 616 tua
2781 556 3086 616 meditatio
3114 574 3249 618 mea
3274 564 3362 618 est
3396 578 3410 617 ε
3440 582 3471 617 »

1941 670 2076 711 ecce
2123 652 2271 727 legis
2317 651 2654 725 meditatio,
2701 649 3177 726 concupiscibilis
3220 653 3479 728 comple-

1936 748 2076 806 tiva.

2584 817 2843 883 Epilogus.

2015 933 2160 992 Dicit
2188 950 2331 1007 ergo
2370 935 2693 1010 Propheta,
2724 933 2974 993 vivificae
3004 933 3296 993 charitatis
3323 932 3480 993 desi-'-

1943 1028 2176 1087 derium
2228 1029 2564 1103 exprimens
2615 1044 2725 1102 per
2772 1029 2896 1087 haec
2941 1029 3128 1087 verba
3172 1048 3187 1086 ε
3252 1030 3486 1087 Veniant

1941 1110 2110 1189 mihi,
2158 1122 2500 1181 charitatem
2549 1122 2873 1196 affectanti3
2925 1126 3294 1181 miserationes
3346 1128 3485 1194 tuae,

1944 1219 2049 1277 ubi
2079 1219 2267 1293 pietas
2296 1222 2478 1277 Deum
2505 1219 2823 1294 pacificans
2838 1240 2855 1293 3
2889 1226 2939 1277 et
2965 1224 3176 1291 vivam,
3206 1218 3311 1277 ubi
3348 1219 3487 1277 cha-

1944 1312 2083 1371 ritas
2109 1329 2280 1372 reum
2305 1314 2646 1387 vivificans3
2675 1318 2810 1388 quia
2835 1318 2923 1373 lex
2952 1320 3078 1386 tua,
3107 1314 3213 1373 uhi
3245 1314 3489 1389 aequitas

1947 1409 2131 1465 Deum
2156 1407 2498 1481 vindicans3
2528 1410 2807 1466 meditatio
2836 1425 2954 1466 mea
2989 1415 3101 1479 est,
3133 1406 3239 1466 ubi
3275 1406 3491 1465 veritas

1946 1518 2115 1559 reum
2142 1501 2412 1575 judicans
2441 1521 2457 1559 z
2490 1503 2659 1577 quasi
2690 1502 2850 1561 dicat
2879 1522 2892 1559 ε
2919 1502 3065 1572 Quia
3090 1502 3252 1560 venit
3274 1501 3490 1559 veritas

1947 1610 2055 1669 per
2088 1594 2251 1653 v'iam
2287 1596 2688 1655 meditationis
2727 1596 2807 1654 ad
2841 1595 3268 1654 vindicandum
3300 1610 3490 1670 reum,

1950 1693 2007 1745 et
2043 1688 2288 1763 aequitas
2334 1706 2441 1764 per
2480 1693 2643 1750 viam
2681 1692 3032 1765 legislatoris
3073 1690 3153 1750 ad
3184 1690 3489 1749 vindican-

1951 1782 2098 1840 dum
2127 1785 2308 1841 Deum
2317 1803 2337 1856 3
2367 1785 2566 1843 veniat
2591 1785 2776 1859 pietas
2815 1802 2923 1861 per
2962 1784 3123 1844 viam
3166 1785 3491 1843 miseratio-

1950 1876 2042 1933 nis
2090 1876 2170 1934 ad
2211 1877 2650 1951 pacificandum
2708 1882 2925 1949 Deum,
2977 1884 3033 1937 et
3086 1877 3339 1938 charitas
3386 1893 3495 1954 per

1951 1970 2114 2029 viam
2131 1969 2561 2043 justificationis
2590 1972 2671 2030 ad
2698 1971 3121 2032 vivificandum
3146 1989 3337 2031 reum.

2480 2193 2812 2239 vsnslcums
2839 2195 2956 2239 XIV.

2029 2348 2117 2403 78.
2164 2348 2579 2418 confundantur
2618 2351 2860 2421 superbi,
2902 2353 3011 2407 etc.
3055 2351 3293 2408 Tactum
3315 2354 3402 2409 est
3437 2351 3501 2411 in

1957 2438 2251 2498 versiculo
2272 2440 2575 2516 superiore
2592 2441 2667 2499 de
2692 2441 2938 2500 vivificae
2967 2441 3260 2500 charitatis
3275 2458 3499 2516 amore,

1960 2550 2142 2609 quem
2171 2535 2314 2609 quia
2342 2551 2468 2593 non
2489 2539 2774 2611 tanquam
2817 2540 3165 2611 praesentem
3195 2539 3497 2612 sentimuS‚

1963 2631 2246 2701 tanquam
2291 2627 2600 2687 absentem
2653 2628 2900 2702 sitimus,
2955 2634 3011 2687 et
3062 2630 3288 2689 utinam
3312 2629 3502 2690 inces-

1940 2721 2226 2779 ‘sabiliter
2296 2721 2580 2794 sitiamuS,
2624 2727 2689 2780 ut
2738 2722 2972 2781 sitiendi
3011 2722 3368 2797 assiduitate,
3433 2740 3502 2783 ac

1961 2814 2273 2873 hauriendi
2327 2815 2606 2874 aviditate
2662 2832 2895 2891 semper
2933 2816 2996 2873 in
3027 2815 3304 2876 charitate
3358 2834 3505 2876 cres·

1965 2912 2275 2968 camus.1n
2295 2910 2411 2971 hoc
2438 2925 2581 2968 vero
2605 2910 2971 2981 tangendum
3000 2911 3075 2969 de
3104 2910 3398 2969 charitatis
3420 2912 3505 2970 vi-

1965 3018 2130 3076 gore,
2160 3020 2340 3077 quem
2370 3003 2439 3078 (c)
2470 3003 2691 3063 debent
2712 3003 2920 3063 Christi
2949 3003 3164 3062 milites
3193 3004 3506 3064 vehemen-

1966 3099 2053 3155 ter
2077 3112 2297 3170 amare,
2327 3101 2383 3156 et
2412 3097 2626 3156 eodem
2653 3114 2715 3157 se
2745 3097 2990 3156 viriliter
3033 3114 3254 3172 amare,
3284 3102 3349 3158 ut
3373 3116 3507 3176 pos-

1967 3189 2082 3247 sint
2118 3190 2313 3249 dicere
2366 3207 2504 3250 cum
2545 3192 2837 3266 Propheta
2879 3210 2893 3248 z
2951 3193 3363 3261 Counmdantur
3413 3211 3508 3253 su-

1960 3286 2140 3357 perbi,
2173 3290 2282 3343 etc.
2297 3304 2316 3358 3
2347 3284 2518 3360 quasi
2558 3284 2716 3344 dicat
2751 3305 2765 3343 :
2798 3285 3244 3348 confundantur
3273 3305 3509 3348 accusa-

1966 3381 2145 3450 toreS,
2168 3377 2421 3451 judiceS,
2453 3381 2510 3435 et
2549 3381 2798 3438 tortores
2812 3399 2830 3452 3
2880 3380 3022 3454 quia
3066 3394 3191 3439 non
3234 3383 3508 3455 praevari-

1971 3473 2153 3536 cabor
2176 3473 2338 3547 leges
2391 3472 2743 3548 superiores.
2800 3479 3180 3538 Accusatores
3236 3476 3510 3538 dicuntur

1968 3565 2229 3641 superbi,
2253 3570 2495 3641 propter
2518 3566 2840 3642 superandi
2862 3568 3222 3628 desiderium
3233 3589 3254 3643 3
3278 3570 3512 3643 jndices

1967 3660 2192 3734 injusti,
2220 3663 2462 3735 propter
2513 3660 2805 3734 injustitiae
2862 3663 3267 3736 magisterium
3278 3682 3298 3737 3
3337 3667 3514 3723 torto-

1971 3769 2065 3814 res
2090 3753 2303 3829 iniqui,
2347 3758 2593 3831 propter
2623 3756 2949 3831 iniquitatis
2984 3756 3374 3817 ministerium
3383 3778 3402 3830 3
3427 3758 3511 3816 le-

1972 3863 2096 3923 ges,
2125 3847 2408 3908 mandata
2434 3849 2557 3922 Dei,
2586 3854 2828 3924 propter
2871 3849 3143 3910 divinum
3169 3851 3510 3928 imperium.

1973 3943 2116 4001 Ecce
2143 3945 2399 4017 quatuor
2425 3941 2657 4002 articuli
2681 3943 2862 4018 hujus
2889 3945 3185 4004 versiculi.

2468 4101 2740 4158 Articulus
2773 4103 3006 4175 primus.

2045 4229 2343 4297 Quantum
2368 4224 2447 4283 ad
2473 4224 2733 4300 primum
2748 4265 2769 4296 ,
2800 4224 3014 4284 dicitur
3045 4243 3060 4283 ε
3101 4226 3515 4298 consmdantur

1975 4321 2213 4395 superbi.
2242 4318 2338 4378 Isti
2392 4318 2635 4395 superbi
2688 4323 2824 4378 sunt
2874 4324 3243 4381 accusatores
3294 4323 3514 4397 acerbi,

1976 4417 2313 4474 accusantes
2350 4411 2635 4473 adversus
2659 4413 2875 4474 electos
2898 4415 3020 4487 Dei,
3049 4415 3153 4490 qui
3189 4415 3335 4475 dum
3373 4416 3518 4477 fidei

1978 4508 2281 4570 veritatem
2307 4507 2649 4566 truculentis
2680 4508 3007 4581 tormentis,
3056 4509 3226 4585 quasi
3266 4511 3519 4570 cruentis

1980 4602 2343 4678 argumentis
2363 4600 2707 4677 improbare
2736 4605 3049 4673 conantur,
3079 4602 3191 4679 ipsi
3218 4603 3519 4679 improba-

1980 4701 2136 4756 tores
2153 4695 2416 4771 improbi
2434 4693 2813 4769 improbitate
2827 4694 3073 4770 propria
3083 4695 3517 4771 improbantur,

1983 4796 2038 4850 et
2064 4791 2350 4862 volenteS,
2397 4804 2509 4846 nec
2547 4786 2811 4847 valentes
2865 4788 3122 4848 veritatis
3170 4792 3340 4849 testes
3382 4808 3521 4851 con-

1982 4884 2253 4956 fundere,
2284 4881 2626 4941 confusione
2653 4881 2898 4956 propria
2932 4882 3391 4945 confunduntur.
3419 4887 3520 4946 liic

1981 4984 2175 5056 potest
2195 4976 2386 5038 notari
2414 4977 2490 5036 de
2536 4975 2809 5051 superbis
2834 4975 3202 5052 hujusmodi,
3221 4981 3387 5055 qnod
3403 4997 3523 5041 me-
3617 4996 3761 5035 Aaou·

3574 5057 3741 5096 satores

3554 5112 3747 5170 superbi.

1985 5076 2096 5134 rito
2131 5071 2591 5141 confunduntur,
2646 5069 3002 5146 illuduntur,
3046 5076 3104 5131 et
3128 5072 3192 5132 in
3225 5075 3526 5136 caminum

1988 5235 2121 5287 xm,
2152 5227 2201 5275 9.
2228 5249 2291 5260 -
2316 5223 2338 5258 “¹
2373 5222 2411 5271 ΙΙ
2449 5218 2636 5280 paral„
2671 5231 2840 5282 xxm,
2883 5225 2959 5272 11.
2987 5246 3051 5259 —
3082 5221 3101 5251 ⁸
3125 5220 3264 5292 psal.
3290 5222 3422 5288 hoc,
3447 5228 3525 5277 Π.

1989 5322 2050 5335 -
2074 5298 2094 5326 ⁹
2128 5294 2272 5357 thid„
2301 5295 2381 5344 97.
2410 5317 2472 5329 —-
2502 5292 2545 5328 ¹⁰
2569 5289 2721 5356 lbid„
2757 5295 2868 5342 174.
2895 5317 2958 5328 -
2983 5293 3051 5357 (a)
3079 5292 3220 5345 Edit.
3261 5295 3375 5348 Ven.
3403 5297 3530 5351 eive.

1990 5398 2049 5408 —
2081 5366 2147 5433 (ὁ)
2182 5367 2302 5416 Item
2324 5363 2650 5416 formiter.-
2685 5365 2743 5428 (c)
2767 5364 2888 5413 Item
2912 5378 3083 5429 quam.

3216 5460 3294 5521 27
