4196 6294
575 4259 770 4302 veritatis

804 464 925 525 us

803 592 993 651 stolus
1024 588 1208 650 verba
1231 586 1570 647 seductoria
1601 589 1661 644 et
1690 599 1847 643 vana
1862 626 1884 656 ,
1916 583 2138 658 probat
2163 582 2350 641 verba

805 685 1010 744 divina
1042 699 1169 742 non
1195 698 1320 742 esse
1355 679 1717 750 seductoria,
1754 694 1953 752 neque
1978 693 2176 737 vana:
2212 692 2348 735 ecce

805 779 991 839 verba
1020 794 1146 838 non
1189 775 1553 846 seductoria,
1584 777 1868 847 tanquam
1913 787 2089 829 vana.
2135 773 2216 828 De
2259 786 2353 827 se·

806 872 1008 931 cundo
1037 874 1056 908 ²
1098 891 1115 929 :
1157 890 1186 926 α
1229 870 1457 929 Coelum
1483 871 1543 926 et
1577 873 1733 925 terra
1770 864 2107 923 transibunt
2116 884 2135 935 3
2166 862 2350 921 verba

780 972 1006 1029 ,autem
1043 981 1179 1023 mea
1203 980 1325 1022 non
1352 962 1685 1021 transibunt
1724 979 1739 1017 :
1777 980 1807 1015 ι
1850 974 1988 1018 ecce
2014 956 2201 1017 verba
2224 972 2349 1015 non

806 1060 1171 1131 transitoria,
1203 1063 1486 1133 tanquam
1525 1057 1854 1118 mundana.
1890 1057 1970 1113 De
2012 1053 2182 1112 tertio
2211 1051 2353 1110 dicit

804 1154 1111 1213 Psalmista
1132 1155 1156 1189 ²
1175 1171 1232 1211 τι
1254 1152 1556 1211 confirma
1571 1152 1747 1210 mein
1773 1149 1972 1208 verbis
1997 1148 2135 1217 tuis,
2152 1168 2181 1203 n
2205 1146 2309 1221 qui
2328 1148 2350 1182 ⁸

774 1294 783 1297 -
810 1266 841 1300 α
861 1248 1050 1306 verba
1072 1248 1202 1306 vitae
1217 1251 1447 1306 oeternae
1472 1246 1660 1304 habes
1683 1263 1697 1302 :
1720 1266 1750 1301 ι
1770 1260 1907 1303 ecce
1933 1240 2123 1301 verba
2142 1239 2355 1300 confir-

776 1341 1084 1412 ‚matoria,
1114 1346 1399 1416 tanquam
1420 1337 1927 1414 supermundana.

1446 1501 1704 1567 Epilogus.

875 1623 945 1679 Et
965 1620 1082 1680 hoc
1127 1624 1242 1692 est,
1273 1618 1439 1694 quod
1470 1617 1673 1693 psallit
1704 1615 2028 1691 Propheta,
2062 1617 2347 1688 tanquam

804 1729 1063 1789 persona
1104 1712 1185 1772 ad
1220 1728 1488 1772 amorem
1525 1710 1783 1769 veritatis
1823 1707 2170 1767 laetificantis
2213 1721 2351 1780 pro·

805 1813 1018 1867 vecta:
1068 1809 1177 1875 Qui
1232 1810 1421 1864 timent
1467 1811 1551 1877 te,
1591 1809 1883 1879 quantum
1932 1801 2012 1860 ad
2064 1815 2351 1876 pavorem

805 1900 1019 1976 populi
1065 1899 1438 1972 diffidentes3
1474 1899 1748 1957 Videbunt
1775 1914 1894 1968 me,
1931 1899 2222 1970 quantum
2271 1893 2351 1951 ad

807 1998 1114 2070 stuporem
1140 1994 1395 2052 videntis
1405 2012 1422 2064 3
1453 1994 1525 2050 Et
1565 1993 1923 2057 loetabtmtur,
1952 1994 2241 2064 quantum
2270 1987 2351 2045 ad

810 2088 1080 2148 favorem
1125 2088 1470 2158 arridentis,
1509 2086 1607 2145 vel
1643 2082 2068 2158 aggaudentis;
2115 2084 2257 2151 Quia
2291 2084 2354 2137 in

808 2184 968 2241 verba
1016 2188 1113 2239 tua
1158 2183 1564 2254 supersperavi,
1617 2181 1909 2253 quantum
1954 2176 2033 2234 ad
2083 2189 2352 2232 amorem

808 2275 1015 2334 famuli
1043 2274 1414 2333 confidentis.

1366 2496 1701 2542 vmlcums
1746 2495 1826 2538 11.

883 2663 971 2718 75.
989 2660 1241 2731 Cognovi,
1259 2659 1498 2727 Domine,
1511 2656 1641 2728 quia
1652 2650 2102 2723 muita-§jndicio
2112 2654 2230 2718 tua,
2241 2650 2351 2705 etc.

810 2753 1120 2812 Veritatem
1145 2750 1540 2818 indicantem,
1582 2752 1638 2805 et
1673 2744 2065 2803 laetificantem
2092 2741 2352 2810 vidistis,

807 2848 858 2904 si
912 2845 1176 2906 voluistis
1195 2886 1216 2915 ,
1266 2845 1329 2901 in
1374 2842 1613 2901 duobus
1659 2838 1928 2897 versibus
1979 2834 2349 2912 praenotatis3

806 2940 1113 3000 veritatem
1161 2938 1528 3012 Judicantem
1579 2934 1836 2993 videtote
1858 2975 1879 3005 ,
1922 2931 1972 2989 si
2025 2930 2235 3000 vultis,
2289 2928 2354 2986 in

808 3039 1013 3092 tenore
1066 3030 1407 3107 quadrifido
1459 3045 1665 3088 versus
1714 3024 2016 3102 praesentis
2035 3067 2054 3097 ,
2111 3023 2175 3080 in
2229 3037 2351 3097 quo

808 3126 1031 3188 relucet
1081 3125 1334 3186 veritatis
1381 3123 1585 3183 radius
1622 3120 1972 3180 indicativus
2027 3116 2352 3176 coelestium

809 3222 1214 3293 decretorum,
1243 3224 1301 3277 et
1324 3218 1528 3277 radius
1562 3216 1829 3290 ejusdem
1853 3211 2214 3287 indicativus
2239 3213 2354 3268 ter·

807 3317 1080 3375 restrium
1106 3313 1494 3372 delictorum:
1525 3326 1783 3386 quorum
1809 3308 2074 3383 primum
2101 3305 2354 3380 pertinet

810 3409 891 3468 ad
917 3407 1187 3467 notitiam
1204 3426 1222 3479 3
1254 3405 1604 3476 secundum,
1643 3403 1724 3463 ad
1746 3400 2030 3476 ,iustitiam
2048 3419 2068 3473 3
2093 3399 2350 3471 tertium,

809 3503 890 3563 ad
917 3501 1304 3575 sententiam,
1335 3503 1644 3575 quartum,
1674 3497 1755 3555 ad
1789 3496 2029 3555 inanem
2074 3493 2352 3568 gloriam.

1305 3658 1589 3716 Articulus
1624 3657 1851 3728 primus.

879 3788 969 3847 Ad
994 3786 1259 3863 primum
1284 3786 1525 3860 spectat,
1552 3783 1719 3858 quod
1743 3779 2035 3855 Propheta
2054 3777 2353 3853 praelibat:

815 3883 1071 3955 Goqnovi,
1100 3878 1574 3951 Domine,scilicet
1586 3876 1841 3934 veritatis
1866 3878 1981 3932 tuoe
2007 3872 2180 3932 radio
2208 3872 2359 3931 indi-

811 3978 1013 4036 cante:
1044 3976 1157 4035 nisi
1182 3974 1340 4033 enim
1367 3972 1571 4032 radius
1598 3970 1814 4029 divinae
1841 3967 2101 4027 veritatis
2126 3967 2190 4025 in
2217 3983 2356 4026 ocu-

774 4123 779 4130 .
809 4072 940 4131 lum
973 4070 1217 4130 rationis
1252 4067 1567 4136 incideret,
1605 4064 1852 4123 rationis
1881 4062 2089 4121 oculus
2114 4077 2239 4120 non
2266 4059 2357 4118 vi-

734 4209 760 4239 „
815 4165 999 4224 deret.
1033 4167 1100 4222 Et
1123 4167 1294 4233 nota,
1325 4161 1492 4237 quod
1518 4159 1815 4218 mediante
1839 4157 1957 4216 hoc
1981 4155 2242 4215 veritatis
2267 4169 2357 4214 ra-

815 4261 940 4334 dic,
972 4260 1145 4318 datur
1176 4256 1353 4316 alicui
1383 4259 1740 4313 secretorum
1767 4251 2060 4325 cognitio,
2087 4254 2358 4325 respectu

813 4355 936 4427 Dei,
963 4358 1230 4429 respectu
1269 4351 1384 4423 sui,
1420 4352 1692 4424 respectu
1730 4346 1989 4423 proximi
2008 4365 2026 4402 :
2065 4347 2357 4420 quantum

812 4447 894 4508 ad
926 4451 1206 4507 aeternam
1238 4442 1693 4520 proescientiam3
1732 4443 2024 4515 quantum
2060 4438 2140 4497 ad
2177 4438 2357 4496 inter-

812 4559 955 4603 nam
981 4541 1262 4616 gratiam:
1294 4542 1582 4615 quantum
1607 4536 1688 4595 ad
1712 4535 2031 4593 traternam
2060 4534 2359 4592 conscien-

812 4638 976 4699 tiam.
1002 4639 1084 4694 De
1109 4634 1308 4711 primo
1347 4648 1456 4706 per
1481 4630 1834 4706 Prophetam
1859 4627 2131 4702 psallitur
2147 4629 2206 4685 ⁸:
2243 4650 2271 4681 ι(
2295 4632 2360 4687 ln

812 4733 927 4792 hoc
973 4729 1256 4804 cognovi,
1300 4726 1587 4801 quoniam
1622 4723 1861 4783 voluisti
1900 4739 2032 4796 me;
2071 4722 2358 4798 quoniam

812 4843 938 4888 non
963 4823 1249 4900 gaudebit
1272 4821 1548 4879 inimicus
1576 4834 1748 4877 meus
1773 4833 1952 4893 super
1976 4832 2104 4889 me;
2129 4836 2160 4872 n
2187 4817 2359 4891 quasi

816 4921 974 4980 dicat
999 4920 1200 4992 aperte
1231 4935 1247 4973 :
1277 4919 1341 4974 ln
1366 4914 1483 4973 hoc
1518 4912 1775 4985 cognovi
1801 4910 2168 4970 voluntatem
2195 4914 2360 4968 tuam

817 5013 1177 5083 electricem,
1206 5010 1373 5086 quod
1410 5007 1596 5067 fecisti
1624 5006 1989 5065 voluntatem
2013 5021 2214 5064 meam
2239 5004 2362 5062 vic-

817 5109 1040 5168 tricem.
1088 5106 1362 5167 Probatio
1399 5104 1561 5164 enim
1610 5101 1911 5162 electionis
1926 5142 1947 5171 ,
1988 5104 2075 5158 est
2116 5100 2362 5176 propul-

818 5204 968 5262 satio
1014 5200 1369 5262 tentationis.
1426 5202 1571 5258 Ecce
1620 5196 1881 5270 cognitio
1934 5198 2165 5253 aeternoe
2213 5209 2363 5269 prae-

884 5332 897 5359 ¹
927 5329 1062 5389 Luc„
1098 5338 1219 5392 111,
1261 5330 1342 5379 33.
1380 5353 1435 5364 -
1471 5327 1495 5361 ²
1521 5323 1656 5376 Psal.
1689 5324 1819 5386 boc,
1848 5324 1928 5374 38.
1956 5348 2021 5361 —
2051 5323 2072 5353 ⁸
2098 5322 2263 5383 loon„
2288 5332 2361 5384 vt,

820 5407 899 5458 69.
932 5429 986 5440 —
1023 5402 1045 5439 ⁸
1077 5400 1214 5453 Psal.
1244 5411 1333 5462 xp,
1370 5402 1448 5450 ¹2.
1477 5424 1540 5436 —
1574 5398 1597 5432 ⁸
1620 5397 1757 5449 Paul.
1795 5407 1879 5460 nv,
1911 5396 1989 5446 10.
2015 5421 2077 5432 —
2106 5394 2128 5429 ⁸
2159 5396 2362 5458 let-em„

1854 446 2271 516 EXPOSITIO
2311 446 2391 514 ΙΝ
2434 446 2964 517 PSALTERIUM.

2460 582 2734 642 scientiae.
2765 587 2844 643 De
2871 585 3135 645 secundo
3160 600 3269 661 per
3294 584 3656 646 psalmistam
3681 587 3888 646 canitur
3906 589 3952 645 ⁸:

2465 695 2497 731 α
2522 678 2585 735 ln
2611 694 2990 755 quacumque
3019 680 3118 738 die
3144 680 3501 740 invocavero
3523 684 3602 751 te,
3628 697 3758 740 ecce
3776 697 3958 755 cogno-

2460 770 2544 842 vi,
2555 771 2842 845 quoniam
2860 775 3012 831 Deus
3029 789 3198 831 meus
3213 790 3277 831 es
3285 793 3304 846 ;
3325 795 3354 829 n
3379 789 3449 831 ac
3462 772 3511 831 si
3526 773 3684 832 dicat
3699 791 3955 849 expresse:

2461 866 2752 934 Quoniam
2776 866 3075 925 invocanti
3102 882 3337 940 semper
3364 866 3533 938 ades,
3558 868 3806 941 cognovi
3822 868 3958 942 quod

2458 973 2568 1031 per
2611 959 2861 1030 gratiam
2900 960 3328 1020 inhabitantem
3365 977 3601 1020 mecum
3646 978 3726 1019 οε.
3763 961 3959 1036 Experi-

2460 1057 2727 1112 mentum
2750 1055 2910 1113 enim
2954 1055 3169 1113 divinae
3211 1056 3653 1128 familiaritatis,
3690 1073 3960 1130 argumen-

2463 1151 2590 1205 tum
2618 1150 2706 1233 est
2731 1148 3044 1207 charitatis.
3064 1152 3209 1208 Ecce
3238 1150 3496 1223 cognitio
3516 1151 3754 1208 internoe
3778 1151 3961 1224 gratim.

2462 1245 2542 1300 De
2578 1242 2777 1316 tertio,
2813 1243 2920 1301 ubi
2953 1242 3095 1301 dicit
3132 1243 3423 1318 Propheta
3455 1243 3707 1302 Domino
3734 1245 3790 1301 ⁸:
3820 1263 3849 1298 ι
3878 1246 3964 1316 Tu,

2462 1336 2739 1409 Domine,
2767 1336 3181 1396 demonstrasti
3206 1337 3382 1410 mihi,
3423 1342 3480 1398 et
3506 1337 3789 1412 cognovi3
3811 1342 3868 1395 tu
3886 1354 3964 1395 os·

2462 1432 2695 1491 tendisti
2720 1432 2868 1491 mihi
2892 1433 3088 1491 studia
3114 1449 3346 1504 eorum,
3374 1453 3404 1488 w
3437 1432 3659 1492 scilicet
3692 1431 3967 1491 sententias

2463 1527 2821 1600 animorum,
2851 1543 2957 1586 seu
2981 1527 3367 1586 conscientias
3386 1527 3828 1602 proximorum:
3855 1540 3964 1583 ecce

2462 1619 2721 1693 cognitio
2746 1619 3016 1680 fraterna:
3040 1621 3432 1682 conscientiae.

2934 1779 3220 1836 Artis-ulus
3253 1778 3535 1837 secundus.

2534 1902 2624 1961 Ad
2650 1902 2979 1962 secundum
3016 1905 3281 1979 respicit,
3321 1904 3488 1980 quod
3523 1903 3719 1963 littera
3753 1916 3969 1976 sequens

2464 1996 2642 2055 dicit:
2677 1998 2824 2064 Quia
2848 2002 3077 2072 oequitas
3100 1999 3313 2071 judicia
3338 2004 3455 2055 tua.
3486 1999 3602 2055 Ista.
3628 2010 3876 2071 namque
3889 1994 3967 2067 ju-

2464 2090 2619 2149 dicia
2644 2096 2779 2149 sunt
2804 2091 3040 2151 decreta
3066 2092 3342 2164 coelestia,
3366 2108 3499 2166 quoe
3528 2091 3801 2149 dicuntur
3822 2089 3970 2163 tequi-

2464 2190 2580 2258 ωε,
2607 2202 2731 2245 non
2763 2192 3027 2261 aequata,
3061 2188 3206 2262 quia
3230 2203 3354 2245 non
3392 2186 3639 2244 aliunde
3673 2187 3968 2258 Ῑωεὴῖωεα,

2464 2296 2649 2354 quam
2673 2297 2769 2354 per
2793 2284 3002 2353 seipsa,
3032 2280 3202 2353 juxta
3241 2280 3494 2337 verbum
3532 2273 3967 2354 propheticum⁷,

2466 2377 2526 2432 et
2547 2373 2688 2432 ideo
2723 2393 2752 2427 α
2778 2373 3199 2432 desiderabilia
3222 2388 3403 2447 super
3437 2388 3685 2444 aurum,
3728 2377 3783 2430 et
3808 2368 3972 2429 dulcia

2465 2483 2643 2541 super
2667 2467 2890 2526 favum.
2922 2488 2950 2522 n
2974 2470 3041 2525 Et
3063 2470 3226 2540 nota,
3254 2466 3422 2541 quod
3447 2466 3572 2524 haec
3600 2448 3851 2538 decreta,
3874 2464 3970 2522 sive

2459 2560 2717 2633 judicia,
2746 2560 3004 2619 decrevit
3026 2560 3280 2634 justitia,
3317 2560 3541 2635 sprevit
3562 2558 3865 2634 injustitia,
3888 2558 3970 2616 im·

2462 2654 2647 2729 plevit
2672 2654 3027 2714 innocentia.
3051 2653 3290 2725 Quaeris,
3320 2655 3490 2729 qum?
3515 2658 3605 2712 An
3632 2654 3838 2725 nescis,
3860 2652 3974 2727 quia

2466 2747 2833 2806 dominicum
2857 2752 2944 2807 est
2964 2749 3070 2807 illa
3097 2749 3436 2817 decernere,
3459 2746 3825 2806 diabolicum
3848 2760 3974 2821 sper·

2463 2857 2605 2900 nere
2619 2884 2640 2913 ,
2681 2842 3011 2915 angelicum
3053 2841 3413 2915 adimplere?
3458 2843 3776 2915 Propterea
3813 2837 3976 2916 psallit

2463 2936 2753 3009 Propheta
2785 2937 2860 2994 de
2888 2935 3084 3010 primo
3107 2937 3168 2994 ⁸:
3203 2957 3232 2989 ι
3260 2937 3323 2994 ln
3364 2938 3654 2993 aeternum
3693 2934 3883 2996 omnia
3899 2932 3974 3005 ju·

2464 3028 2622 3088 dicia
2641 3029 2877 3103 justitioe
2901 3031 3040 3087 tuae.
3064 3050 3094 3084 n
3123 3028 3404 3099 Quisnam
3428 3033 3626 3103 potest
3648 3035 3855 3088 aetema
3876 3024 3975 3083 dic-

2462 3128 2588 3184 tare
2616 3125 2870 3199 judicia,
2893 3124 3007 3184 nisi
3036 3129 3252 3185 aeterna
3275 3123 3545 3199 justitia?
3573 3127 3792 3184 lterum
3821 3122 3889 3182 de
3909 3134 3977 3178 se·

2465 3220 2664 3278 cundo
2692 3222 2749 3277 ⁹:
2781 3243 2812 3273 «ι
2838 3219 3114 3296 Sprevisti
3143 3235 3352 3278 omnes
3383 3219 3759 3280 discedentes
3798 3236 3835 3277 a
3851 3214 3976 3291 judi-

2465 3317 2570 3375 ciis
2605 3317 2750 3388 tuiS,
2782 3317 2926 3391 quia
2961 3317 3175 3391 injusta
3206 3316 3486 3390 cogitatio
3523 3332 3771 3375 eorum:
3801 3334 3828 3368 ι
3858 3325 3977 3387 quo·

2462 3425 2623 3481 rum,
2640 3409 2753 3468 nisi
2781 3410 3093 3484 spirituum
3111 3410 3598 3484 apostaticorum,
3627 3409 3774 3485 quia
3786 3404 3977 3481 iudicia

2463 3502 2658 3562 felicia
2696 3505 3076 3578 spreverunt,
3116 3507 3174 3561 et
3207 3502 3435 3576 judicia
3477 3502 3743 3562 infelicia
3782 3514 3975 3560 merue-

2464 3601 2620 3656 runt.
2649 3602 2872 3657 Rursus
2899 3597 2976 3655 de
3014 3598 3183 3656 tertio
3213 3598 3293 3654 ¹⁰:
3330 3615 3360 3651 α
3385 3603 3431 3656 Α
3452 3597 3699 3670 judiciis
3737 3597 3843 3656 tuis
3877 3607 3976 3652 non

2466 3691 2790 3764 declinavi,
2828 3693 2971 3766 quia
3006 3696 3071 3751 tu
3110 3692 3302 3766 legem
3343 3693 3593 3767 posuisti
3637 3692 3819 3750 mihi:
3851 3710 3881 3745 ι
3902 3685 3975 3744 cui

2463 3801 2754 3861 namque,
2800 3802 3036 3861 quac,
3086 3786 3277 3861 magis
3319 3786 3436 3845 hoe
3485 3788 3785 3861 congruit,
3827 3795 3976 3859 quam

2467 3879 2748 3954 angelicae
2788 3881 3077 3940 sanctitati
3095 3882 3125 3936 ¹?
3151 3881 3270 3941 Sed
3305 3880 3608 3955 numquid
3645 3879 3838 3954 angeli
3870 3877 3977 3933 sunt

2466 3974 2579 4032 sub
2624 3973 2798 4047 lege?
2841 3974 3046 4048 Utique
3057 3994 3077 4048 5
3118 3975 3223 4033 sed
3261 3973 3547 4033 libertatis
3585 3973 3854 4048 perfecta»
3865 4012 3884 4042 ‚
3918 3966 3975 4024 de

2470 4085 2595 4143 qua
2618 4067 2894 4126 scribitur
2918 4068 2997 4126 ab
3028 4069 3353 4142 Augustino
3380 4067 3460 4127 ¹¹:
3497 4088 3526 4123 α
3559 4069 3821 4127 Libertas
3842 4059 3977 4123 nulla

2468 4179 2612 4221 vera
2652 4165 2774 4234 est,
2813 4162 2928 4222 nisi
2960 4162 3294 4235 bonorum,
3322 4167 3381 4222 et
3414 4163 3537 4237 legi
3562 4157 3979 4223 aeternaeadlm·

2469 4257 2744 4315 rentium.
2774 4277 2802 4310 »ι

2973 4331 3256 4388 Articulus
3293 4333 3503 4388 tertius.

2541 4446 2629 4506 Ad
2664 4446 2896 4505 tertium
2923 4446 3190 4521 refertur,
3233 4446 3400 4522 quod
3430 4444 3825 4506 subinfertur:
3852 4443 3915 4501 Bt
3934 4441 3980 4495 in

2469 4545 2702 4598 veritate
2732 4545 2846 4597 tua.
2885 4541 3012 4609 Qua
3051 4542 3335 4599 veritate?
3379 4543 3509 4600 Non
3544 4541 3867 4611 indicante,
3899 4530 3984 4592 sed

2467 4634 2801 4707 judicante3
2824 4649 2949 4693 non
2976 4633 3174 4692 indice
3203 4634 3484 4707 scientiae,
3513 4633 3621 4694 sed
3643 4634 3844 4709 jndice
3865 4641 3984 4688 con·

2476 4727 2750 4786 scientim.
2781 4728 2881 4786 Hic
2919 4731 3006 4786 est
3039 4728 3298 4786 veritatis
3331 4729 3563 4799 radius,
3589 4744 3720 4789 non
3756 4721 3989 4803 specula·

2478 4821 2635 4881 tivus
2650 4865 2671 4896 ,
2706 4822 2815 4881 sed
2851 4823 3104 4896 activus3
3142 4839 3266 4881 non
3311 4822 3665 4881 indicativus
3700 4818 3989 4881 coelestium

2485 4916 2857 4977 decretorum
2872 4959 2893 4990 ,
2935 4917 3043 4975 sed
3071 4917 3431 4991 judicativus
3455 4916 3814 4976 terrestrium
3838 4910 3989 4973 delio·

2484 5015 2702 5069 torum.
2730 5014 2799 5068 Et
2822 5013 2965 5069 nota
2991 5010 3066 5069 de
3093 5011 3335 5069 veritate
3352 5010 3680 5086 proposita,
3705 5008 3867 5086 quod
3888 5008 3992 5081 ipsa

2480 5103 2776 5175 judicium
2802 5103 3026 5177 educit,
3059 5105 3286 5177 justum
3318 5104 3587 5176 deducit,
3611 5105 3681 5164 in
3705 5111 3990 5180 supernam

2482 5263 2559 5316 ιι,
2588 5254 2667 5302 ¹8.
2688 5277 2753 5291 —
2779 5254 2796 5284 ⁷
2825 5252 2962 5306 Paul.
2992 5265 3142 5317 xvni,
3175 5256 3254 5317 w,
3288 5256 3368 5307 ss.
3392 5278 3455 5291 ·-
3480 5254 3499 5284 ⁸
3517 5251 3659 5305 Ρεαι.
3682 5253 3804 5316 hoc,
3832 5251 3990 5300 ¹6⁰.-

2476 5322 2685 5448 Iiblbild„
2713 5327 2820 5376 1¹8.
2849 5349 2912 5364 -·
2941 5326 2985 5363 ²·
3017 5323 3170 5389 ibid„
3197 5327 3303 5375 102.
3334 5350 3389 5362 —
3421 5325 3461 5360 ¹¹
3490 5327 3642 5389 Aug„
3670 5323 3734 5375 de
3757 5320 3846 5374 lib.
3871 5315 3989 5378 Art„
