4196 6294
762 462 881 523 354
1060 532 1069 539 .
1804 447 2216 518 mosmo
2255 452 2334 519 m
2377 452 2900 523 psummm

766 612 795 645 a
838 596 965 651 Non
1004 608 1303 651 cessamus
1342 608 1454 668 pro
1498 590 1671 650 vobis
1714 594 1949 649 orantes
1989 594 2047 648 et
2088 594 2295 666 postn-

760 687 976 758 lante⁸‚
1002 691 1069 745 ut
1102 685 1470 759 impleamini
1513 685 1813 759 agnitione
1841 685 2005 757 ejus,
2036 683 2098 742 in
2130 685 2296 743 omni

758 779 1044 853 sapientia
1100 784 1160 837 et
1198 779 1495 838 intellectu
1521 778 1789 854 spiritali.
1818 800 1848 831 ι
1882 777 2170 852 Equidem
2202 778 2291 835 in·

759 874 994 933 tellecta
1050 874 1295 949 spiritali
1344 873 1621 948 impletur
1656 913 1676 944 ,
1723 873 1817 929 cui
1846 871 2076 930 donum
2120 872 2292 930 intel·

760 966 943 1027 lectus
970 967 1248 1026 divinitus
1273 966 1610 1042 inspiratur.

1232 1129 1505 1183 articulus
1538 1126 1815 1184 secundm.

833 1252 1328 1314 considerationis
1350 1252 1599 1311 virilitas
1624 1252 1959 1324 denotatur,
1986 1270 2126 1312 cum
2152 1254 2292 1312 dici-

760 1354 889 1409 tur:
920 1353 989 1407 131
1018 1349 1293 1407 scrutabor
1320 1351 1485 1421 leuem
1514 1355 1683 1406 mann.
1720 1348 1987 1408 Arduum
2019 1350 2180 1408 enim
2206 1354 2294 1408 est

756 1443 903 1517 legis
928 1442 1310 1513 scrutinium,
1332 1443 1411 1500 ad
1449 1443 1617 1517 quod
1661 1458 1783 1501 non
1828 1442 2044 1501 sufficit
2076 1444 2290 1502 buma-

757 1553 902 1597 uum
930 1537 1234 1611 ingenium
1246 1557 1266 1610 ;
1295 1537 1402 1595 sed
1445 1537 1774 1610 coexigitur
1815 1536 2085 1596 divinum
2110 1539 2286 1598 bene·

756 1631 959 1691 ficium
998 1651 1015 1701 ;
1063 1631 1224 1690 unde
1279 1630 1561 1689 nimirum
1615 1635 1997 1690 scrutatorem
2044 1633 2290 1708 requirit

758 1729 1081 1782 strenuum.
1131 1727 1197 1781 Et
1239 1728 1410 1796 nota,
1457 1725 1625 1798 quod
1669 1724 1801 1782 talis
1842 1729 2005 1783 actus
2043 1742 2168 1784 non
2202 1731 2290 1784 est

756 1816 1079 1888 humanus,
1127 1818 1233 1874 sed
1283 1817 1519 1875 divinus
1548 1861 1567 1889 ,
1611 1822 1668 1875 et
1710 1823 1905 1879 tamen
1945 1820 2289 1879 hominibus

759 1915 1126 1984 opportunus
1148 1914 1424 1985 :propter
1448 1912 1707 1985 primum
1722 1956 1740 1984 ,
1770 1912 2085 1986 mirabilis;
2105 1930 2288 1988 prop·

758 2008 845 2062 ter
889 2004 1214 2062 secundum
1240 2046 1258 2073 ,
1306 2005 1697 2077 venerabilis3
1740 2010 1983 2081 propter
2017 2006 2285 2079 tertium,

759 2096 1184 2156 desiderabilis.
1229 2102 1306 2157 De
1350 2101 1546 2174 primo
1578 2102 1593 2137 ¹
1629 2119 1644 2158 :
1685 2121 1712 2153 α
1737 2088 1879 2158 Ecc'e
1922 2103 2069 2158 Deus
2095 2101 2286 2160 excel-

758 2208 857 2251 sus
883 2191 945 2249 in
980 2191 1316 2250 fortitudine
1361 2209 1507 2264 sua,
1545 2199 1603 2252 et
1642 2194 1842 2252 nullus
1886 2194 1941 2252 ei
1985 2194 2192 2253 similis
2225 2197 2286 2254 in

754 2284 1203 2358 legislatoribus,
1239 2287 1378 2356 Quis
1401 2288 1615 2361 poterit
1636 2289 1877 2347 scrutari
1905 2288 2030 2347 vias
2059 2289 2225 2361 ejus?
2251 2312 2280 2344 n

754 2380 928 2437 Plane
968 2381 1171 2436 excelsa
1220 2380 1319 2437 Dei
1371 2381 1638 2450 fortitudo
1671 2385 1786 2448 est,
1826 2399 1959 2457 quae
2010 2383 2285 2441 bumanae

752 2471 963 2529 mentis
1007 2471 1437 2546 simplicitatem
1484 2474 1561 2531 ad
1604 2475 2030 2549 speculandam
2069 2476 2284 2535 divinae

752 2564 1151 2638 dispositionis
1214 2567 1635 2626 sublimitatem
1703 2569 2013 2627 sublevare
2071 2574 2282 2645 potest.

750 2660 948 2715 Nullus
968 2663 1020 2717 ei
1045 2661 1248 2717 similis
1283 2665 1345 2717 in
1383 2664 1808 2735 leqislatoribus,
1834 2664 2123 2737 quoniam
2168 2664 2284 2722 boc

748 2750 874 2810 fleri
907 2769 1030 2811 non
1056 2758 1247 2828 potest
1271 2755 1628 2814 humanitus.
1654 2756 1787 2824 Quis
1809 2774 1929 2830 erqo
1955 2759 2287 2829 scrutabitur:

748 2851 865 2903 vias
915 2849 1063 2919 ejus,
1118 2850 1324 2923 supple
1350 2891 1368 2919 ,
1425 2848 1536 2907 nisi
1583 2849 1915 2908 sublevetur
1963 2850 2283 2909 divinitus?

748 2942 891 2998 Ecce
931 2940 1219 2999 mirabilis
1263 2942 1563 3001 scrutandi
1592 2948 1782 3014 actus,
1827 2943 1967 3018 quia
2013 2960 2138 3003 non
2175 2945 2284 3002 hu·

746 3050 979 3093 manus.
1028 3038 1105 3093 De
1133 3037 1394 3094 secundo
1420 3041 1483 3094 ²:
1522 3058 1549 3091 α
1588 3037 1832 3113 Spiritus
1870 3038 2072 3096 omnia
2115 3056 2279 3097 scru—

746 3131 917 3200 tatur,
948 3128 1124 3188 etiam
1164 3130 1462 3204 profunda
1507 3133 1625 3189 Dei.
1677 3130 1814 3202 Quis
1859 3130 2016 3190 enim
2044 3134 2150 3191 scit
2175 3133 2282 3191 ho-

744 3223 973 3281 minum
1014 3241 1146 3298 quae
1189 3227 1325 3282 sunt
1349 3225 1640 3298 bominiS,
1670 3226 1782 3283 nisi
1822 3225 2055 3300 spiritus
2090 3227 2281 3285 homi-

744 3315 867 3388 nis,
897 3316 1000 3391 qui
1029 3316 1089 3374 in
1116 3317 1245 3390 ipso
1270 3323 1356 3376 est
1375 3320 1403 3374 Ἰ
1431 3322 1512 3377 lta
1541 3327 1598 3377 et
1625 3335 1756 3393 qua:
1784 3318 1881 3377 Dei
1906 3324 2069 3391 sunt,
2101 3336 2277 3378 nemo

745 3409 1078 3483 cognoscit,
1108 3411 1218 3468 nisi
1248 3411 1483 3484 spiritus
1512 3412 1628 3470 Dei.
1657 3415 1769 3470 Nos
1795 3415 1992 3470 autem
2017 3429 2139 3472 non
2163 3414 2276 3472 hu-

738 3502 835 3574 Jus
876 3503 1086 3561 mundi
1131 3503 1403 3578 spiritum
1452 3505 1831 3580 accepimus»,
1859 3506 1966 3563 sed
2008 3507 2277 3581 spiritum

744 3597 846 3672 qui
877 3613 948 3654 ex
987 3601 1100 3655 Deo
1144 3601 1258 3668 est,
1287 3603 1351 3657 ut
1392 3597 1645 3657 sciamus
1690 3616 1822 3674 quae
1849 3617 1887 3659 a
1916 3604 2031 3659 Deo
2060 3601 2279 3659 donata

743 3694 878 3748 sunt
912 3691 1104 3749 nobis.
1136 3712 1163 3743 n
1197 3696 1275 3750 Ac
1303 3692 1350 3749 si
1392 3696 1590 3767 aperte
1630 3693 1848 3752 diceret
1875 3714 1889 3751 :
1919 3694 2164 3769 Spiritus
2189 3694 2277 3752 di-

742 3784 916 3841 vinus
954 3789 1240 3843 scrutatur
1276 3792 1499 3844 secreta
1528 3788 1733 3845 divina
1760 3833 1776 3853 ,
1808 3787 1955 3846 sicut
1979 3789 2277 3848 humanus

742 3877 1041 3950 humana;
1073 3882 1129 3936 et
1176 3881 1375 3938 tamen
1432 3880 1529 3939 ille
1586 3882 1869 3955 spirituS,
1917 3883 2019 3955 qui
2074 3884 2276 3943 divina

743 3976 1056 4046 scrutatur,
1086 3974 1425 4033 hominibus
1452 3975 1804 4052 inspiratur,
1834 3982 1899 4035 ut
1925 3978 2129 4036 divina
2157 3979 2276 4037 dis-

741 4067 953 4142 positio
982 4068 1058 4126 ab
1089 4069 1433 4128 hominibus
1473 4072 1872 4146 dignoscatur.
1913 4077 2055 4132 Ecce
2094 4067 2276 4132 'vene-

741 4161 946 4219 rabilis
974 4164 1270 4222 scrutandi
1315 4170 1477 4224 actus
1493 4209 1513 4238 ,
1543 4168 1685 4241 quia
1712 4168 1968 4226 divinus,
2004 4174 2078 4226 Dc
2108 4171 2274 4228 tertio

742 4255 1014 4314 scribitur
1043 4259 1064 4292 ³
1096 4275 1110 4314 :
1147 4278 1175 4313 α
1204 4260 1392 4332 Beati,
1429 4260 1531 4334 qui
1568 4265 1896 4319 scrutantur
1942 4262 2277 4323 testimonia

742 4349 886 4422 ejus.
917 4371 944 4404 u
986 4354 1127 4410 Ecce
1156 4352 1567 4412 desiderabilis
1593 4355 1893 4413 scrutandi
1919 4361 2101 4427 actuS,
2133 4358 2276 4430 quia

740 4442 1081 4502 hominibus
1125 4449 1513 4521 opportunus,
1540 4447 1692 4517 Quid
1722 4447 1879 4505 enim
1907 4448 2272 4508 desiderabi-

740 4535 886 4607 lius,
914 4537 1061 4612 quid
1100 4539 1492 4614 opportunius
1534 4540 1796 4612 homini,
1823 4557 2007 4617 quam
2044 4543 2274 4603 beatifi-

741 4646 770 4686 c
845 4631 902 4689 ’ξ’
2050 4663 2055 4668 ·

774 4647 859 4689 an
1237 4706 1518 4762 Articulus
1558 4709 1768 4763 tertius.

809 4821 1304 4880 considerationis
1352 4823 1570 4881 utilitas
1616 4828 1968 4896 annotatur,
2011 4843 2148 4884 cum
2191 4843 2273 4884 se-

739 4915 937 4988 quitur
966 4933 980 4972 :
1015 4918 1080 4971 Bt
1108 4917 1404 4972 custodiam
1432 4919 1605 4976 illam.
1652 4917 1805 4975 Nihil
1850 4919 2006 4976 enim
2030 4920 2274 4993 prodest

739 5008 944 5066 notitia
969 5009 1226 5067 veritatis
1239 5052 1258 5081 ,
1293 5009 1397 5067 ubi
1439 5011 1601 5068 deest
1643 5011 1910 5069 custodia
1956 5007 2267 5070 charitatis.

738 5101 983 5159 Planum
1011 5103 1232 5178 quippo
1259 5107 1363 5174 est,
1383 5103 1526 5178 quia
1553 5103 1601 5160 si
1632 5103 1879 5163 charitas
1909 5105 2093 5177 abest,
2124 5106 2269 5163 nihil

738 5195 979 5270 prodest
1006 5197 1299 5271 quidquid
1328 5197 1511 5255 adest.
1544 5201 1608 5255 Et
1629 5203 1764 5256 nota
1780 5242 1798 5271 ,
1825 5198 1991 5273 quod
2016 5204 2102 5257 est
2138 5217 2272 5274 per-

805 5318 946 5381 ¹Job,
971 5333 1144 5382 xxxvi,
1172 5324 1252 5385 22,
1281 5323 1361 5371 23.
1379 5346 1442 5359 —
1468 5323 1486 5353 ²
1512 5320 1528 5370 l
1559 5320 1696 5387 Cor„
1730 5334 1787 5385 11,
1826 5326 1985 5374 1042.
2008 5351 2063 5360 —
2088 5323 2111 5357 ⁸
2133 5324 2270 5373 Psal.

741 5389 864 5452 hoc,
893 5393 942 5440 2.
980 5415 1032 5427 -
1071 5391 1088 5420 ⁴
1118 5392 1282 5453 Prov„
1314 5403 1401 5452 ιιι,
1430 5395 1507 5444 21.
1544 5417 1606 5431 -
1646 5394 1663 5423 ⁸
1700 5395 1862 5454 Prov„
1895 5406 2091 5457 xxvm,
2124 5397 2172 5444 7.
2207 5421 2271 5434 -

2402 589 2694 650 utilenon
2721 596 3929 671 tanmmlegemscire‚sedetcustodire,

2400 684 2548 743 sicut
2590 686 2878 760 probatur
2920 690 3134 765 triplici
3175 692 3435 775 ratione,
3465 691 3742 750 videlicet
3789 693 3929 766 quia

2401 777 2660 837 vivificat
2687 824 2709 849 ,
2751 781 2896 855 quia
2937 784 3363 859 sapientificat,
3401 786 3553 860 ‘quia
3594 785 3926 844 beatificat:

2402 888 2659 944 quorum
2680 874 2941 947 primum
2966 879 3218 950 pertinet
3235 880 3314 936 ad
3341 880 3780 952 purgationem,
3798 895 3927 953 ηοω

2400 964 2467 1022 fit
2491 982 2598 1040 per
2637 967 3142 1041 justificationem3
3172 972 3500 1029 secundum
3527 1014 3549 1041 ‚
3585 972 3667 1029 ad
3710 972 3927 1029 illumi·

2400 1058 2731 1131 nationem,
2759 1078 2892 1136 quae
2911 1062 2979 1120 fit
3002 1080 3110 1138 per
3134 1064 3639 1137 informationem;
3674 1066 3924 1137 tertium,

2399 1152 2480 1210 ad
2506 1156 3108 1227 consummationem,
3135 1176 3270 1233 quae
3307 1161 3372 1216 fit
3409 1175 3518 1234 per
3555 1158 3929 1216 beatitudinis

2399 1249 2882 1322 expectationem.
2929 1254 3007 1308 De
3039 1254 3235 1328 primo
3265 1251 3325 1311 ⁸:
3377 1273 3407 1307 ιι
3451 1253 3693 1311 custodi
3739 1253 3928 1327 legem

2396 1358 2595 1400 meam
2619 1347 2797 1418 atque
2831 1346 3143 1405 consilium
3180 1364 3417 1420 meum,
3446 1353 3507 1405 et
3530 1348 3638 1405 erit
3662 1348 3785 1404 vita
3809 1350 3931 1406 ani-

2397 1452 2510 1492 mae
2537 1439 2651 1494 tuas
2679 1454 2696 1493 ε
2725 1457 2754 1491 ι
2777 1441 2940 1511 leoena
2964 1440 3128 1512 dicit,
3156 1446 3446 1515 quantum
3466 1439 3547 1498 ad
3573 1442 3923 1514 ueooesariae

2397 1533 2698 1599 omilium,
2716 1536 3004 1607 quantum
3024 1534 3105 1591 ad
3122 1535 3456 1593 voluntaria
3479 1533 3739 1592 instituta
3757 1555 3775 1590 ε
3795 1551 3925 1592 ecee

2399 1625 2667 1683 custodia
2681 1625 2831 1700 legis
2845 1628 3170 1685 vivificans.
3189 1632 3266 1687 De
3283 1629 3577 1687 secundo⁸
3596 1647 3612 1685 :
3636 1649 3664 1680 ι
3678 1629 3790 1697 Qui
3806 1645 3926 1685 cus-

2396 1716 2547 1775 todit
2572 1717 2795 1791 legem,
2822 1719 2979 1777 filius
3005 1723 3242 1794 sapiens
3276 1727 3361 1779 est
3392 1741 3407 1779 ε
3436 1742 3465 1776 ι
3499 1739 3636 1780 ecce
3662 1723 3925 1779 custodia

2396 1812 2543 1885 legis
2582 1813 3043 1886 sapientificans.
3078 1819 3154 1873 De
3197 1816 3365 1874 tertio
3388 1818 3409 1850 ⁸
3440 1834 3455 1872 :
3481 1817 3638 1886 «Qui
3677 1816 3926 1874 custodit

2394 1904 2625 1978 legem,
2655 1907 2863 1964 beatus
2887 1913 2971 1965 est
3000 1926 3015 1964 ε
3050 1929 3079 1962 ιι
3111 1926 3248 1968 ecce
3271 1910 3537 1969 custodia
3565 1911 3712 1985 legis
3739 1910 3921 1968 beati-

2396 1997 2602 2056 ficans.

2877 2077 3160 2132 Articulus
3196 2082 3440 2148 quartus.

2464 2188 2960 2248 considerationis
2985 2190 3374 2249 iulallibilitas
3402 2192 3773 2266 subnotatur,
3794 2213 3922 2254 cum

2394 2282 2666 2340 subditur
2695 2301 2711 2340 ε
2741 2287 2808 2340 In
2835 2289 2942 2341 toto
2969 2284 3126 2341 corde
3164 2302 3293 2342 meo.
3343 2285 3627 2344 Fallibilis
3669 2293 3755 2345 est
3782 2289 3924 2363 legis

2394 2376 2785 2435 consideratio
2823 2420 2843 2448 ,
2906 2378 2953 2436 si
3010 2378 3434 2437 considerantis
3497 2381 3572 2438 sit
3641 2382 3885 2441 intentio
3904 2427 3921 2455 ,

2393 2476 2459 2529 ut
2500 2472 2861 2529 custodiatur
2904 2473 3262 2532 extrinsecus
3305 2489 3506 2531 coram
3548 2475 3921 2549 bominibuS‚

2393 2581 2516 2622 non
2562 2564 2905 2624 intrinsecus
2960 2583 3162 2624 coram
3208 2572 3345 2625 Deo.
3394 2567 3502 2625 Illa
3544 2584 3689 2626 vero
3736 2573 3923 2630 consi-

2393 2658 2617 2716 deratio
2655 2674 2779 2716 non
2814 2659 3003 2732 fallit,
3051 2678 3184 2735 quae
3224 2677 3348 2718 non
3392 2661 3587 2719 solum
3630 2664 3920 2732 exteriu5‚

2391 2751 2497 2808 sed
2561 2756 2617 2808 et
2671 2751 2912 2810 interius
2974 2754 3265 2811 custodire
3323 2754 3590 2813 intendit.
3648 2759 3922 2817 Custodia

2391 2845 2636 2920 quidem
2681 2846 3004 2904 extrinseca
3052 2862 3176 2906 non
3222 2851 3307 2905 est
3357 2848 3657 2923 perfecta,
3704 2867 3815 2909 nec
3865 2855 3920 2909 in

2390 2939 2570 2997 corde
2597 2939 2853 3013 perfecto
2892 2940 3189 3014 radicata3
3217 2941 3323 2999 sed
3364 2943 3634 3000 custodia
3661 2948 3785 3002 tam
3830 2962 3921 3003 ex·

2391 3031 2667 3101 trinseca,
2696 3049 2878 3106 quam
2918 3032 3261 3103 intrinseca,
3302 3040 3387 3093 cst
3424 3035 3719 3109 perfecta,
3764 3045 3820 3096 et
3863 3040 3920 3097 in

2389 3125 2568 3184 corde
2605 3127 2863 3201 perfecto
2907 3127 3170 3186 fundata.
3216 3131 3291 3186 De
3329 3129 3432 3187 tali
3477 3130 3745 3189 custodia
3788 3133 3922 3192 dicit

2389 3222 2677 3295 Propheta
2701 3240 2715 3277 ε
2742 3226 2811 3279 In
2848 3230 2957 3280 toto
2984 3225 3147 3281 corde⁴
3166 3241 3274 3280 meo
3294 3265 3308 3289 ‚
3343 3224 3406 3281 id
3433 3230 3546 3297 est,
3579 3226 3639 3282 iu
3666 3228 3919 3301 perfecto

2388 3315 2597 3372 corde.
2647 3319 2710 3372 Et
2753 3321 2894 3374 nota
2935 3316 3010 3374 de
3050 3313 3310 3391 perfecto
3356 3318 3564 3389 corde,
3607 3321 3776 3394 quod
3826 3322 3920 3379 tali

2388 3409 2566 3467 corde
2597 3407 2884 3466 debemus
2923 3410 2986 3467 iu
3015 3413 3195 3467 Deum
3225 3410 3496 3483 credere,
3527 3415 3643 3470 Deo
3673 3415 3918 3484 servire,

2387 3502 2466 3560 ad
2515 3505 2694 3561 Deum
2739 3503 2961 3561 venire.
3008 3504 3172 3562 Fidei
3219 3510 3302 3562 est
3331 3505 3591 3579 credere;
3621 3507 3780 3581 spei,
3808 3526 3921 3566 ser·

2386 3595 2540 3668 vire3
2591 3595 2919 3668 eharitatis,
2955 3598 3175 3655 venire.
3221 3602 3297 3655 De
3343 3598 3624 3672 primo⁷:
3680 3622 3710 3654 α
3758 3603 3916 3660 Oculi

2385 3692 2614 3749 Domini
2650 3693 3124 3767 contemplantur
3177 3695 3515 3751 universam
3570 3699 3820 3769 terram;
3866 3703 3918 3754 et

2383 3789 2649 3863 praebent
2687 3788 3093 3848 fortitudinem
3138 3790 3248 3862 iis,
3280 3790 3383 3864 qui
3434 3791 3691 3865 perfecto
3739 3794 3916 3851 corde

2384 3883 2632 3941 credunt
2663 3883 2726 3941 in
2772 3900 2908 3940 eum
2941 3903 2954 3940 ι
2986 3905 3012 3935 ο
3044 3883 3141 3940 hic
3176 3883 3408 3941 attende
3444 3885 3653 3942 credere
3687 3891 3918 3959 perfecto

2380 3978 2552 4035 corde.
2585 3980 2662 4035 De
2707 3977 2970 4036 secundo
2999 3980 3020 4010 ⁸
3051 3995 3068 4034 ε
3108 4000 3136 4029 «
3165 3976 3477 4048 Salomon,
3507 3978 3591 4034 fili
3636 3979 3749 4049 mi,
3779 3981 3916 4038 scito

2388 4074 2568 4138 Deum
2598 4072 2779 4147 patris
2805 4072 2921 4143 tui,
2950 4077 3006 4129 et
3050 4070 3204 4128 servi
3249 4073 3301 4128 ei
3348 4072 3526 4130 corde
3552 4073 3812 4146 perfecto
3841 4095 3856 4132 ε
3885 4099 3910 4127 υ

2382 4166 2478 4223 hic
2521 4167 2760 4223 adverte
2808 4169 3007 4223 servire
3036 4170 3276 4238 perfecto
3304 4167 3478 4222 corde.
3525 4169 3601 4223 De
3646 4169 3820 4226 tertio
3848 4172 3870 4205 ⁹
3901 4189 3914 4225 :

2389 4280 2417 4313 α
2465 4264 2680 4320 Omnes
2727 4260 2819 4318 isti
2863 4260 2969 4318 viri
3022 4259 3374 4331 bellatoreS,
3429 4265 3485 4317 et
3530 4262 3790 4334 expediti
3841 4263 3918 4320 ad

2380 4353 2807 4426 pugnandum,
2837 4370 2975 4409 cum
3018 4353 3198 4411 corde
3235 4353 3494 4428 perfecto
3539 4363 3826 4419 venerunt
3859 4357 3916 4414 in

2383 4446 2616 4504 Hebron
2639 4446 2747 4521 (a),
2776 4450 2841 4503 ut
2868 4447 3283 4504 constituerent
3300 4463 3505 4519 rogem
3531 4448 3716 4506 David
3746 4467 3918 4524 super

2382 4539 2723 4597 universum
2765 4540 2956 4598 lsrael.
3003 4562 3029 4590 υ
3081 4540 3270 4597 Omnes
3326 4544 3434 4596 viri
3471 4543 3748 4598 bellatores
3789 4547 3919 4600 sunt

2381 4650 2588 4693 omnes
2632 4638 2950 4709 martyreS,
2981 4634 3085 4708 qui
3129 4634 3365 4691 fuerunt
3410 4634 3489 4691 ad
3529 4636 3916 4708 pugnandum
3983 4649 4094 4695 nuti·

2381 4728 2666 4803 expediti,
2695 4728 2912 4786 relictis
2947 4728 3375 4802 temporalibus
3399 4770 3416 4796 ,
3446 4728 3662 4802 quibus
3688 4729 3916 4788 fuerant
3939 4725 4012 4758 ⁹⁸⁵·

2380 4822 2665 4896 impediti.
2707 4823 2771 4880 lli
2817 4830 3073 4879 venerunt
3112 4826 3352 4895 perfecto
3396 4823 3589 4895 corde,
3633 4824 3775 4895 quia
3813 4841 3916 4899 per

2381 4915 2760 4973 dilectionem
2798 4915 3163 4990 perfectam:
3209 4919 3268 4972 in
3312 4916 3555 4986 Hebron,
3598 4916 3663 4973 id
3703 4921 3823 4990 est,
3853 4917 3913 4974 in

2379 5009 2671 5067 visionem
2697 5010 3142 5084 sempiternam,
3172 5013 3235 5065 ut
3271 5013 3654 5065 constituerent
3698 5014 3908 5083 David,

2380 5103 2445 5161 id
2474 5091 2588 5174 est,
2617 5103 2933 5175 Christum,
2965 5108 3203 5178 aspectu
3233 5102 3690 5163 desiderabilem
3709 5149 3729 5178 ,
3759 5123 3914 5178 svper

2377 5240 2400 5274 ⁶
2446 5240 2612 5298 Prov„
2668 5252 2824 5303 xxix,
2887 5242 2962 5291 18.
3015 5265 3076 5276 —
3132 5238 3149 5272 ⁷
3197 5240 3238 5288 ll
3283 5237 3535 5303 Pau-clip..
3594 5253 3719 5304 xvx,
3765 5245 3811 5295 9.
3853 5269 3911 5280 -

2384 5313 2403 5340 ⁸
2432 5311 2455 5361 l
2483 5310 2730 5376 paralip„
2756 5324 2944 5374 xxvm,
2971 5314 3020 5362 9.
3043 5337 3104 5348 -
3133 5315 3152 5340 ⁹²
3188 5309 3332 5372 ibid„
3362 5322 3463 5372 xlx,
3493 5312 3572 5362 38.

2443 5395 2512 5458 (a)
2547 5395 2667 5448 Coet.
2696 5395 2820 5447 edit.
2853 5397 3040 5456 Ebron‚
3068 5400 3117 5445 et
3143 5396 3216 5446 sic
3244 5394 3482 5459 deinceps.
