4196 6294
713 598 791 650 De
818 597 1134 664 quadruplici
1159 611 1347 665 genere
1366 599 1655 668 hominum,
1673 605 1728 654 et
1753 603 1826 668 (a)
1843 603 1908 654 de
1933 616 2103 654 resur-

775 670 1004 722 rectione
1022 671 1353 736 quadruplici.
1374 674 1451 725 Ad
1467 676 1895 726 resurrectionem
1915 676 2101 727 animae

775 743 876 795 tria
899 748 1018 795 sunt
1040 745 1344 797 necessaria.
1371 746 1536 806 Quare
1570 747 1730 797 sancti
1761 747 1992 799 dicantur
2018 748 2102 812 ju·

775 816 946 867 dicare
973 816 1027 867 in
1053 817 1266 868 futuro.
1254 833 1266 845 ·
1305 823 1518 884 propter
1554 819 1670 871 tria.
1700 820 1847 880 Quod
1888 823 2107 886 quatuor

776 891 897 938 sunt
919 888 1114 952 judicia
1140 890 1254 942 Dei.
2166 893 2257 943 159

715 957 880 1020 Quare
902 961 1213 1021 fremuerunt
1236 963 1432 1027 ρεπιεεζ,
1462 963 1648 1014 Psalm.
1676 966 1727 1015 2.
1755 964 1998 1029 Congrua
2026 960 2094 1025 (b)

776 1030 1054 1082 similitudo
1089 1032 1412 1084 vinculorum
1440 1036 1507 1099 (c)
1534 1040 1587 1085 et
1620 1035 1996 1086 mandatorum.
2027 1036 2104 1085 De

771 1101 896 1166 jugo
925 1107 977 1153 et
1002 1102 1317 1167 subiectione
1345 1106 1566 1158 diversa.
2169 1106 2257 1155 159

716 1171 942 1224 Ecclesia
980 1174 1163 1225 dicitur
1199 1176 1470 1229 haereditas
1516 1179 1700 1229 Christi
1739 1183 1947 1244 propter
1985 1178 2098 1228 tria.

776 1244 980 1296 Electus
1016 1246 1170 1299 debet
1205 1250 1398 1300 servire
1436 1251 1544 1302 Deo
1579 1254 1791 1316 propter
1825 1251 1938 1302 tria.
1967 1252 2105 1301 Deus

777 1317 960 1368 dicitur
987 1319 1187 1383 patiens
1213 1326 1425 1386 propter
1449 1324 1548 1373 tria
1579 1324 1670 1387 (d).
2169 1323 2257 1372 160

715 1389 864 1440 Dona
890 1389 988 1440 alia
1011 1393 1228 1457 naturae,
1251 1394 1350 1444 alia
1369 1395 1546 1460 gratie
1576 1397 1654 1459 (e).
1678 1396 1845 1456 Quare
1863 1396 2002 1446 Deus
2023 1393 2108 1444 di-

777 1466 921 1513 catur
951 1463 1123 1527 potius
1145 1478 1258 1516 esse
1283 1466 1338 1516 in
1361 1466 1496 1517 coelo
1523 1480 1679 1532 quam
1707 1467 1857 1533 alihi;
1887 1471 1942 1518 et
1966 1466 2107 1532 quod

775 1533 962 1598 triplex
996 1534 1062 1585 sit
1095 1536 1303 1587 coelum.

715 1600 943 1666 Domine,
968 1605 1095 1670 quid
1129 1607 1466 1672 multiplicati
1495 1612 1630 1671 runt,
1660 1611 1850 1662 Psalm.
1877 1612 1926 1660 3.
1955 1609 2106 1669 Quod

776 1674 1002 1742 quinque
1017 1678 1185 1728 modis
1201 1682 1498 1733 sumaturin
1523 1683 1724 1733 Psalmo
1749 1682 1939 1733 titulus.
1957 1680 2105 1742 Quod

777 1749 915 1799 Deus
930 1748 1288 1814 providettria.
1305 1755 1379 1803 De
1389 1754 1811 1819 multiplicatione
1825 1752 2103 1818 multiplici.
2172 1754 2256 1803 161

715 1819 864 1878 Quod
880 1834 1020 1871 mors
1038 1822 1224 1872 Christi
1250 1824 1318 1887 (s)
1343 1825 1638 1877 dormitioni
1661 1829 2008 1891 comparatur.
2030 1825 2106 1875 De

775 1892 973 1944 cantico
1000 1894 1208 1945 Psalmi.
1238 1898 1313 1947 De
1344 1897 1466 1962 luga
1492 1901 1808 1951 sanctorum.

717 1964 844 2015 Cum
871 1967 1175 2032 invocarem,
1201 1971 1466 2023 ‘exaudivit
1481 2009 1496 2035 ,
1527 1971 1715 2023 Psalm.
1746 1974 1794 2024 4.
1833 1970 2105 2033 Quomodo

775 2036 890 2087 finis
952 2038 1169 2090 diversis
1234 2043 1402 2092 modis
1458 2042 1742 2108 accipitur?
1794 2045 1870 2093 De
1908 2043 2111 2095 diversa

776 2111 1238 2162 consummatione.
1256 2114 1389 2173 Quid
1420 2115 1675 2179 significet
1694 2114 2004 2179 Diapsalma.
2026 2114 2107 2166 Si-

775 2184 988 2245 gnatum
1023 2185 1151 2247 quot
1182 2185 1352 2237 modis
1380 2186 1577 2239 dicatur
1604 2186 1683 2251 (e).
1719 2187 1950 2238 Diversis
1983 2187 2106 2238 dor-

775 2252 969 2303 miendi
998 2254 1228 2306 rationes
1258 2257 2262 2323 (e).162

724 2321 884 2374 Verba
919 2339 1028 2375 mea
1066 2327 1277 2378 auribus
1307 2330 1536 2395 percipe,
1567 2330 1806 2393 Domine,
1844 2330 2031 2381 Psalm.
2053 2332 2106 2381 5.

777 2395 1007 2448 libertas
1041 2398 1284 2451 Ecclesiae
1323 2368 1592 2465 multiplex
1616 2402 1699 2467 (e).
1728 2402 1878 2461 Quod
1918 2402 2106 2453 dicitur

779 2468 918 2518 Deus
951 2469 1158 2533 proprie
1181 2484 1292 2521 esse
1322 2475 1535 2537 propter
1560 2472 1677 2523 tria.
1701 2475 1827 2532 Quoe
1853 2473 1957 2524 sint
1978 2487 2111 2538 [ιι-ω-

777 2537 1002 2591 videnda
1019 2544 1138 2592 ante
1161 2543 1552 2596 aediflcationem
1580 2544 1674 2610 (9)
1694 2544 2014 2604 Quadrifaria
2034 2543 2110 2595 di·

777 2610 910 2662 visio
950 2611 1207 2665 Ecclesiae.
2172 2617 2263 2667 162

719 2682 957 2744 Domine,
1000 2698 1061 2734 ne
1101 2685 1155 2735 in
1195 2685 1370 2749 furore
1412 2689 1498 2736 tuo
1514 2722 1534 2751 ,
1567 2687 1752 2738 Psalm.
1800 2690 1847 2740 6.
1891 2686 2109 2748 Quidam

778 2719 960 2818 psalmi
996 2760 1117 2813 sunt
1156 2757 1463 2822 historiales,
1497 2759 1893 2823 poenitentiales,
1920 2773 2116 2824 praeco·

779 2827 972 2888 nieles,
1013 2827 1356 2879 medicinales.
1401 2830 1550 2889 Quod
1576 2830 1738 2881 tribus
1778 2830 1948 2882 modis
1973 2830 2109 2881 Deus

777 2898 976 2950 homini
1008 2899 1295 2951 miseretur.
1330 2903 1497 2965 Mors,
1525 2903 1660 2954 unde
1698 2908 1952 2956 mortuus.
2173 2903 2263 2953 163

719 2971 929 3021 Domine
955 2972 1089 3021 Deus
1114 2987 1269 3036 meus,
1294 2975 1349 3022 in
1376 2976 1423 3023 te
1448 2976 1665 3040 speravi,
1689 2975 1874 3026 Psalm.
1900 2978 1948 3025 Ἰ.
1973 2976 2110 3035 Quo·

779 3043 936 3094 modo
959 3042 1119 3093 David
1137 3057 1231 3108 per
1250 3045 1510 3109 planctum
1530 3060 1736 3098 omnem
1754 3045 1924 3111 legem
1945 3047 2109 3097 adim·

780 3112 1013 3180 pleverit.
1029 3116 1151 3167 Tres
1175 3120 1336 3169 status
1347 3116 1624 3184 justorum,
1645 3118 1984 3184 poenitentias,
2007 3119 2112 3184 jusr

779 3187 904 3238 titire
932 3192 986 3239 et
1022 3187 1197 3253 gloriae
1231 3188 1320 3252 (Ιι).
1353 3191 1620 3242 Confessio
1658 3191 1821 3242 laudis
1847 3191 1902 3241 in
1929 3191 2110 3256 tribus,

782 3263 835 3311 et
858 3259 1091 3312 similiter
1120 3261 1382 3313 confessio
1403 3265 1617 3328 peccati.

722 3333 929 3385 Domine
958 3334 1199 3384 Dominus
1237 3339 1418 3398 noster,
1453 3336 1640 3388 Psalm.
1679 3340 1729 3388 8.
1770 3338 1845 3388 De
1872 3336 2112 3388 torculari

782 3403 1019 3456 Ecclesiae
1056 3407 1137 3469 (e).
1165 3407 1366 3472 Duplex
1408 3409 1663 3474 separatio
1691 3409 1750 3461 ιιι
1778 3409 1834 3460 ιιι
1865 3408 2105 3468 Ecclesia,

781 3476 956 3527 animo
984 3480 1037 3527 et
1061 3476 1197 3529 loco.
2175 3481 2262 3531 164

720 3549 923 3599 Nomen
950 3549 1156 3600 Domini
1182 3549 1384 3601 diverse
1406 3551 1670 3615 accipitur.
1711 3551 1844 3612 Quid
1883 3566 1977 3617 per
2009 3552 2107 3617 lac,

781 3620 874 3670 but
909 3633 1023 3670 rum
1045 3624 1097 3671 et
1121 3621 1224 3671 mel
1241 3621 1580 3688 intelligitur?
1603 3624 1751 3683 Quod
1779 3625 1955 3675 Romae
1983 3625 2110 3675 anti-

783 3692 871 3757 qui
897 3706 955 3744 us
998 3696 1102 3744 tres
1137 3693 1330 3744 fiebant
1373 3695 1722 3746 solemnitates
1764 3696 2111 3760 principales,

735 3801 736 3804 ι
782 3769 1240 3886 fflioetnostrorum
1286 3769 1578 3831 temporum
1617 3768 1675 3831 (ι’)
1711 3766 1873 3818 tribus
1911 3782 2111 3819 conve-

840 3849 908 3885 un
935 3872 947 3886 .

721 3906 1005 3973 Confitebor
1022 3906 1132 3973 tibi,
1153 3908 1381 3972 Domine,
1401 3911 1456 3960 in
1484 3911 1584 3961 tolo
1604 3910 1749 3961 corde
1766 3925 1890 3976 meo,
1910 3911 2040 3963 Psal.
2058 3915 2110 3964 9.

783 3979 1112 4044 Quadruplex
1139 3981 1325 4032 Christi
1352 3982 1620 4034 adventus.
1641 3982 1878 4034 Thronus
1899 3983 2024 4047 quid
2045 3981 2111 4032 si·

782 4052 988 4118 gnificet
1017 4051 1101 4116 (e).
2172 4053 2263 4104 165

722 4124 796 4175 De
815 4125 937 4190 suga
959 4124 1242 4189 multiplici,
1262 4129 1315 4176 et
1339 4125 1543 4177 diversa
1565 4127 1882 4190 paupertate.
1906 4124 2111 4189 Triplex

783 4199 986 4261 patrum
1013 4196 1322 4249 desiderium
1341 4233 1355 4260 ,
1395 4203 1453 4249 ut
1486 4199 1750 4262 fruantur,
1779 4200 1837 4247 ut
1871 4197 2112 4248 uniantur

784 4271 912 4333 Deo,
940 4274 1000 4320 ut
1040 4269 1318 4320 liberentur
1359 4283 1391 4319 a
1431 4267 1569 4319 malo
1606 4268 1809 4333 triplici.
1848 4269 1968 4319 Dies
2007 4271 2110 4320 Do·

784 4340 913 4391 mini
932 4340 1099 4405 primo
1118 4341 1365 4405 occultus,
1381 4340 1566 4391 deinde
1589 4339 1891 4391 manifestus
1913 4341 1992 4406 (el.
2013 4341 2111 4391 Po·

717 4427 726 4436 ·
786 4412 944 4463 tentia
965 4412 1153 4464 Christi
1176 4411 1316 4463 varie
1345 4410 1633 4468 ostenditur
1663 4413 1769 4476 (e).3

725 4487 783 4538 In
809 4485 1023 4537 Domino
1047 4484 1254 4551 confido,
1293 4484 1481 4536 Psalm.
1513 4488 1593 4535 10.
1623 4486 1697 4535 De
1729 4485 1941 4535 octavis.
2174 4486 2265 4536 166

724 4556 1015 4623 Quotuplici
1031 4558 1190 4610 modo
1201 4560 1506 4608 censeantur
1532 4555 1768 4607 membra
1794 4555 2001 4620 putrida
2026 4555 2107 4619 (e).

786 4628 1201 4681 Diversis‘modis
1215 4629 1304 4680 dat
1318 4630 1474 4678 Deus.
1494 4627 1725 4678 Christus
1745 4626 1932 4678 dIcitur
1943 4627 2112 4691 Justus

784 4701 1188 4753 antonomastice
1233 4703 1445 4765 propter
1483 4699 1598 4749 tria.
1637 4699 1888 4750 Dominus
1918 4699 2112 4750 habitat

786 4774 840 4824 in
857 4774 1077 4826 habente
1104 4775 1341 4838 quatuor.
1364 4772 1440 4823 De
1460 4771 1642 4822 dextro
1665 4774 1719 4821 et
1738 4770 1942 4822 sinistro
1958 4771 2110 4822 oculo

785 4846 895 4912 Dei,
934 4851 986 4898 et
1016 4844 1276 4910 quomodo
1308 4843 1581 4908 palpebras
1616 4842 1838 4907 claudat,
1861 4843 1949 4894 vel
1980 4856 2112 4907 ape-

783 4919 898 4970 riat.
929 4919 1005 4970 De
1035 4917 1199 4968 imbrs
1226 4914 1431 4979 salubri,
1460 4918 1513 4965 et
1536 4914 1861 4980 illaqueante.
2174 4916 2264 4966 1θῖ

722 4991 930 5044 Salvum
956 5004 1030 5041 ne
1068 4990 1169 5054 foc,
1198 4988 1423 5051 Domine,
1456 4986 1644 5038 Psalm.
1681 4989 1760 5038 11.
1805 4988 1882 5037 De
1916 4985 2111 5037 intelli-

785 5064 957 5130 gentia
973 5062 1263 5128 geminatis,
1279 5060 1364 5110 vel
1383 5060 1697 5123 interpositas
1717 5059 1970 5111 dictionis.
1996 5059 2111 5110 Elo-

784 5137 962 5201 quium
989 5133 1194 5186 Domini
1234 5132 1459 5199 quinque
1492 5131 1645 5182 debet
1668 5130 1881 5182 habere.
1916 5132 1991 5181 De
2026 5131 2111 5181 di-

784 5208 948 5259 versis
981 5205 1297 5271 septenariis.
1339 5205 1415 5256 De
1456 5217 1580 5256 auro
1596 5239 1615 5270 ,
1659 5207 1899 5269 argento,
1941 5202 2109 5269 ligno,

783 5279 921 5331 ferro
949 5281 1003 5329 et
1025 5278 1239 5342 stipula.-
2173 5277 2262 5326 168

778 5387 837 5442 (a)
857 5386 968 5431 Item
988 5386 1127 5430 omitt.
1151 5389 1286 5430 st.-
1233 5384 1360 5442 -(b)
1390 5382 1519 5429 Edit.
1557 5383 1659 5430 Ven.
1694 5384 1971 5441 longinqua.
1992 5405 2044 5417 -
2073 5382 2126 5440 (c)
2152 5382 2265 5428 Item

724 5450 1130 5495 miraculorm-
1161 5449 1229 5505 (d)
1260 5449 1390 5504 Item,
1418 5449 1661 5492 &merso
1687 5449 1877 5492 ordine:
1899 5452 2023 5493 Dcus
2049 5447 2138 5494 dic.
2171 5450 2263 5504 pat.

725 5517 870 5570 propt.
901 5514 1006 5559 tria.
1037 5514 1213 5560 mecm
1242 5513 1346 5560 deb.
1378 5524 1496 5559 serv.
1525 5515 1620 5558 Deo
1652 5517 1832 5570 proptor
1854 5513 1958 5559 tria.
1988 5536 2040 5547 —
2074 5512 2128 5568 (e)
2166 5514 2265 5555 Hoc

2192 467 2452 536 INDEX.

2364 603 2519 663 Quod
2544 604 2684 655 Deus
2709 601 3017 653 humanatus
3042 602 3230 654 dicitnr
3252 604 3493 656 circulus.

2372 676 2642 741 Usquequo,
2672 675 2900 737 Domine,
2926 674 3253 740 oblivisceris,
3272 677 3461 728 Psalm.
3488 679 3565 729 ¹2.
3597 680 3758 730 Tran-

2425 834 2553 871 nera
2584 820 2927 872 inimicorum.
2963 821 3038 871 De
3065 834 3158 870 sex
3183 822 3364 871 oculis.
3822 827 3914 876 m

2366 891 2515 941 Dism
2548 893 2789 955 insipiens
2818 894 2872 941 in
2899 891 3046 942 corde
3070 907 3188 952 ruo,
3224 893 3414 943 Psalm.
3443 897 3521 944 13.
3552 894 3759 958 Triplex

2428 963 2677 1027 sapientia
2705 980 2720 1013 :
2746 963 2881 1030 poli,
2916 963 3018 1015 lori
3056 968 3109 1016 et
3147 964 3271 1017 doli.
3312 967 3388 1016 De
3415 966 3619 1016 diversa
3645 981 3759 1017 cor·

2427 1036 2687 1100 ruptione.
3827 1042 3917 1092 169

2366 1107 2594 1167 Quatuor
2628 1121 2822 1173 genera
2856 1106 3125 1158 hominum
3167 1122 3387 1173 quornm
3422 1109 3594 1160 nullus
3636 1110 3759 1162 iacit

2424 1177 2640 1229 bonum.

2366 1249 2594 1313 Domine,
2628 1252 2742 1316 quis
2768 1246 3061 1300 habitabit?
3089 1249 3278 1301 psalm.
3311 1254 3392 1303 ¹4.
3419 1252 3558 1312 Quot
3590 1252 3759 1303 modis

2426 1322 2684 1387 accipatur
2700 1320 3104 1374 tabernaculum.
3134 1323 3209 1374 De
3226 1323 3390 1389 figura
3410 1338 3525 1389 quae
3545 1337 3761 1389 zeugma

2427 1393 3916 1449 dicitur.170

2366 1466 2516 1525 Quod
2541 1465 2823 1531 perjurium
2854 1466 3019 1517 tribus
3052 1467 3224 1518 modis
3248 1470 3603 1520 committitur.

2369 1537 2613 1587 Con-verva
2639 1552 2735 1602 me,
2775 1538 3005 1597 Domine,
3039 1539 3224 1590 Psalm.
3252 1543 3334 1590 15.
3372 1541 3601 1600 Οιιιιιιιοι·
3636 1546 3759 1591 sunt

2429 1622 2545 1673 quae
2585 1608 2874 1658 ministrant
2899 1608 3051 1659 nobis
3079 1611 3369 1661 necessaria
3393 1611 3585 1662 omnia.
3623 1613 3758 1672 Qua·

2427 1684 2548 1730 tuor
2575 1680 2670 1731 Dei
2695 1679 3004 1731 voluntates.
3036 1683 3306 1741 Quomodo
3334 1685 3474 1734 Deus
3490 1697 3522 1733 a
3548 1684 3759 1747 dextris,

2429 1758 2481 1803 et
2506 1753 2736 1804 diabolus
2759 1768 2792 1802 a
2824 1753 3056 1805 sinistris.
3086 1757 3161 1805 De
3199 1755 3364 1806 tribus
3402 1769 3498 1806 vus
3536 1770 3650 1820 quae
3686 1757 3757 1805 si·

2428 1830 2651 1948 guantur
2665 1840 2757 1890 per
2771 1824 3075 1891 bonitatem,
3094 1829 3146 1878 et
3164 1828 3502 1893 disciplinam,
3520 1834 3574 1878 et
3594 1826 3759 1878 scien·

2368 1969 2681 2034 Quandoque
2724 1969 2950 2021 Clu-istus
2976 1970 3317 2052 ‘transfigurat
3363 1985 3419 2023 se
3460 1972 3515 2022 ιιι
3563 1972 3756 2036 nobis,

2430 2041 2738 2106 quandoque
2765 2056 2861 2092 nos
2892 2043 2947 2092 in
2973 2043 3087 2107 ipso
3113 2044 3197 2107 (e).

2369 2112 2606 2177 Exaudi,
2642 2113 2882 2171 Domine,
2904 2115 3171 2177 justitiam
3206 2129 3400 2179 meam,
3444 2114 3629 2168 Psalm.
3672 2119 3751 2168 16.

2431 2184 2579 2244 Quod
2601 2183 2794 2248 justitia
2822 2186 3059 2236 consistit
3084 2186 3138 2236 in
3168 2185 3388 2237 duobus.
3417 2188 3536 2237 Tria
3567 2201 3761 2253 genera

2431 2257 2707 2307 orantium.
2735 2257 2985 2321 Negativa
3022 2258 3272 2321 particula
3310 2260 3644 2323 quandoque,
3670 2274 3761 2310 se-

2430 2329 2531 2379 mel
2547 2328 2729 2393 posita,
2743 2327 2822 2378 bis
2835 2328 3149 2394 intelligitur.
3165 2330 3520 2393 Diapsalmatis
3531 2345 3653 2381 usus
3668 2331 3755 2395 (e).
3820 2332 3915 2382 1ῗὶ

2371 2401 2445 2451 De
2464 2400 2559 2451 alis
2576 2399 2670 2449 Dei
2693 2400 2779 2463 (e).
2797 2401 2964 2450 Divini
2978 2401 3150 2451 auxilii
3167 2406 3430 2453 momenta
3443 2406 3659 2466 quatuor
3669 2404 3756 2468 (e).

2431 2472 2578 2522 Circa
2604 2471 2901 2535 allegoriam
2928 2472 3048 2537 quid
3075 2477 3359 2524 notandum
3387 2475 3473 2537 (e).

2369 2543 2601 2608 Diliyam
2630 2546 2693 2603 te,
2730 2544 2959 2609 Domine,
2989 2544 3177 2597 psalm.
3208 2547 3287 2596 17.
3316 2544 3571 2610 Allegoria
3604 2560 3764 2611 qnan-

2431 2615 2601 2680 doque
2640 2615 2857 2666 sumitur
2884 2630 2917 2666 a
2950 2617 3179 2668 nominis
3211 2617 3647 2684 interpretatione,
3677 2619 3765 2669 vel

2433 2702 2465 2736 a
2499 2688 2575 2737 rei
2602 2688 2938 2751 proprietate.
3824 2690 3917 2738 ¹7³

2371 2758 2542 2810 Animi
2572 2759 2817 2810 fortitudo
2845 2759 3048 2811 duobus
3067 2760 3236 2811 modis
3256 2760 3513 2833 praecipue
3545 2762 3613 2825 (y)
3645 2774 3770 2824 pro-

2431 2830 2599 2881 batur.
2627 2832 2690 2881 Et
2713 2835 2820 2881 tres
2844 2830 3041 2883 inventi
3066 2836 3183 2881 sunt
3216 2824 3394 2883 fortes.
3434 2834 3508 2893 De
3547 2832 3764 2897 quadru-

2431 2902 2548 2966 plici
2568 2906 2753 2954 morte.
2784 2904 2949 2962 Quare
2978 2903 3339 2968 praedicatores
3363 2903 3602 2955 dicuntur
3621 2904 3765 2954 venti

2432 2974 2515 3025 vel
2552 2975 3917 3028 nubes-174

2372 3045 2447 3096 De
2473 3047 2641 3097 ventis
2679 3046 3039 3111 spiritualibus..
3070 3047 3144 3097 De
3172 3047 3375 3098 diversa
3401 3060 3532 3099 voce
3559 3047 3763 3099 Christi.

2434 3118 2508 3169 De
2536 3118 2876 3202 significantia
2901 3124 2954 3170 et
2981 3119 3395 3183 pronuntiatione
3426 3118 3762 3184 pronominis,

2433 3191 2508 3240 De
2540 3174 2725 3255 triplici
2771 3191 3122 3255 increpatione
3174 3196 3227 3242 et
3270 3191 3641 3242 consolatione.
3683 3192 3762 3241 De

2431 3260 2695 3330 multiplici
2713 3262 2998 3313 latitudine
3015 3264 3090 3313 De
3108 3262 3352 3326 gradibus
3368 3262 3756 3326 justificationis
3822 3263 3919 3313 {75

2373 3331 2521 3391 Quod
2559 3347 2767 3384 causam
2802 3335 2988 3398 probat
3023 3334 3232 3385 effectus
3266 3335 3560 3399 aliquando.
3598 3334 3759 3384 Dictio

2435 3405 2564 3466 Qma
2593 3406 2677 3469 (e).
2715 3409 2757 3456 A
2784 3407 2945 3458 tribus
2976 3406 3144 3457 ventis
3185 3407 3502 3472 extinguitur
3535 3406 3761 3470 lucerna,

2433 3481 2486 3526 et
2523 3477 2589 3527 ab
2631 3491 2733 3528 uno
2772 3478 3079 3529 incenditur.
3130 3478 3447 3529 Tentationis
3478 3478 3621 3542 origo
3668 3478 3760 3527 tri·

2432 3548 2550 3612 plex
2581 3550 2663 3613 (e).
2688 3549 2957 3614 Praecingi‚
2985 3549 3215 3614 succingi
3259 3553 3312 3601 et
3336 3551 3557 3614 accingi,
3581 3553 3761 3613 quate-

2432 3633 2530 3670 nus
2546 3621 2782 3672 differant
2798 3622 2876 3685 (e).
2890 3622 3135 3672 Dictionis
3152 3623 3317 3672 Donec
3331 3622 3461 3673 varii
3477 3635 3656 3672 sensus
3673 3622 3735 3685 (e)
3746 3657 3761 3670 .
3826 3623 3927 3674 sis

2373 3690 2649 3755 Disciplina
2660 3693 2713 3742 in
2722 3693 2883 3743 tribus
2898 3692 3146 3755 consistit,
3155 3706 3272 3757 quae
3283 3694 3409 3743 dant
3422 3693 3521 3743 sibi
3528 3696 3761 3743 mutuum

2433 3764 2743 3830 suffragium.
2775 3767 2942 3825 Quare
2976 3765 3206 3816 Christus
3232 3769 3388 3831 caput
3421 3770 3655 3817 nostrum
3680 3765 3761 3816 di-

2435 3840 2596 3889 catur.
2627 3841 2701 3890 De
2721 3838 3066 3890 subtractione
3086 3843 3140 3889 et
3162 3839 3482 3903 appositione
3504 3839 3760 3890 dictionis.
3828 3841 3925 3891 177

2374 3910 2505 3962 Coeli
2518 3914 2759 3961 enarrant
2772 3911 2993 3976 qlorium
3014 3912 3127 3976 Dei,
3155 3913 3342 3963 Psalm.
3369 3916 3447 3963 18.
3472 3911 3620 3971 Quod
3640 3926 3765 3962 con·

2424 3981 2627 4045 junctio
2645 3985 2716 4035 Et
2734 3987 2878 4034 notat
2899 3983 3118 4034 diversa.
3142 3985 3219 4034 De
3248 3984 3541 4035 diversitate
3564 3983 3763 4050 dierum

2434 4054 2784 4119 spiritualium.
2825 4057 2900 4106 De
2933 4055 3148 4105 diversis
3182 4055 3350 4106 causis
3388 4070 3543 4120 super
3575 4059 3761 4119 pmic-

2433 4126 2519 4177 riti
2544 4127 2952 4192 intelligentiam.
2993 4127 3384 4179 Commendatio
3426 4126 3685 4192 Evangelii
3730 4142 3763 4177 a

2435 4197 2702 4263 sextuplici
2727 4198 2893 4263 capite
2926 4199 3012 4264 (e).
3034 4199 3308 4258 Quomodo
3330 4198 3584 4264 genitivus
3605 4198 3761 4263 signi—

2431 4269 2551 4321 ficet
2578 4270 2766 4335 aliquid
2796 4270 3005 4335 alicujus
3029 4285 3160 4322 esse.
3194 4271 3317 4333 Quis
3343 4272 3649 4336 quandoque
3678 4284 3762 4322 re»

2433 4345 2611 4393 movet
2643 4342 3045 4408 generalitatem,
3077 4342 3388 4409 quandoque
3422 4342 3564 4408 ponit
3583 4343 3759 4408 singu-

2432 4412 2705 4478 laritatem,
2727 4415 2811 4465 vel
2847 4414 3336 4478 impossibilitatem,
3371 4415 3456 4466 vel
3480 4415 3758 4476 raritatem,

2433 4486 2518 4536 vel
2542 4486 2955 4550 admirationem,
2979 4487 3061 4538 vel
3087 4487 3423 4540 dubietatem.
3826 4487 3927 4539 1Ἰ8

2371 4557 2630 4609 Exaudiet
2649 4562 2697 4608 te
2709 4559 3019 4610 Dominnsin
3036 4558 3119 4609 die
3140 4559 3509 4631 tribulationis,
3527 4558 3656 4612 Psal.
3679 4562 3757 4610 18.

2432 4631 2508 4680 De
2539 4630 2785 4682 sacrificio
2812 4631 3198 4695 quadripartito.
3230 4633 3309 4682 De
3336 4645 3490 4683 curru
3512 4630 3760 4690 avaritiae,

2434 4706 2486 4753 et
2512 4703 2702 4767 auriga.
2727 4702 2861 4761 Quid
2890 4703 2956 4754 sit
2982 4703 3288 4768 triumphus,
3320 4709 3373 4755 et
3391 4703 3649 4770 quomodo
3666 4716 3759 4752 an·

2431 4773 2643 4838 tiquitus
2663 4773 2834 4826 fiebat.
3827 4776 3923 4827 179

2371 4843 2598 4906 Domine,
2629 4847 2682 4895 in
2708 4846 2913 4910 virtute,
2934 4846 3122 4900 Psalm.
3144 4850 3226 4898 20.
3246 4847 3361 4907 Qua
3378 4846 3577 4898 ratione
3595 4844 3762 4897 Chris-

2432 4918 2516 4967 tus
2545 4916 2761 4968 salutare
2802 4919 2962 4970 Patris
2994 4920 3073 4985 (e).
3111 4919 3345 4985 Adjectio
3376 4933 3469 4971 oon
3507 4920 3759 4970 diversam

2431 4987 2555 5039 lacit
2588 4989 2989 5056 intelligentiam.
3826 4991 3920 5043 ns

2371 5060 2447 5111 De
2473 5061 2734 5126 multiplici
2752 5063 2974 5115 clibano.
3003 5065 3077 5114 De
3105 5062 3323 5115 diversis
3349 5064 3530 5129 portis,
3554 5067 3607 5115 et
3629 5077 3757 5128 quo·

2433 5132 2589 5184 modo
2632 5133 2925 5186 attollantur
2959 5140 3012 5186 et
3047 5139 3272 5200 pateant.
3302 5136 3537 5187 Potentia
3568 5136 3660 5187 Dei
3701 5135 3757 5185 ιιι

2432 5205 2616 5270 quibus
2647 5207 2889 5257 consistat
2918 5208 2998 5271 (e).

2372 5276 2524 5340 Deus,
2551 5277 2687 5327 Deus
2710 5292 2868 5341 mem,
2892 5279 3080 5344 respice
3100 5280 3156 5330 in
3177 5293 3275 5344 me,
3303 5279 3490 5333 Psalm.
3510 5282 3590 5329 21.
3609 5277 3760 5329 Unde

2372 5388 2462 5420 non
2480 5374 2644 5420 habent
2663 5379 2760 5421 cot.
2778 5377 2885 5422 edit.
2904 5401 2957 5412 -—
2978 5379 3039 5436 (s)
3065 5378 3178 5424 Coet.
3201 5378 3309 5423 edit.
3328 5378 3450 5423 deest
3466 5376 3703 5422 Christi.—·
3721 5375 3782 5434 (9)
3808 5377 3928 5423 Cer.

2372 5439 2481 5484 edit.
2499 5439 2807 5485 oediflcium.-·
2827 5441 2884 5497 (Ιι)
2902 5442 3018 5487 Item
3030 5443 3229 5498 ¹iustitie,
3246 5444 3405 5500 poeuit.
3422 5446 3467 5487 ct
3483 5442 3650 5498 grati·-
3664 5462 3722 5476 -
3741 5442 3789 5497 (ι)
3810 5441 3928 5484 Ita

2372 5503 2535 5549 nostris
2552 5503 2892 5560 temporibus0—
2913 5505 2975 5562 (j)
3007 5505 3119 5552 Cat.
3138 5505 3247 5551 edit.
3264 5506 3467 5562 proprio--
