4196 6294
83 852 314 900 Dilectio.

1611 523 1976 592 PSALMUS
2015 521 2275 591 cxvnl.

344 655 650 715 versiculis
710 654 1085 730 praenotatis3
1150 655 1249 714 hic
1301 657 1630 717 ostenditur
1697 659 1898 719 fervor

347 748 673 808 affectionis
712 753 980 823 respectu
1016 751 1314 823 gratinus,
1352 767 1459 809 seu
1499 752 1779 823 gratificae
1806 754 1895 811 di-

346 847 637 906 lectionis.
677 846 915 905 Dilectio
953 846 1086 905 talis
1115 847 1329 906 dicitur
1366 865 1491 907 esse
1521 855 1683 909 actus
1710 851 1897 927 incly-

350 944 465 1011 tus,
493 942 794 1000 voluntate
822 942 1071 1014 genituS,
1095 942 1375 1002 charitate
1392 945 1655 1016 vestitus,
1673 946 1895 1017 Justitia

349 1034 601 1093 nutritus
623 1077 641 1106 ‚
697 1036 1134 1110 perseverantia
1193 1037 1536 1096 custoditus
1594 1039 1853 1114 Ideoque
1874 1081 1893 1111 ,

350 1134 638 1203 quantum
669 1129 813 1186 mihi
835 1145 1010 1188 nosse
1029 1130 1399 1204 permittitur,
1429 1131 1895 1207 quadrupliciter

347 1223 409 1279 in
437 1223 554 1280 hoc
579 1237 754 1280 versu
781 1222 1131 1281 describitur
1160 1242 1175 1279 ε
1205 1224 1482 1283 videlicet
1513 1225 1578 1283 in
1606 1229 1894 1300 quantum

348 1316 645 1389 gignitur,
696 1318 759 1375 in
813 1324 1103 1393 quantum
1156 1319 1432 1391 vestitur,
1488 1321 1552 1379 in
1605 1324 1897 1396 quantum

345 1410 634 1482 nutritur,
687 1415 743 1469 et
784 1410 849 1469 in
890 1414 1179 1485 quantum
1224 1413 1572 1472 custoditur.
1615 1415 1895 1474 Voluntas

346 1507 433 1561 est
455 1503 725 1578 pariens;
758 1505 1007 1563 charitas
1032 1507 1286 1565 vestiens
1297 1525 1315 1579 3
1343 1507 1567 1580 justitia
1592 1509 1890 1584 nutriens3

345 1598 781 1671 perseverantia
806 1599 1168 1658 custodiens.

840 1756 1128 1814 Anio-ulus
1160 1761 1391 1830 primus.

414 1879 510 1936 Vis
565 1879 771 1939 andire
826 1881 1198 1941 voluntatem
1255 1883 1469 1943 animae
1519 1885 1892 1959 parientem?

341 1973 494 2032 Audi
534 1975 885 2048 prophetam
929 1975 1224 2034 dicentem
1274 1995 1289 2034 ε
1341 1978 1663 2053 concupivit
1704 1984 1892 2039 anima

340 2085 472 2125 mea.
503 2068 657 2139 Quid
684 2072 803 2140 est,
841 2072 1026 2128 anima
1065 2074 1408 2145 concupivit,
1440 2073 1587 2145 nisi,
1615 2074 1891 2134 voluntas

341 2162 553 2219 animas
592 2163 904 2236 parturiit:
954 2169 1013 2221 et
1067 2166 1201 2238 quis
1247 2166 1623 2240 parturientis
1673 2168 1847 2226 foetus
1866 2212 1886 2242 ,

339 2255 452 2312 nisi
490 2255 821 2313 dilectionis
856 2258 1060 2315 actus?
1088 2258 1201 2316 Sed
1229 2264 1371 2319 nota
1397 2260 1688 2333 breviter,
1719 2262 1889 2336 quod

337 2349 615 2408 voluntas
658 2352 1052 2425 concupiscit,
1094 2352 1217 2410 sive
1260 2356 1512 2429 parturit
1537 2355 1838 2430 tripliciter
1869 2376 1883 2416 ε

338 2443 614 2502 videlicet
647 2443 1126 2504 irrationabiliter
1145 2487 1164 2517 ,
1192 2448 1649 2522 rationabiliter,
1677 2466 1885 2525 super-

3427 520 3544 581 345

2005 659 2342 731 rationalis,
2378 675 2513 732 quas
2552 657 2723 715 illum
2750 655 2995 726 formet,
3032 657 3317 727 tanquam
3360 649 3546 707 virtus

2002 753 2291 825 formalis,
2320 758 2378 812 et
2404 754 2620 823 armet,
2647 750 2747 809 vel
2770 753 2968 822 ornet,
2999 751 3286 822 tanquam
3308 743 3545 803 habitus

2002 846 2339 923 spiritualis

2486 989 2762 1046 Articulus
2788 985 3069 1043 secundus.

2074 1132 2170 1190 Vis
2216 1132 2421 1191 videre
2477 1130 3017 1207 concupiscentiam
3062 1124 3547 1201 concupiscentiae

2002 1226 2514 1300 supervenientem
2541 1228 2597 1285 et
2623 1223 3188 1300 supervestientem‘?
3217 1220 3361 1277 Vide
3388 1218 3546 1276 Psal-

2002 1321 2403 1394 mographum
2452 1318 2920 1377 subscribentem
2958 1336 2972 1373 z
3025 1316 3371 1381 neside-are,
3435 1317 3543 1370 etc.

2002 1414 2157 1484 Quid
2203 1418 2290 1472 est
2328 1413 2698 1484 desiderare,
2742 1411 2853 1469 nisi
2900 1408 3316 1484 concupiscere
3342 1410 3372 1466 ‘t
3403 1410 3547 1464 Ecce

2002 1508 2478 1583 concupiscentia
2558 1505 2942 1581 superaddita
3012 1501 3497 1575 concupiscentia».
3526 1543 3544 1572 ,

1999 1605 2289 1677 tanquam
2325 1601 2520 1660 forma
2551 1602 2841 1670 materiae,
2881 1598 3100 1656 scilicet
3125 1596 3547 1670 concupiscen-

2000 1698 2081 1756 tia
2115 1697 2439 1768 charitatis,
2483 1694 2970 1771 concupiscentias
3002 1690 3322 1751 voluntatis
3352 1708 3366 1747 2
3421 1705 3544 1747 non

2001 1792 2139 1850 dico
2193 1790 2563 1850 successione
2623 1788 2903 1864 temporis
2930 1831 2949 1859 ,
3005 1786 3112 1844 sed
3174 1783 3545 1843 distinctione

2001 1886 2286 1958 originis3
2315 1889 2381 1943 ut
2413 1886 2488 1942 sit
2522 1888 2684 1942 actus
2722 1881 2987 1955 gratuitae
3022 1877 3351 1938 dilectionis
3361 1920 3382 1950 ,
3423 1880 3548 1935 tam

1999 1981 2320 2049 voluntati,
2348 1995 2534 2054 quam
2561 1976 2830 2037 charitati
2878 1974 3245 2046 communiS,
3289 1971 3547 2047 produc·

1998 2083 2091 2135 tus
2134 2074 2510 2134 materialiter
2567 2090 2641 2132 ex
2679 2070 2927 2130 consilio
2968 2068 3242 2138 rationis,
3286 2067 3392 2125 sed
3432 2067 3549 2124 for·

1997 2170 2230 2229 maliter
2281 2186 2357 2228 ex
2409 2167 2701 2227 beneficio
2754 2164 3096 2236 unctionis3
3144 2179 3218 2221 ex
3271 2161 3547 2221 rationali

1997 2265 2298 2322 voluntate
2327 2261 2667 2332 laudabilia„
2697 2275 2770 2318 ex
2790 2256 3241 2333 superrationali
3268 2255 3546 2313 charitate

1996 2357 2469 2417 remunerabilis
2527 2355 2643 2415 Sed
2698 2358 2841 2413 nota
2867 2395 2887 2425 ,
2940 2351 3108 2427 quod
3154 2367 3229 2408 ex
3266 2349 3544 2408 charitate

1996 2452 2109 2510 tria
2153 2451 2441 2510 debemus
2482 2450 2820 2509 desiderare
2863 2466 2877 2506 ε
2947 2445 3225 2504 videlicet
3277 2443 3544 2502 divinam

1991 2546 2322 2619 justitiam3
2380 2544 2649 2604 divinam
2699 2540 3226 2617 complacentiam3
3277 2537 3544 2596 divinam

1997 2640 2434 2700 cohaerentiam.
2493 2638 2754 2696 Primum
2809 2635 3174 2694 desiderium
3222 2637 3307 2692 est
3354 2631 3541 2691 refor-
3598 2652 3785 2696 Trina.

1995 2735 2320 2806 mativum3
2371 2733 2701 2792 secundum
2741 2729 3266 2799 conformativum5
3306 2726 3541 2784 tertium
3571 2716 3770 2760 sideran-

1995 2829 2558 2888 transformativum.
2608 2828 2686 2885 De
2737 2825 2935 2900 primo
2988 2822 3331 2896 intelligitur
3374 2820 3542 2894 quod
3569 2781 3783 2886 03:530

89 2571 310 2616 mum,
335 2537 786 2597 rationabiliter.
821 2540 1016 2599 Primo
1057 2541 1243 2599 modo
1275 2543 1562 2616 parturit,
1600 2544 1773 2618 quasi
1814 2562 1887 2605 ex

88 2634 308 2741 &⁹¹:22
337 2635 614 2706 contagio
642 2635 966 2709 passionis3
1014 2638 1277 2696 secundo
1298 2682 1318 2712 ,
1348 2641 1520 2714 quasi
1547 2658 1621 2699 ex
1661 2642 1885 2701 semine

176 2707 205 2750 Ρ
335 2727 617 2798 rationis3
648 2729 842 2802 tertio,
870 2731 1041 2805 quasi
1071 2747 1145 2789 ex
1172 2732 1398 2791 semine
1424 2734 1736 2795 unctionis
1769 2737 1886 2795 Pri-

334 2838 436 2880 ma
472 2823 947 2897 concupiscentia
984 2825 1354 2899 prohibetur,
1397 2844 1535 2886 cum
1571 2828 1787 2890 dicitur
1816 2834 1833 2870 ¹
1866 2850 1882 2890 z

144 4733 307 4776 volun·

96 4796 176 4838 tas.
199 4799 307 4840 Sen-

97 4858 294 4902 malim.

342 2936 371 2969 ι
402 2919 530 2974 Non
568 2916 949 2991 concupisces
993 2934 1246 2978 uxorem
1283 2921 1543 2994 proximi
1593 2924 1711 2997 tui,
1762 2942 1885 2984 non

338 3009 617 3081 domum,
669 3025 795 3068 non
841 3026 1076 3084 agrum,
1130 3034 1159 3068 ιο
1218 3016 1327 3072 etc.
1383 3016 1484 3073 llic
1535 3017 1886 3091 prohibetur

336 3103 812 3177 concupiscentia
830 3104 1189 3164 irrationalis
1213 3106 1557 3183 voluntatiS,
1587 3128 1720 3187 quae
1746 3129 1883 3188 par-

335 3198 473 3256 turit
509 3215 581 3257 ex
620 3200 895 3272 contagio
942 3200 1236 3259 sensibilis
1269 3203 1583 3277 passionis.
1613 3207 1885 3266 Secunda

333 3294 811 3367 concupiscentia
837 3294 1121 3352 suadetur
1140 3295 1163 3329 ²
1194 3312 1208 3352 :
1248 3315 1276 3348 α
1303 3297 1462 3355 Sicut
1487 3299 1673 3358 modo
1703 3303 1883 3374 geniti

332 3387 583 3445 infantes
623 3387 1007 3446 rationabiles
1058 3386 1129 3462 (a)
1167 3390 1293 3447 sine
1334 3390 1480 3449 dolo
1524 3393 1619 3451 lac
1664 3410 1884 3454 concu-

331 3481 558 3556 piscite,
607 3486 674 3540 ut
719 3483 782 3539 in
836 3499 908 3541 eo
963 3483 1232 3541 crescatis
1283 3484 1346 3542 in
1396 3487 1667 3546 salutem.
1716 3507 1747 3543 ιο
1781 3491 1882 3548 Hic

331 3576 544 3634 suadet
584 3577 897 3651 Apostolus
946 3578 1376 3637 rationabiliter
1425 3583 1883 3642 rationabilibus

332 3671 873 3746 concupiscentiam
893 3671 1246 3731 rationalem
1270 3689 1346 3731 ex
1366 3675 1610 3733 rationis
1633 3678 1880 3741 consilio

330 3765 682 3839 parientem,
735 3770 802 3822 ut
858 3781 1119 3825 crescere
1169 3767 1408 3826 valeant
1462 3770 1526 3826 in
1572 3774 1883 3849 concupis-

332 3858 586 3917 centiam
634 3858 971 3918 salutarem.
1026 3860 1213 3920 Tertia
1263 3864 1741 3939 concupiscentia
1788 3886 1883 3928 re-

331 3956 600 4012 censetur
653 3970 763 4029 per
815 3955 1168 4028 prophetam
1190 3997 1210 4029 ,
1266 3974 1403 4016 cum
1460 3960 1732 4033 psallitur
1783 3967 1807 4002 ³
1863 3985 1878 4024 z

337 4068 365 4103 α
394 4048 767 4122 concupiscit
818 4054 875 4109 et
928 4048 1128 4108 deficit
1178 4050 1381 4110 anima
1428 4069 1566 4114 mea
1618 4057 1681 4115 in
1733 4061 1883 4120 atria

332 4143 602 4216 Domini,
648 4163 678 4198 ι
722 4147 832 4202 etc.
873 4148 1018 4203 Ecce
1066 4149 1529 4219 supernaturalis
1573 4155 1883 4228 concupis-

332 4237 523 4296 centia
546 4237 868 4297 voluntatis
885 4239 1169 4314 parientis
1195 4241 1573 4317 eit-donario,
1593 4245 1689 4304 vel
1712 4249 1881 4306 semi-

329 4331 500 4390 nario
527 4332 840 4405 unctioniS,
872 4351 1004 4408 quoe
1030 4334 1395 4410 concupiscit
1423 4353 1533 4410 per
1558 4339 1882 4401 coelestium

332 4425 746 4498 dilectionem,
798 4428 905 4485 sed
960 4427 1160 4486 deficit
1212 4433 1457 4504 propter
1511 4432 1877 4494 dilationem.

331 4521 476 4578 Ecce
502 4523 685 4595 patet,
707 4521 875 4596 quod
894 4527 1057 4580 actus
1086 4522 1416 4582 dilectionis
1444 4530 1530 4584 est
1554 4526 1878 4602 rationaIiS,

333 4629 472 4672 cum
525 4613 599 4672 sit
652 4619 815 4672 actus
869 4615 1191 4674 voluntatis
1218 4660 1238 4690 ,
1288 4635 1413 4677 non
1469 4621 1878 4682 sensualitatis.

332 4707 612 4766 Voluntas
643 4708 802 4767 enim
832 4713 918 4766 est
956 4711 1249 4785 appetitus
1276 4712 1703 4788 intellectivuS,
1732 4716 1882 4776 sicut

332 4801 676 4860 sensualitas
712 4802 1050 4872 sensitivus3
1081 4821 1190 4864 nec
1222 4807 1419 4866 solum
1453 4812 1540 4866 est
1577 4809 1881 4870 rationalis

332 4898 525 4965 actuS,
553 4894 660 4952 sed
693 4900 751 4953 et
787 4894 1150 4957 rationaliter
1186 4904 1388 4973 natus,
1417 4918 1556 4960 cum
1585 4903 1658 4961 sit
1686 4920 1760 4963 ex
1787 4921 1881 4963 ra·

332 4989 507 5048 tionis
533 4989 818 5061 consilio,
850 5007 973 5049 non
999 5007 1075 5050 ex
1110 4995 1401 5068 passionis
1433 5000 1709 5071 contagio
1738 5017 1876 5073 pro-

333 5088 580 5143 creatus.
637 5087 1053 5143 Verumtamen
1105 5088 1305 5146 adhuc
1358 5089 1628 5150 informis
1683 5100 1767 5151 est
1822 5099 1879 5153 et

332 5177 574 5236 inermis
592 5219 608 5245 ,
634 5177 746 5236 nisi
774 5180 1153 5254 superveniat
1174 5184 1650 5258 concupiscentia
1675 5203 1877 5262 super-

400 5307 411 5334 ·
442 5305 614 5367 Dent„
641 5316 691 5365 v,
720 5307 799 5356 21.
828 5329 891 5342 —
919 5307 937 5337 ²
961 5306 979 5356 1
1011 5306 1165 5368 Petr„
1197 5319 1257 5371 11,
1284 5312 1331 5359 2.
1355 5334 1416 5347 -
1447 5312 1466 5342 ⁸
1487 5312 1623 5362 psal.
1652 5324 1876 5376 nnxm,

333 5377 380 5426 3.
404 5399 463 5413 -
494 5376 510 5405 ⁴
536 5378 653 5439 Ιεα..
679 5387 786 5440 xvl,
812 5379 937 5427 9.-
961 5378 984 5416 ⁸
1002 5379 1146 5444 Sap„
1175 5390 1249 5445 nt,
1275 5383 1318 5444 1,
1343 5385 1389 5432 2.
1410 5407 1471 5420 —
1494 5384 1514 5414 ⁸
1538 5384 1704 5450 Cant„
1735 5397 1795 5450 11,
1824 5389 1872 5437 3.

1993 2924 2210 2998 legitur
2231 2920 2253 2957 ⁸
2276 2943 2290 2981 :
2320 2943 2349 2977 α
2368 2922 2577 2981 Anima
2594 2936 2731 2979 mea
2753 2917 3111 2978 desideravit
3132 2921 3188 2974 te
3214 2916 3278 2974 in
3296 2918 3490 2974 nocte.
3509 2934 3537 2968 n

1993 3017 2302 3077 Justificari
2351 3032 2613 3091 namque
2653 3014 2978 3084 desiderat,
3011 3028 3150 3069 cum
3176 3010 3239 3068 in
3266 3008 3544 3084 lacrymis

1994 3111 2468 3188 compunctionis
2494 3111 2819 3185 pernoctat.
2862 3111 2939 3166 De
2976 3104 3239 3166 secundo
3266 3119 3392 3163 non
3429 3103 3540 3163 ab·

1994 3207 2174 3265 surde
2210 3206 2533 3280 accipitur,
2579 3203 2749 3278 quod
2784 3202 3060 3260 scribitur
3085 3201 3106 3235 ⁸
3147 3218 3162 3256 ι
3218 3220 3245 3253 α
3273 3200 3318 3258 Ο
3359 3213 3542 3272 quam

1993 3302 2243 3375 pulchra
2273 3305 2359 3359 est
2395 3303 2556 3357 casta
2593 3296 2894 3370 generatio
2936 3310 3073 3353 cum
3101 3291 3394 3352 claritate!
3428 3296 3541 3351 lm-

1993 3394 2261 3454 mortalis
2296 3397 2383 3452 est
2420 3392 2580 3451 enim
2621 3389 2913 3449 memoria
2938 3388 3097 3447 illius
3125 3406 3140 3445 ε
3173 3386 3459 3461 quoniam
3487 3390 3544 3444 et

1995 3486 2160 3562 apud
2202 3489 2384 3545 Deum
2430 3491 2573 3545 nota
2617 3491 2733 3556 est,
2772 3490 2829 3543 et
2871 3483 3036 3558 apud
3069 3481 3359 3541 homines.
3398 3485 3543 3539 Cum

1991 3597 2249 3656 praesens
2269 3584 2373 3652 est,
2399 3580 2567 3639 illam
2587 3579 2889 3638 imitantur
2907 3596 2925 3649 3
2956 3580 3014 3635 et
3033 3576 3368 3636 desiderant
3387 3590 3540 3644 eam,

1995 3692 2133 3735 cum
2178 3692 2240 3734 se
2301 3675 2590 3748 eduxerit,
2643 3678 2701 3732 et
2742 3674 2806 3730 in
2853 3675 3207 3749 perpetuum
3260 3675 3544 3729 coronata

1993 3771 2337 3853 triumphat.
2355 3790 2383 3825 ιο
2407 3773 2545 3841 Quas
2571 3774 2656 3829 est
2671 3767 3197 3843 istatampulchra,
3220 3769 3542 3838 tameasta,

1993 3869 2118 3924 tam
2159 3865 2321 3924 clara
2349 3864 2684 3939 generatio,
2712 3862 2827 3920 nisi
2861 3860 3241 3937 pulchritudo
3263 3860 3501 3934 ,iustitiae
3521 3905 3540 3932 ,

1994 3975 2180 4034 quam
2225 3957 2453 4018 castitas
2499 3957 2770 4031 concepit
2819 3973 2894 4014 ex
2947 3955 3255 4027 charitate,
3302 3954 3367 4012 id
3422 3958 3540 4028 est,

1994 4052 2334 4112 beatissima
2388 4051 2564 4124 Virgo
2627 4050 2703 4108 de
2771 4049 2988 4125 Spiritu
3053 4052 3259 4107 sancto
3278 4050 3308 4105 ἵ
3362 4049 3543 4122 HuJus

1992 4163 2203 4207 revera
2247 4145 2598 4205 immortalis
2642 4147 2731 4204 est
2774 4143 3107 4203 memoria:
3156 4143 3334 4217 hujus
3377 4143 3543 4218 apud

1993 4244 2181 4300 Deum
2225 4245 2282 4300 et
2333 4240 2607 4299 homines
2653 4238 2904 4298 celebris
2953 4242 3040 4296 est
3085 4237 3334 4308 notitia;
3388 4237 3542 4294 hanc

1992 4334 2294 4393 imitamur
2333 4350 2571 4409 passam
2606 4335 2669 4391 in
2705 4332 2874 4391 terris
2894 4374 2914 4403 ,
2940 4331 3053 4390 sibi
3079 4331 3539 4407 compatientes;

1992 4428 2146 4487 hanc
2199 4428 2609 4487 desideramus
2658 4429 3006 4485 coronatam
3058 4425 3120 4482 in
3173 4424 3336 4482 coelis
3355 4464 3375 4494 ,
3427 4422 3542 4481 sibi

1993 4524 2366 4600 complacere
2399 4525 2719 4583 studentes,
2759 4526 2839 4581 De
2872 4522 3041 4580 tertio
3067 4523 3336 4596 patenter
3363 4533 3544 4592 expo-

1990 4621 2151 4679 nitur
2178 4618 2345 4695 quod
2383 4617 2736 4694 proponitur
2761 4618 2783 4652 ⁶
2814 4635 2829 4675 ε
2865 4636 2895 4672 α
2939 4615 3059 4674 Sub
3102 4614 3317 4673 umbra
3343 4612 3540 4682 illius,

1994 4730 2172 4789 quem
2213 4713 2710 4782 desideraveram,
2741 4710 2891 4777 sedi,
2922 4713 2981 4768 et
3005 4709 3229 4767 fructus
3256 4707 3383 4780 ejus
3410 4705 3544 4763 dul-

1992 4808 2075 4865 cis
2108 4807 2327 4881 gutturi
2353 4822 2511 4864 meo.
2551 4826 2579 4860 w
2616 4803 2808 4862 Verba
2848 4817 3111 4877 namque
3146 4805 3284 4858 sunt
3310 4814 3541 4874 sponsae

1990 4901 2247 4959 sedentis
2293 4915 2400 4974 per
2444 4898 2818 4956 vacationem
2862 4896 2975 4954 sub
3027 4894 3245 4953 umbra
3299 4894 3537 4968 sponsi,

1989 5014 2101 5072 per
2136 4994 2517 5054 umbratilem
2550 4993 3017 5068 speculationem
3055 4990 3443 5050 desiderantis
3471 4990 3538 5048 il-

1988 5092 2105 5149 lius
2133 5090 2458 5147 dilucidam
2498 5088 3094 5162 contemplationem,
3122 5091 3177 5146 et
3209 5085 3539 5161 recipientis

1989 5185 2258 5258 aliquam
2278 5183 2634 5241 fruitionem.

2053 5382 2117 5447 (a)
2157 5382 2300 5447 ναις.
2330 5381 2648 5433 rationabile.
