4196 6294
750 447 873 507 400

1394 634 1657 699 Epilogus.

822 769 1029 843 Liquet
1055 767 1255 841 itaque
1284 780 1404 822 vox
1438 762 1756 821 Psalmistae
1789 765 2002 837 typum
2044 760 2301 834 gerentis

750 879 1020 937 personae
1048 861 1296 918 devotoe.
1325 859 1512 915 Media
1544 862 1696 914 nocte
1714 874 1734 913 .·
1762 871 1897 915 ecce
1925 860 2162 931 tempus
2189 870 2299 911 no-

752 962 882 1014 tans
904 956 1149 1013 affectus
1178 952 1564 1024 illectionem;
1594 953 1870 1022 sumebam
1893 967 1915 1007 .·
1942 966 2076 1008 ecce
2103 951 2301 1006 motus

751 1051 1080 1109 subnotans
1141 1048 1301 1106 illius
1356 1046 1749 1116 erectionem;
1806 1045 1879 1101 ad
1940 1044 2301 1115 confitendum

754 1146 861 1202 tibi
904 1162 925 1201 .·
972 1160 1104 1202 ecce
1151 1140 1435 1200 terminus
1479 1142 1770 1196 annotans
1823 1138 1951 1211 ejus
1998 1136 2301 1212 perfectio·

750 1254 891 1296 nem
907 1257 926 1309 3
963 1254 1123 1311 super
1148 1237 1360 1308 iudicia
1377 1237 1792 1308 justificationis
1822 1240 1926 1291 tuoe
1957 1254 1975 1289 ε
2006 1249 2142 1291 ecce
2169 1249 2301 1290 mo-

751 1333 874 1391 tiva
910 1332 1089 1405 ratio,
1129 1330 1253 1389 sive
1294 1330 1479 1389 virtus
1515 1332 1843 1388 connotans
1886 1328 2015 1401 ejus
2054 1342 2302 1402 provec-

750 1427 993 1485 tionem.

1288 1565 1628 1609 nnslcutus
1660 1565 1755 1607 XV.

822 1717 917 1771 63.
946 1714 1228 1783 Partioeps
1257 1725 1350 1781 eqo
1373 1724 1521 1774 sum,
1553 1711 1661 1765 etc.
1688 1705 2211 1777 Quemadmodum
2241 1704 2303 1761 in

753 1804 1104 1880 superandis
1130 1803 1305 1861 malis
1327 1801 1618 1860 utendum
1647 1805 1733 1858 est
1757 1801 2147 1857 instrumento
2176 1798 2300 1856 dis-

755 1898 1030 1957 cretionis
1074 1901 1130 1956 et
1175 1896 1507 1955 devotionis
1527 1939 1547 1968 ,
1591 1899 1658 1953 ut
1704 1894 1913 1952 claruit
1956 1894 2020 1951 in
2064 1893 2304 1952 duobus

755 1992 1027 2050 versibus
1087 1990 1499 2065 suprascriptis
1519 2032 1538 2062 ,
1593 1988 1657 2045 in
1711 1988 1991 2046 eumdem
2050 1986 2303 2044 modum

757 2086 1047 2145 utendum
1073 2088 1159 2142 est
1184 2085 1247 2142 in
1275 2083 1418 2158 ipsis
1441 2082 1829 2141 instrumento
1852 2080 2147 2155 generalis
2173 2095 2304 2138 ora-

758 2180 933 2237 tionis
942 2223 961 2253 ,
992 2180 1159 2252 cujus
1194 2178 1378 2236 virtus
1413 2176 1772 2251 suffragatur
1797 2191 2065 2251 personae
2093 2172 2300 2245 debili,

756 2276 904 2332 sicut
953 2273 1122 2331 cibus
1168 2272 1502 2331 communis
1555 2269 1828 2329 membro
1874 2268 2039 2327 inani
2091 2285 2108 2324 ε
2161 2283 2306 2341 qua-

754 2372 997 2443 propter
1043 2368 1199 2425 circa
1248 2366 1541 2440 generalis
1594 2363 1880 2423 orationis
1924 2361 2303 2437 participium

754 2466 1030 2521 notantur
1074 2464 1333 2536 quatuor
1376 2478 1485 2536 per
1521 2461 1680 2519 hunc
1722 2475 1993 2529 versum,
2030 2456 2306 2515 videlicet

756 2557 873 2614 cibi
930 2556 1352 2628 communitas,
1401 2554 1657 2613 membri
1708 2553 1997 2623 inanitaS,
2041 2551 2304 2624 negandi

755 2650 1190 2722 inhumanitas,
1246 2648 1516 2708 donandi
1571 2647 1927 2706 humanitas,
1986 2646 2167 2704 Cibus
2220 2648 2307 2703 est

755 2744 1040 2802 orationis
1062 2744 1288 2801 fructus
1298 2763 1317 2816 3
1339 2743 1702 2814 membrum,
1725 2741 1977 2816 quilibet
1991 2740 2160 2798 fideli
2168 2756 2299 2813 um;

757 2839 1012 2897 donator
1036 2838 1137 2896 vel
1167 2840 1436 2910 negator,
1466 2837 1764 2895 humanus
1805 2836 1904 2893 vel
1945 2834 2306 2893 inhumanus

757 2936 978 2991 orator.

1253 3005 1541 3062 Articulus
1573 3004 1808 3075 primus.

828 3122 1124 3191 Quantum
1161 3119 1242 3178 ad
1275 3118 1572 3194 primum,
1619 3115 1892 3176 scribitur
1922 3134 1937 3173 :
1987 3118 2303 3189 Particepu

756 3214 863 3274 ubi
889 3232 998 3290 per
1037 3213 1390 3290 participem
1416 3211 1810 3271 subaudimus
1838 3210 2094 3268 fructum
2132 3211 2309 3283 parti-

758 3309 1076 3385 cipabilem
1119 3329 1136 3366 =
1182 3307 1232 3367 si
1281 3307 1440 3365 enim
1477 3303 1887 3380 participabile
1932 3302 2081 3361 nihil
2128 3308 2305 3375 esset,

757 3420 869 3462 nec
895 3403 1188 3477 particeps
1219 3417 1343 3459 esse
1370 3403 1588 3473 posset.
1616 3399 1717 3457 Hic
1743 3398 2110 3469 notandum,
2141 3398 2307 3472 quod

757 3497 971 3572 triplex
1017 3496 1231 3569 legitur
1272 3494 1651 3568 participium
1699 3513 1716 3550 ε
1759 3492 2071 3568 quoddam
2124 3492 2305 3564 utile3

760 3591 1072 3665 quoddam
1113 3589 1352 3660 inuti1e3
1395 3587 1707 3662 quoddam
1754 3587 2144 3662 impossibile.
2175 3590 2308 3646 Par-

760 3683 1026 3758 ticipium
1054 3683 1276 3758 quippe
1304 3681 1605 3757 spirituale
1642 3698 1779 3739 cum
1807 3681 1973 3740 fideli
2011 3687 2098 3740 est
2123 3681 2306 3754 utile,

762 3797 899 3838 cum
930 3779 1152 3837 infideli
1174 3822 1195 3851 ,
1231 3777 1476 3850 inutile;
1522 3782 1579 3836 et
1606 3795 1745 3835 cum
1771 3780 2059 3852 utroque,
2087 3777 2309 3852 impos-

762 3874 954 3931 sibile.
986 3877 1063 3931 De
1102 3873 1300 3948 primo
1328 3872 1345 3906 ¹
1376 3891 1389 3928 :
1427 3894 1454 3927 α
1483 3875 1707 3931 Fratres
1735 3873 1951 3946 sancti,
1981 3871 2311 3931 vocationis

764 3966 1011 4024 coelestis
1049 3965 1362 4041 participes
1403 3964 1538 4024 estis
1577 3985 1592 4022 ε
1633 3986 1662 4021 »
1698 3982 1831 4023 ecce
1870 3966 2142 4023 fidelium
2167 3966 2309 4024 utile

763 4062 1160 4137 participium.
1200 4063 1279 4118 De
1321 4061 1585 4119 secundo
1611 4061 1635 4095 ¹
1666 4081 1680 4116 ε
1725 4080 1755 4116 ι
1801 4061 1963 4119 Foeni
2000 4060 2136 4120 cibo
2183 4078 2308 4119 ves-

765 4158 960 4212 centes
987 4155 1472 4226 demorabantur,
1496 4170 1572 4214 ne
1598 4154 1915 4229 participes
1936 4159 2129 4214 essent
2146 4154 2310 4214 coin-

765 4248 1126 4323 quinationis
1168 4267 1186 4306 :
1240 4268 1267 4302 n
1316 4263 1451 4305 ecce
1496 4246 1830 4305 infidelium
1875 4247 2081 4306 inutile
2129 4249 2311 4323 parti-

766 4342 1005 4417 cipium.
1060 4345 1139 4399 De
1192 4341 1361 4399 tertio
1391 4344 1413 4379 ³
1458 4361 1471 4396 ε
1539 4361 1568 4396 α
1620 4344 1749 4400 Non
1800 4342 2042 4415 potestis
2092 4359 2312 4401 mensae

765 4436 998 4494 Domini
1050 4435 1364 4510 participes
1412 4451 1567 4505 esse,
1615 4441 1673 4493 et
1723 4451 1942 4494 mensoe
1987 4436 2311 4496 daemonio-

765 4547 902 4589 rum
928 4550 942 4589 ε
971 4552 1000 4587 ι»
1030 4546 1165 4590 ecce
1188 4528 1457 4588 fidelium
1486 4545 1556 4588 ac
1582 4529 1914 4588 infidelium
1945 4531 2312 4606 impossibile

767 4625 1165 4701 participium.

1243 4776 1527 4833 Articulus
1561 4775 1839 4834 secundus.

836 4913 1131 4980 Quantum
1158 4910 1239 4968 ad
1276 4908 1596 4984 secundum
1611 4952 1632 4982 ‚
1660 4910 1925 4985 sequitur
1957 4929 1972 4967 ε
2014 4914 2128 4984 Eoo
2153 4928 2310 4985 sum3

766 5021 886 5062 vox
940 5007 1028 5062 est
1075 5019 1344 5078 personae
1405 5003 1650 5076 debilis,
1716 5010 2001 5079 tanquam
2056 5006 2315 5064 membri

766 5099 977 5157 inanis.
1007 5101 1074 5155 Et
1104 5101 1278 5169 nota,
1311 5096 1479 5172 quod
1508 5102 1675 5157 terna
1709 5099 2122 5158 membrorum
2150 5100 2315 5158 diffe-

765 5192 956 5251 rentia
997 5193 1286 5266 reperitur
1325 5190 1389 5249 in
1432 5192 1689 5251 Ecclesia
1723 5212 1737 5251 ε
1785 5197 1873 5252 est
1923 5194 2085 5252 enim
2129 5210 2316 5252 mem-

830 5320 848 5354 ¹
878 5317 1050 5378 Helm,
1086 5330 1165 5382 ιιι,
1199 5321 1275 5370 u.
1302 5342 1363 5356 -
1388 5319 1410 5352 ²
1438 5318 1480 5367 ll
1508 5319 1694 5384 uach„
1725 5330 1779 5381 v,
1807 5321 1887 5372 27.
1915 5346 1977 5359 —
2005 5321 2024 5351 ³
2048 5322 2063 5371 Ι
2092 5321 2229 5384 Cor„
2258 5333 2313 5387 x,

768 5393 848 5442 2¹.
876 5415 939 5428 —
964 5394 982 5421 ⁴
1011 5391 1144 5450 Luc..
1180 5400 1310 5451 xxti,
1339 5391 1418 5440 27.
1454 5415 1518 5428 -
1552 5391 1574 5425 ⁸
1606 5390 1807 5455 Ephes„
1845 5404 1925 5457 111,
1958 5394 2006 5442 7.
2036 5419 2101 5430 -
2129 5394 2148 5423 ⁸
2174 5392 2313 5444 Psal.

1800 433 2218 500 EXPOSle
2263 431 2343 497 IN
2385 431 2916 500 PSALTERIUM.

2408 568 2587 627 brum
2612 586 2944 642 summum,
2974 570 3271 643 medium,·
3302 574 3359 629 et
3383 571 3667 630 infimum.
3695 572 3907 631 Hembri

2410 662 2648 735 summi,
2677 664 2896 723 scilicet
2930 665 3137 739 capitis
3176 665 3445 724 Ecclesiae
3470 666 3691 738 Christi,
3719 670 3799 723 est
3820 666 3910 723 mi-

2409 757 2655 815 nistrare
2698 758 3101 833 spiritualiter,
3147 774 3272 815 non
3306 758 3652 828 ministrari5
3687 758 3908 816 membri

2409 853 2594 911 medii
2621 857 2708 911 est
2726 853 3077 926 ministrare,
3107 858 3165 912 et
3184 854 3501 913 ministrari
3515 874 3532 926 ;
3547 855 3788 912 membri
3803 854 3910 911 infi-

2408 951 2492 1007 mi
2520 952 2608 1004 est
2641 963 2767 1005 non
2793 947 3160 1019 ministrare,
3198 948 3306 1005 sed
3341 947 3673 1006 ministrari.
3706 951 3777 1005 De
3811 949 3912 1022 pri·

2408 1058 2511 1099 mo
2539 1042 2558 1076 ⁸
2589 1059 2605 1099 :
2641 1062 2671 1097 α
2697 1046 2822 1116 Ego
2851 1045 2911 1100 in
2936 1044 3139 1102 medio
3164 1050 3428 1101 vestrum
3466 1061 3631 1113 sum,
3667 1043 3805 1101 sicut
3827 1044 3911 1117 qui

2409 1135 2737 1195 ministrat:
2769 1157 2797 1191 n
2847 1153 2982 1195 ecce
3009 1138 3349 1195 membrum
3385 1153 3681 1195 summum
3738 1137 3915 1193 minis·

2408 1234 2568 1288 trans
2604 1236 2851 1289 tantum.
2882 1235 2960 1289 De
2987 1232 3252 1290 secundo
3279 1233 3300 1267 ⁸
3325 1250 3341 1289 ε
3367 1251 3398 1287 α
3415 1234 3592 1305 Cujus
3615 1232 3788 1289 factus
3803 1247 3916 1288 sum

2412 1339 2523 1397 ego
2551 1324 2816 1383 minister
2841 1326 3169 1384 secundum
3197 1325 3427 1385 donum
3444 1326 3643 1400 gratiae
3663 1326 3786 1398 Dei,
3806 1342 3918 1399 quse

2413 1416 2555 1476 data
2579 1422 2665 1477 est
2692 1418 2840 1476 mihi
2876 1438 2890 1476 ε
2937 1441 2964 1471 n
3012 1436 3147 1478 ecce
3184 1420 3526 1479 membrum
3552 1417 3800 1477 medium
3827 1420 3920 1476 mi-

2412 1514 2666 1573 nistrans
2693 1519 2751 1574 et
2777 1516 3191 1575 ministratum.
3224 1519 3302 1576 De
3343 1519 3511 1576 tertio
3542 1516 3678 1574 dicit
3700 1515 3924 1574 Psalmo-

2413 1610 2679 1683 graphus
2724 1610 2836 1668 sub
2884 1610 3071 1669 infimi
3115 1612 3370 1669 membri
3417 1612 3612 1685 figura
3649 1614 3671 1647 ⁶
3710 1630 3723 1667 :
3758 1631 3784 1664 α
3820 1613 3922 1682 Ego

2411 1706 2610 1762 autem
2639 1705 2952 1763 mendicus
2977 1721 3131 1779 sum,
3156 1711 3210 1764 et
3226 1722 3455 1780 pauper
3484 1724 3500 1763 ε
3534 1707 3801 1765 Dominus
3826 1704 3925 1760 sol-

2413 1795 2609 1856 licitus
2664 1802 2750 1856 est
2783 1799 2899 1856 mei
2960 1817 2974 1856 t
3031 1819 3062 1853 n
3112 1815 3246 1858 ecce
3296 1801 3632 1858 membrum
3685 1798 3926 1857 infimum

2413 1891 2811 1950 ministratum
2840 1893 3057 1951 solum.

2923 2054 3199 2110 Articulus
3228 2056 3439 2110 tertius.

2483 2179 2779 2247 Quantum
2799 2177 2877 2235 ad
2905 2178 3165 2251 tertium,
3193 2179 3409 2238 dicitur
3439 2198 3454 2236 ε
3489 2180 3738 2238 Omnium
3763 2182 3928 2235 timen-

2414 2276 2552 2330 tium
2582 2277 2669 2341 te,
2702 2276 2760 2328 et
2785 2271 2923 2330 ideo
2962 2273 3364 2332 recedentium
3391 2274 3469 2333 ab
3498 2273 3926 2341 inhumanitate3

2412 2365 2558 2439 quia
2583 2365 2795 2424 timens
2834 2369 3021 2424 Deum
3060 2370 3147 2425 est
3183 2368 3466 2426 recedens
3511 2384 3551 2426 a
3592 2367 3779 2439 malo,
3806 2365 3930 2422 sicut

2412 2459 2685 2518 scribitur
2737 2462 2779 2516 ⁷.
2821 2462 2886 2517 Et
2945 2465 3126 2532 nota,
3168 2462 3336 2536 quod
3377 2461 3460 2520 sic
3515 2463 3778 2520 timentes
3827 2473 3930 2516 non

2411 2556 2668 2611 renuunt
2694 2554 3100 2613 communitati
3135 2556 3388 2628 servire,
3417 2556 3780 2631 pauperibus
3804 2552 3931 2609 sub-

2413 2647 2647 2719 venire,
2675 2664 2787 2722 pro
2820 2649 3232 2722 peccatoribus
3269 2649 3628 2709 intervenire
3659 2670 3673 2706 :
3704 2662 3931 2724 quorum

2411 2742 2674 2817 primum
2702 2742 2955 2816 pertinet
2981 2744 3060 2801 ad
3086 2743 3426 2818 praesidium
3441 2763 3459 2816 ;
3490 2744 3843 2813 secundum,
3868 2738 3933 2797 ad

2412 2834 2781 2907 subsidium3
2820 2840 2879 2893 et
2907 2837 3142 2895 tertium
3161 2881 3179 2910 ,
3223 2837 3303 2895 ad
3329 2837 3701 2913 suffragium.
3733 2841 3804 2895 De
3832 2834 3934 2910 pri-

2413 2946 2515 2989 mo
2534 2932 2557 2967 ⁸
2589 2949 2603 2988 ε
2642 2950 2670 2984 α
2690 2931 2942 2990 Provide
2972 2931 3048 2990 de
3074 2932 3240 2991 omni
3273 2932 3450 3007 plebe
3484 2934 3649 2993 viros
3676 2933 3936 3008 potentes,

2413 3027 2470 3082 et
2500 3024 2768 3082 timentes
2799 3028 3022 3098 Deum,
3050 3026 3115 3084 in
3152 3026 3372 3101 quibus
3398 3027 3473 3085 sit
3498 3028 3743 3094 verim,
3774 3029 3825 3084 et
3849 3021 3937 3097 qui

2415 3117 2650 3178 oderint
2678 3120 2990 3180 avaritiam
3008 3165 3030 3190 ,
3060 3123 3117 3179 et
3142 3120 3428 3181 constitue
3455 3137 3532 3180 ex
3573 3122 3659 3181 eis
3698 3120 3938 3180 tribunos

2414 3216 2472 3270 et
2496 3214 2899 3286 centurioneS,
2928 3219 2986 3272 et
3012 3214 3559 3291 quinquagenarios
3586 3221 3644 3276 et
3670 3216 3938 3280 decanos,

2414 3307 2518 3382 qui
2548 3308 2816 3381 jndicent
2851 3308 3146 3383 populum
3189 3310 3356 3368 omni
3396 3314 3710 3386 tempore:
3751 3331 3779 3365 n
3823 3321 3940 3365 ecce

2415 3401 2720 3475 timentes,
2759 3403 2987 3477 populo
3014 3403 3420 3477 proesidenteS,
3453 3408 3510 3461 et
3557 3398 3938 3462 communitati

2414 3495 2750 3554 servientes,
2798 3499 2877 3553 De
2922 3497 3185 3554 secundo
3234 3498 3302 3554 ἐ
3351 3516 3381 3551 α
3427 3498 3609 3555 Filius
3652 3514 3713 3556 es
3755 3491 3942 3570 optimi

2414 3588 2548 3660 viri,
2583 3593 2639 3647 et
2652 3589 2826 3663 justi,
2857 3594 2914 3647 et
2940 3589 3196 3648 timentis
3218 3593 3438 3661 Deum,
3463 3595 3522 3648 et
3558 3591 3942 3663 eleemosynas

2413 3680 2715 3740 facientis:
2748 3704 2777 3740 x>
2809 3699 2944 3741 ecce
2973 3684 3205 3757 timens,
3236 3683 3575 3743 subsidium
3598 3682 3940 3759 impartienS,

2414 3777 2781 3850 pauperibus
2818 3776 3197 3835 subveniens
3241 3780 3319 3835 De
3369 3779 3540 3838 tertio
3588 3781 3845 3837 cantatur
3872 3774 3940 3828 ¹⁰:

2425 3891 2455 3924 α
2481 3871 2853 3931 Voluntatem
2905 3872 3236 3930 timentium
3282 3890 3346 3932 se
3389 3873 3566 3932 faciet
3583 3918 3602 3947 ,
3654 3879 3712 3933 et
3758 3873 3944 3946 depre-

2418 3966 2710 4024 cationem
2738 3984 2947 4025 eorum
2975 3967 3282 4037 exaudiet,
3326 3987 3354 4022 n
3390 3968 3612 4027 scilicet
3640 3967 3943 4026 timentium

2417 4061 2828 4133 peccatoribus
2854 4061 3305 4134 suffragantium
3320 4105 3340 4135 ,
3372 4067 3429 4120 et
3454 4079 3567 4136 pro
3607 4062 3749 4137 ipsis
3783 4060 3942 4118 inter-

2417 4154 2805 4212 venientium.

2915 4298 3199 4356 Articulus
3227 4305 3477 4371 quartus.

2489 4443 2783 4511 Quantum
2824 4439 2905 4498 ad
2941 4444 3255 4514 quartum,
3284 4439 3594 4513 subjicitur
3625 4458 3640 4497 ε
3681 4443 3754 4499 Et
3788 4443 3949 4497 custo-

2419 4537 2686 4594 dientium
2713 4535 2978 4591 mandata
3013 4539 3143 4607 tua,
3181 4534 3257 4592 de
3287 4534 3651 4608 benignitate
3680 4538 3737 4593 et
3760 4533 3952 4591 buma-

2419 4630 2599 4688 nitate
2652 4631 2860 4687 mutua
2913 4626 3196 4686 divinitus
3249 4628 3560 4703 imperata.
3619 4631 3698 4687 De
3752 4626 3951 4686 talibus

2421 4723 2539 4781 dici
2567 4726 2800 4797 potest,
2829 4721 2998 4797 quod
3037 4721 3321 4795 scriptum
3361 4726 3449 4780 est
3495 4723 3536 4759 ¹¹
3570 4741 3585 4781 ε
3625 4742 3656 4778 α
3680 4727 3805 4782 Non
3831 4718 3952 4779 reli-

2420 4819 2627 4895 quistis
2667 4817 2876 4877 fratres
2916 4820 3142 4876 vestros
3175 4817 3358 4890 longo
3386 4823 3656 4890 tempore
3690 4813 3952 4892 usquein

2418 4917 2769 4988 praesentem
2799 4912 2981 4985 diem,
3009 4911 3403 4971 custodientes
3427 4912 3749 4987 imperium
3774 4907 3954 4968 Domi·

2420 5009 2483 5065 ni
2510 5007 2609 5065 Dei
2638 5006 2836 5064 vestri.
2867 5027 2895 5060 n
2929 5010 2997 5064 Et
3022 5010 3164 5064 nota
3193 5006 3269 5063 de
3296 5006 3515 5064 talibus
3541 5004 3953 5063 humanitatem

2420 5099 2905 5171 custodientibus,
2943 5099 3110 5175 quod
3140 5100 3253 5174 ipsi
3281 5099 3621 5159 custodiunt
3650 5100 3786 5158 vitoe
3812 5094 3952 5154 veri-

2421 5198 2620 5267 tatem,
2663 5193 2900 5268 fugiunt
2942 5193 3361 5267 infelicitatem,
3418 5195 3736 5271 acquirunt
3785 5190 3954 5252 felici-

2422 5333 2616 5384 xxxrx,
2665 5324 2744 5372 18.
2772 5348 2837 5360 -—
2872 5324 2888 5353 ⁷
2924 5320 3035 5387 lob,
3075 5334 3114 5386 1,
3162 5324 3210 5372 3.
3239 5349 3303 5359 —
3337 5322 3360 5358 ⁸
3397 5321 3579 5381 Est-od„
3617 5332 3771 5386 xvm,
3798 5323 3956 5369 21.—

2420 5394 2443 5428 ⁹
2472 5392 2603 5457 Tob„
2630 5405 2706 5459 lx,
2734 5395 2782 5445 9.
2805 5418 2867 5431 -
2897 5394 2936 5430 ¹⁶
2962 5392 3100 5445 Psal.
3135 5405 3312 5456 ext-w,
3343 5396 3421 5445 19.
3448 5421 3512 5432 -
3536 5394 3570 5428 ¹¹
3599 5397 3727 5456 Joe„
3757 5402 3886 5453 xxu,
3910 5389 3952 5437 3.
