4196 6294
1550 446 1913 518 PSALMUS
1957 448 2216 517 cxvm.

292 590 435 649 tiam
475 589 557 649 'ab
606 588 856 650 Herode.
899 591 977 646 De
1021 587 1284 647 secundo
1314 588 1332 622 ¹
1366 608 1380 643 ε
1435 606 1465 642 α
1494 589 1641 645 Cum
1681 588 1832 644 esset

291 683 449 742 filius
474 685 613 756 Dei,
645 684 851 742 didicit
885 700 960 742 ex
984 683 1077 742 his
1095 724 1115 754 ‚
1141 699 1275 757 quas
1302 697 1510 757 passus
1537 685 1657 752 est,
1686 679 1831 738 obe·

292 777 616 837 dientiam:
646 799 675 833 n
700 794 832 836 ecce
861 776 1125 835 discendi
1151 775 1452 851 patientia.
1473 778 1551 832 De
1580 773 1748 832 tertio
1769 773 1829 828 ²:

300 891 329 925 α
354 875 511 930 Mens
544 888 681 930 mea
722 871 1117 947 contemplata
1156 874 1243 928 est
1284 870 1471 928 multa
1507 868 1831 942 sapienter,

295 968 353 1023 et
380 964 561 1024 didici
590 983 606 1023 ε
635 986 663 1019 »
701 981 834 1023 ecce
864 964 1131 1022 discendi
1157 964 1461 1038 sapientia.

936 1121 1193 1186 Epilogus,

367 1242 449 1298 Ex
475 1238 569 1297 his
611 1237 927 1297 clarescere
968 1241 1159 1312 potest
1197 1236 1504 1312 proposita
1530 1252 1651 1295 vox
1694 1237 1834 1293 Pro-

294 1334 508 1410 phetas,
532 1332 725 1390 vicem
751 1332 1005 1406 gerentis
1032 1330 1265 1403 animm,
1289 1331 1371 1389 ad
1396 1346 1665 1389 amorem
1689 1327 1838 1385 veri-

296 1426 430 1486 tatis
471 1425 785 1485 indicantis
824 1430 1115 1500 provectas
1147 1444 1162 1483 :
1202 1425 1284 1484 ait
1329 1424 1490 1483 enim
1532 1422 1787 1480 fideliter
1820 1439 1834 1477 z

297 1525 496 1582 Manus
538 1529 646 1579 tuce
658 1539 677 1593 ;
724 1521 789 1577 in
833 1535 955 1594 quo
999 1518 1441 1594 magnificentia
1483 1515 1837 1590 divinitatis,

299 1616 500 1674 subdit
524 1614 874 1676 fiducialiter
903 1632 918 1670 z
948 1616 1203 1671 Fecerunt
1224 1630 1306 1671 me
1316 1655 1338 1684 ‚
1360 1619 1412 1670 et
1439 1614 1840 1684 plasmaverunt

299 1728 384 1770 me
416 1732 435 1781 ;
491 1710 553 1767 in
617 1725 741 1782 quo
812 1707 1124 1766 efficientia
1186 1705 1589 1765 humanitatis,
1665 1704 1843 1764 Addit

300 1805 599 1864 humiliter
630 1824 644 1862 :
669 1808 753 1861 Da
780 1805 917 1861 mihi
945 1805 1315 1871 intellectum,·
1344 1802 1407 1859 in
1435 1819 1557 1877 quo
1587 1801 1843 1859 intluen-

302 1901 405 1958 tia-
430 1897 729 1970 veritatis;
784 1895 1133 1971 superaddit
1174 1896 1396 1954 utiliter
1450 1914 1464 1954 ε
1531 1898 1597 1952 Ut
1640 1896 1845 1953 discam

302 1994 559 2065 mandata
612 1999 752 2065 ταας
809 1991 873 2049 in
929 2007 1051 2066 quo
1102 1990 1400 2049 evidentia
1450 1988 1844 2064 imperatoriae

304 2086 639 2145 voluntatiS.

864 2233 1201 2279 vsastcums
1236 2236 1293 2277 x.

377 2377 465 2431 74.
498 2372 606 2440 Qui
633 2373 824 2428 timent
863 2376 937 2441 te,
975 2370 1231 2428 videbunt
1255 2385 1357 2435 me,
1400 2370 1511 2427 etc.
1557 2366 1850 2426 Praecessit

305 2444 483 2525 amo?
494 2465 751 2524 veritatis
778 2464 1115 2537 indicantiS,
1142 2468 1198 2522 et
1223 2462 1486 2521 succedit
1505 2479 1675 2521 amor
1699 2463 1849 2521 veri-

304 2563 438 2620 tatis
480 2560 825 2620 laetificantis
846 2602 865 2631 ,
896 2575 1081 2633 quam
1123 2557 1403 2615 describit
1443 2574 1648 2615 versus
1684 2556 1849 2615 istius

306 2655 666 2715 continentia
709 2651 1227 2728 quadrimembris.
1254 2651 1504 2725 Cupiens
1530 2651 1689 2709 enim
1715 2652 1850 2709 illu-

304 2749 521 2808 minari
548 2747 838 2822 Propheta
858 2790 876 2819 ,
902 2746 1402 2805 illuminationem
1438 2746 1697 2820 postulat
1743 2760 1852 2821 per

306 2846 431 2902 haec
476 2844 662 2909 verba
692 2862 707 2900 z
746 2844 854 2910 Qui
881 2847 1101 2913 timent,
1147 2846 1255 2899 etc.
1275 2881 1295 2912 ,
1331 2845 1617 2914 tanquam
1648 2845 1850 2914 aperte

308 2937 553 2995 dicens:
603 2935 900 3010 Populum
943 2934 1349 3004 diffidentem,
1388 2949 1486 2991 me
1527 2933 1851 3002 videntem,

307 3033 487 3091 facies
515 3032 894 3099 arridentem,
925 3045 1062 3086 cum
1098 3028 1524 3085 illuminaveris
1560 3027 1853 3085 famulum

309 3125 708 3186 confidentem
727 3167 746 3195 ,
778 3127 836 3181 et
873 3122 957 3180 sic
978 3137 1089 3197 per
1112 3136 1396 3196 pavorem
1425 3121 1853 3195 concipientem

309 3224 645 3294 stuporem,
687 3222 745 3276 et
784 3216 1113 3291 parientem
1154 3217 1422 3274 favorem
1442 3257 1460 3286 ‚
1513 3215 1855 3274 introduces

309 3329 578 3372 amorem
609 3331 623 3370 z
675 3311 963 3386 quoniam
1006 3310 1070 3367 in
1103 3309 1406 3368 diffidente
1434 3326 1645 3384 pavor,
1673 3310 1735 3366 in
1763 3311 1851 3367 vi-

310 3408 486 3466 dente
516 3411 755 3480 stupor,
783 3406 845 3463 in
875 3404 1170 3464 arridente
1197 3403 1395 3476 favor,
1425 3404 1490 3462 in
1517 3403 1852 3462 confidente

311 3517 502 3561 amor.

503 3639 510 3646 ⁶
814 3572 1088 3628 Articulus
1119 3572 1345 3645 pvimus.

381 3692 674 3760 Quantum
715 3688 797 3747 ad
838 3688 1133 3763 primum,
1184 3687 1475 3761 Propheta
1526 3685 1796 3761 praedixit
1832 3704 1848 3743 ε

313 3787 423 3855 Qui
446 3789 638 3843 timent
663 3792 736 3855 te,
766 3787 822 3842 et
846 3783 985 3841 ideo
1014 3782 1294 3840 diffidunt
1313 3781 1387 3839 de
1408 3785 1483 3852 te,
1514 3782 1658 3855 quia
1678 3781 1855 3838 timor

314 3882 403 3938 est
447 3895 625 3938 causa
680 3876 1042 3936 diffidentiae.
1093 3874 1209 3933 Sed
1254 3877 1418 3946 nota,
1470 3874 1638 3948 quod
1685 3872 1855 3932 multi

314 3973 522 4032 timent
554 3970 906 4030 multifarie:
938 3969 1185 4044 quidam
1222 3983 1481 4042 namque
1507 3967 1715 4026 timent
1740 3984 1852 4025 vo·

315 4068 567 4126 luntarie
582 4107 602 4138 ‚
630 4066 778 4124 sicut
802 4064 1019 4140 probi3
1048 4063 1299 4138 quidam
1327 4063 1685 4134 necessarie,
1709 4064 1857 4121 sicut

312 4159 596 4234 reprobi3
653 4158 902 4233 quidam
953 4156 1283 4229 temerarie,
1340 4154 1489 4215 sicut
1542 4156 1717 4231 pigri.
1776 4158 1854 4213 De

315 4254 526 4312 timore
561 4252 755 4327 primo
783 4254 806 4289 ³
844 4270 860 4310 ε
899 4275 926 4306 «
965 4251 1250 4323 Obsecro,
1281 4250 1559 4323 Domine,
1588 4251 1664 4307 sit
1699 4250 1857 4309 auris

313 4351 419 4407 tua
445 4346 752 4407 attendens
778 4345 859 4405 ad
888 4346 1216 4405 orationem
1242 4359 1554 4403 servorum
1582 4347 1819 4403 tuorum
1835 4386 1857 4416 ,

312 4442 423 4516 qui
457 4441 669 4500 volunt
700 4440 906 4499 timere
951 4455 1175 4500 nomen
1199 4443 1370 4499 tuum
1398 4456 1414 4495 ε
1445 4457 1474 4491 n
1519 4452 1653 4495 ecce
1680 4436 1858 4496 timor

311 4534 705 4595 voluntarius.
729 4537 804 4593 De
824 4533 1086 4593 secundo
1103 4531 1377 4590 scribitur
1391 4529 1470 4589 ab
1489 4529 1770 4605 apostolo
1793 4531 1850 4588 *ε

321 4651 353 4684 α
377 4631 435 4689 Si
463 4629 691 4688 malum
716 4627 945 4698 feceris,
971 4627 1115 4685 time
1146 4645 1161 4686 t
1191 4642 1316 4685 non
1344 4624 1501 4683 enim
1527 4624 1653 4683 sine
1680 4640 1859 4685 causa

311 4724 587 4799 gladium
615 4715 813 4798 portat
843 4740 859 4780 ε
897 4741 927 4777 n
974 4735 1108 4779 ecce
1151 4719 1329 4778 timor
1358 4719 1740 4777 necessarius.
1777 4719 1858 4778 De

238 4885 247 4894 ,
312 4819 488 4881 tertio
516 4835 721 4878 servus
740 4818 910 4893 piger
938 4819 1021 4878 ait
1043 4818 1292 4876 Domino
1321 4818 1343 4852 ⁸
1371 4833 1388 4874 z
1425 4835 1455 4871 α
1477 4816 1686 4889 Timui,
1716 4815 1861 4890 quia

311 4915 503 4976 homo
543 4915 811 4972 austerus
846 4926 936 4984 es,
965 4932 995 4967 n
1041 4914 1152 4970 etc.
1185 4930 1201 4970 ε
1232 4926 1369 4969 ecce
1410 4910 1589 4971 timor
1610 4916 1860 4972 temera-

312 5010 461 5070 rius.
506 5009 704 5067 Timor
744 5005 974 5081 primus
1021 5020 1147 5064 non
1191 5009 1393 5064 causat
1435 5004 1858 5074 diffidentiam3

313 5102 425 5164 sed
450 5102 780 5172 secundus,
811 5105 868 5160 et
892 5102 1116 5160 tertius.

386 5255 400 5284 ¹
429 5251 600 5315 Hebr„
627 5264 683 5316 v,
713 5252 766 5302 8.
792 5274 854 5289 -
876 5248 1103 5314 'Ec-cle„
1130 5259 1172 5312 1,
1204 5249 1364 5299 160·-
1389 5249 1472 5299 ⁸11
1507 5247 1684 5310 Esar„
1716 5261 1753 5312 1,
1782 5251 1860 5300 ¹1.

316 5349 384 5364 --
409 5325 429 5354 ⁴
452 5325 609 5386 Rom„
649 5334 779 5386 ¹111,
807 5326 854 5374 4.
884 5347 946 5361 —
974 5322 992 5352 ⁵
1024 5321 1163 5383 Luc„
1198 5331 1322 5382 xix,
1343 5323 1422 5372 21.
1453 5346 1513 5360 -
1541 5321 1562 5356 ⁸
1596 5321 1757 5382 Rom„
1787 5331 1861 5386 xx,

316 5400 399 5451 22.
442 5421 505 5434 —
543 5397 561 5427 ⁹
598 5394 726 5446 ibid.
773 5421 828 5433 -
868 5397 886 5426 ⁸
924 5396 940 5445 1
978 5394 1142 5458 Joan„
1188 5403 1284 5457 ιιι,
1334 5396 1379 5443 1.
1426 5418 1481 5432 -
1517 5392 1540 5427 ⁹
1575 5392 1710 5445 Psal.
1755 5404 1861 5457 cvi,

3362 460 3482 522 413

2419 652 2703 709 Animatus
2727 649 3008 709 secumdus.

2015 778 2313 844 Quantum
2348 775 2429 833 ad
2472 776 2839 845 secundum,
2864 773 3180 848 adjunxit:
3217 777 3488 835 Videbunt

1942 884 2057 939 me,
2107 871 2165 926 et
2205 868 2428 927 idcirco
2468 869 2788 944 stupebunt
2825 884 3005 943 super
3037 884 3165 940 me,
3192 884 3303 943 pro
3341 871 3486 930 novi

1942 959 2188 1018 luminis
2225 961 2481 1033 visione,
2528 962 2699 1036 quasi
2729 977 2840 1037 pro
2868 961 3004 1020 caeci
3032 960 3482 1022 illuminatione.

1944 1057 2012 1113 Et
2050 1060 2216 1126 nota,
2258 1056 2426 1129 quod
2466 1055 2645 1113 vicini
2693 1055 2915 1113 debent
2950 1054 3015 1112 in
3066 1055 3245 1114 nobis
3280 1056 3486 1117 videre

1945 1147 2214 1207 divinam
2240 1149 2628 1219 severitatem,
2656 1148 3004 1221 bonitatem,
3033 1151 3093 1207 et
3120 1149 3487 1223 charitatem,

1946 1246 2238 1315 quantum
2264 1241 2345 1300 ad
2368 1242 2923 1315 transgredientium
2951 1242 3264 1316 cautelam,
3292 1259 3490 1318 regre-

1949 1334 2236 1393 dientium
2262 1336 2560 1395 medelam
2574 1379 2592 1409 ‚
2623 1336 3128 1411 progredientium
3154 1337 3491 1402 suadelam·

1948 1426 2027 1482 De
2073 1425 2270 1499 primo
2299 1427 2365 1482 ⁶:
2414 1446 2446 1481 a
2484 1426 2629 1485 Vide
2674 1427 2735 1485 in
2781 1443 2884 1487 eos
2906 1470 2925 1499 ,
2965 1426 3069 1502 qui
3112 1426 3487 1501 ceciderunt,

1948 1518 2319 1577 severitatem
2355 1537 2370 1578 ε
2417 1541 2447 1575 ι»
2498 1536 2632 1579 ecce
2665 1521 2816 1579 visio
2859 1521 3181 1581 severitatis
3219 1527 3489 1598 respectu

1947 1613 2524 1686 transgredientium.
2569 1618 2649 1675 De
2685 1617 2948 1675 secundo
2974 1619 2997 1654 ⁷
3045 1635 3060 1675 :
3097 1636 3127 1672 α
3171 1619 3317 1677 Vide
3343 1619 3407 1678 in
3434 1622 3491 1678 te

1949 1705 2279 1766 bonitatem
2318 1708 2451 1780 Dei,
2483 1710 2531 1767 si
2562 1711 2956 1784 permanseris
2993 1711 3056 1769 in
3095 1712 3359 1771 bonitate
3400 1729 3418 1771 ε
3456 1731 3485 1769 s

1951 1815 2086 1859 ecce
2138 1801 2290 1860 visio
2352 1803 2634 1863 bonitatis
2687 1809 2958 1880 respectu
3008 1806 3489 1880 regredientium.

1951 1895 2031 1952 De
2062 1894 2232 1953 tertio
2257 1893 2280 1927 ⁸
2311 1912 2328 1954 z
2365 1915 2394 1950 α
2420 1897 2654 1967 Videte,
2691 1899 2932 1972 qualem
2960 1899 3299 1959 charitatem
3330 1901 3496 1960 dedit

1951 1987 2130 2047 nobis
2171 1990 2323 2047 Deus
2363 1992 2557 2063 Pater,
2601 1995 2668 2049 ut
2705 1991 2813 2049 filii
2855 1993 2956 2050 Dei
2997 1994 3408 2066 nominemur,
3437 1999 3497 2054 et

1953 2082 2138 2140 simus
2166 2101 2182 2141 ε
2212 2101 2243 2137 ι
2283 2084 2531 2155 scilicet,
2561 2090 2627 2143 ut
2659 2085 2770 2143 filii
2795 2087 2980 2157 lucis,
3018 2088 3390 2146 ambulando
3418 2088 3495 2149 ds

1952 2175 2118 2237 bono
2143 2177 2205 2235 in
2231 2177 2448 2237 melius
2484 2196 2500 2237 t
2538 2194 2673 2238 ecce
2710 2180 2859 2240 visio
2896 2181 3195 2241 charitatis
3226 2187 3496 2257 respectu

1953 2271 2481 2344 progredientium.

2451 2431 2736 2491 Articulus
2777 2437 2990 2492 tertius.

2026 2555 2322 2623 Quantum
2339 2555 2420 2614 ad
2435 2556 2690 2629 tertium,
2713 2560 2995 2618 annexuit
3012 2575 3032 2617 ε
3055 2562 3127 2617 Et
3145 2561 3495 2634 testabuntur,

1956 2646 2105 2706 mihi
2127 2647 2479 2708 colloetando
2497 2650 2701 2709 favore
2719 2651 3036 2711 benevolo.
3063 2655 3130 2712 Et
3145 2656 3308 2724 nota,
3332 2656 3500 2729 quod

1958 2741 2177 2799 diversi
2212 2741 2580 2802 collaetantur
2623 2744 2820 2817 alicui,
2858 2748 2916 2803 et
2941 2746 3261 2818 corrident,
3288 2764 3501 2807 secun-

1959 2836 2107 2896 dum
2133 2835 2368 2896 diversa
2392 2855 2526 2913 quae
2550 2839 2754 2899 vident
2781 2856 2975 2899 :nam
3002 2842 3105 2900 alii
3134 2842 3504 2905 collaetantur

1958 2930 2273 3002 severitati,
2297 2931 2399 2989 alii
2423 2932 2697 3003 bonitati,
2717 2933 2818 2992 alii
2842 2934 3128 2994 charitati.
3159 2937 3319 2995 Recti
3337 2952 3504 2996 nam·

1958 3039 2077 3097 que
2131 3023 2399 3083 laetantur
2440 3042 2552 3100 pro
2605 3028 2735 3085 visa
2777 3028 3114 3102 severitat03
3170 3046 3499 3106 pauperes,

1957 3132 2071 3192 pro
2104 3117 2402 3192 bonitate3
2423 3120 2736 3191 ferventes,
2756 3137 2866 3196 pro
2888 3122 3185 3183 charitate.
3210 3126 3287 3183 De
3305 3125 3501 3200 primo

1958 3226 2065 3284 per
2102 3212 2457 3285 prophetam
2483 3214 2751 3288 psallitur
2777 3217 2799 3251 ⁹
2829 3233 2843 3271 ε
2880 3236 2910 3271 α
2937 3216 3235 3276 Videbunt
3258 3218 3425 3291 recti,
3447 3223 3504 3277 et

1957 3302 2350 3376 laetabuntur,
2380 3328 2408 3358 ι»
2429 3323 2561 3364 ecce
2579 3308 2720 3366 recti
2741 3308 3096 3368 collaetantes
3123 3311 3260 3369 visoe
3284 3313 3502 3371 severi-

1958 3398 2083 3456 tati.
2128 3402 2208 3456 De
2245 3400 2510 3459 secundo
2564 3417 2669 3476 per
2721 3403 3087 3462 psalmistam
3132 3405 3346 3464 dicitur
3391 3406 3435 3443 ¹⁰
3483 3425 3499 3465 ε

1964 3509 1994 3546 ι
2014 3490 2266 3551 Videant
2290 3509 2617 3568 pauperes,
2656 3498 2714 3554 et
2755 3496 3022 3555 laetentur
3059 3516 3075 3555 ε
3112 3518 3142 3553 n
3179 3515 3314 3557 ecce
3348 3515 3501 3575 pau-

1958 3601 2131 3660 peres
2159 3590 2216 3644 et
2248 3586 2506 3645 humiles
2546 3588 2904 3649 collaetantes
2938 3591 3075 3650 visae
3113 3591 3383 3651 bonitati.
3425 3596 3503 3652 De

1958 3682 2130 3739 tertio
2159 3682 2372 3740 dicitur
2399 3700 2437 3742 a
2467 3684 2715 3744 Domino
2745 3688 2787 3724 ¹¹
2820 3706 2834 3744 :
2871 3708 2899 3742 α
2929 3691 3124 3746 Aaron
3167 3688 3345 3747 frater
3370 3693 3505 3748 tuus

1959 3775 2208 3845 LeviteS,
2264 3777 2410 3847 scic,
2452 3779 2620 3851 quod
2670 3779 2960 3854 eloquens
3001 3782 3076 3839 sit
3121 3799 3137 3839 ε
3186 3797 3322 3840 ecce
3378 3783 3504 3857 ipse

1961 3869 2295 3940 egredietur
2340 3869 2404 3927 in
2439 3887 2752 3930 occursum
2797 3878 2993 3945 tuum;
3039 3874 3367 3951 vidensque
3418 3879 3504 3949 te,

1960 3960 2256 4021 laetabitur
2290 3963 2471 4023 corde
2502 3983 2516 4022 ε
2555 3986 2585 4021 ι
2628 3982 2763 4023 ecce
2801 3967 3111 4041 quomodo
3149 3968 3362 4028 fervidi
3389 3969 3507 4028 col-

1961 4054 2232 4115 loetantur
2256 4057 2395 4116 visae
2415 4058 2779 4131 fraternitati,
2802 4076 2907 4118 seu
2933 4058 3203 4120 fraternis
3218 4061 3505 4122 charitati.

2457 4209 2742 4275 Articulus
2768 4224 3017 4292 quartus.

2032 4342 2329 4412 Quantum
2356 4341 2439 4400 ad
2465 4347 2764 4417 quartum,
2799 4345 3018 4417 adjecit
3046 4362 3062 4403 t
3094 4346 3240 4414 Quia
3263 4350 3325 4404 in
3349 4347 3508 4405 verba

1963 4441 2063 4493 tua
2093 4441 2474 4509 supersperavi
2507 4455 2529 4495 .-
2569 4454 2747 4512 super
2786 4455 2969 4514 quem
3006 4455 3205 4499 meam
3242 4441 3508 4500 radicavi

1962 4528 2270 4603 fiduciam,
2302 4535 2362 4588 et
2384 4531 2652 4591 fundavi.
2675 4537 2742 4592 Et
2759 4539 2924 4607 nota,
2944 4536 3111 4610 quod
3128 4552 3332 4595 secure
3352 4535 3509 4596 fidu-

1964 4623 2058 4683 cIa
2082 4623 2367 4683 fundatur
2391 4626 2653 4686 humana
2680 4644 2861 4702 super
2887 4630 3074 4689 verba
3096 4630 3329 4703 divina3
3358 4647 3507 4705 quo-

1965 4717 2129 4775 niam
2158 4717 2263 4776 illa
2283 4719 2469 4777 verba
2492 4736 2615 4778 non
2643 4727 2780 4780 sunt
2808 4722 3161 4794 seductoria,
3184 4739 3297 4782 nec
3325 4729 3509 4783 trans·

1965 4810 2139 4869 itoria
2151 4852 2173 4882 ,
2218 4812 2326 4870 sed
2383 4813 2824 4875 confirmatoria
2871 4834 2887 4873 ε
2937 4817 3080 4891 quia
3129 4833 3337 4877 revera
3383 4834 3510 4877 non

1966 4904 2258 4962 seducunt
2282 4946 2302 4977 ,
2360 4910 2645 4981 tanquam
2709 4924 2868 4968 vana
2895 4929 2913 4982 ;
2970 4926 3095 4969 non
3157 4916 3460 4971 transeunt
3486 4954 3509 4984 ,

1965 5001 2255 5072 tanquam
2280 4999 2587 5058 mundana
2597 5018 2617 5073 3
2662 5002 2768 5061 sed
2810 5002 3197 5080 confirmant,
3223 5007 3509 5081 tanquam

1966 5092 2474 5167 supermundana.
2504 5096 2583 5153 De
2624 5096 2821 5170 primo
2839 5098 2881 5135 ²²
2911 5115 2928 5156 ε
2962 5117 2993 5153 α
3034 5101 3218 5158 Nemo
3263 5115 3373 5160 vos
3414 5116 3509 5160 se-

1969 5186 2148 5247 ducat
2189 5186 2470 5247 inanibus
2514 5189 2731 5249 verbis.
2761 5212 2789 5246 n
2834 5192 2934 5251 Hic
2967 5193 3316 5269 improbans
3354 5199 3510 5271 Apo·

1971 5321 2050 5371 ⁴2.
2088 5344 2150 5356 -
2190 5318 2232 5348 ¹·
2270 5315 2404 5369 Psal.
2461 5328 2654 5384 uvm,
2697 5320 2779 5372 33.
2820 5346 2883 5361 ·-—
2925 5323 2963 5359 ¹¹
3003 5323 3191 5386 Est-od„
3235 5336 3311 5391 iv,
3355 5328 3406 5377 6.
3448 5351 3512 5366 -

1974 5391 2009 5421 ¹²
2040 5389 2245 5455 Ephe-³„
2279 5400 2330 5452 v,
2358 5391 2409 5441 6.
3514 5402 3518 5406 ·
