4196 6294
455 3107 461 3112 ’
507 3102 664 3147 Doni-

454 3176 542 3211 nn·
577 3178 667 3221 quo

482 3303 634 3336 servos

455 3364 561 3397 suos
595 3353 665 3397 in·

454 3415 577 3462 vitat.

687 500 805 561 5⁴2

1188 689 1464 746 mm
1495 689 1729 760 prm.

755 814 1066 875 invitamm
1089 811 1393 888 exprimit,
1421 810 1624 870 dicens
1649 830 1666 870 ε
1695 812 1991 885 σωιαφίυί
2012 815 2225 869 salsae-

683 907 1136 983 retmm,quia
1181 906 1597 981 concupiscere
1637 906 1889 980 pertinet
1923 905 2006 963 ad
2045 905 2221 963 affec·

685 1008 833 1062 tum.
861 1006 989 1061 Non
1031 1005 1120 1060 est
1163 1000 1640 1075 eoncupiscentia
1679 1000 1791 1057 ista
1829 999 2080 1071 vitiosa,
2116 999 2225 1058 sed

683 1098 993 1157 virtuosa:
1035 1111 1160 1154 non
1201 1093 1549 1170 prohibita,
1591 1093 1700 1152 sed
1751 1097 2065 1169 proecepta.
2118 1094 2228 1152 illa

683 1191 1064 1268 prohibetur,
1091 1205 1228 1247 cum
1270 1188 1484 1245 dicitur
1509 1187 1527 1221 ¹
1560 1204 1576 1244 ε
1610 1207 1640 1241 α
1683 1190 1812 1246 Non
1841 1188 2226 1262 concupisces

684 1301 898 1345 aurum
942 1289 1000 1342 et
1049 1285 1397 1356 argentum3
1437 1304 1466 1335 ι
1513 1281 1625 1339 ista
1671 1282 2047 1357 praecipitur,
2088 1298 2227 1340 cum

685 1376 1037 1440 scribitur¹z
1063 1376 1660 1451 «lacconcupiscite,
1686 1376 1930 1434 utineo
1955 1375 2228 1433 crescatis

683 1477 748 1533 in
793 1473 1064 1534 salutem,
1113 1493 1141 1528 ιι
1177 1471 1341 1529 Unde
1377 1469 1733 1535 notandum,
1764 1469 1933 1544 quod
1970 1484 2095 1527 non
2142 1474 2230 1527 est

684 1569 795 1627 ista
830 1565 1306 1642 concupiscentia
1348 1564 1542 1622 carnis
1566 1607 1585 1637 ‚
1613 1579 1724 1621 nec
1752 1561 2229 1638 concupiscentia

686 1662 995 1720 oculorum
1021 1679 1041 1732 ς
1084 1659 1193 1717 sed
1232 1657 1712 1732 concupiscentia
1739 1656 2060 1714 coelestium
2083 1671 2230 1729 gan⁶

685 1756 925 1815 diorum
945 1774 960 1813 t
983 1770 1238 1830 quarum
1258 1753 1453 1828 prima
1470 1752 1757 1822 humana,
1777 1750 2039 1808 secunda
2058 1764 2229 1807 mun·

685 1849 848 1910 dana
878 1892 898 1922 ,
947 1848 1115 1907 tertia
1161 1845 1661 1922 supermundana.
1713 1848 1791 1902 De
1839 1844 2035 1919 prima
2079 1842 2231 1900 dixit

685 1941 1420 2016 saranaguelisfllis22«
1454 1939 1769 2011 «Tuscis,
1797 1935 2229 2011 Domine,quia

688 2052 998 2113 nmquam
1022 2035 1336 2111 concupivi
1363 2035 1559 2093 virum
1590 2051 1607 2092 ε
1638 2055 1667 2086 n
1693 2032 1790 2091 hic
1816 2036 2064 2105 negatur
2089 2046 2227 2090 con-

689 2131 1049 2207 cupiscentia
1109 2131 1390 2189 humana.
1446 2131 1524 2187 De
1566 2127 1830 2186 secunda
1883 2125 2097 2184 dicitur
2147 2125 2226 2182 ab

688 2225 969 2302 Apostolo
988 2228 1011 2264 ⁸
1037 2243 1052 2283 ε
1087 2247 1116 2278 ιι
1142 2227 1491 2298 Argentum,
1520 2227 1578 2280 et
1604 2237 1819 2280 aurum
1834 2263 1853 2293 ,
1883 2223 1986 2278 aut
2000 2222 2226 2278 vestem

688 2319 910 2379 nullius
935 2317 1251 2394 concupivi
1274 2335 1335 2375 z»
1360 2317 1458 2375 hic
1474 2319 1728 2390 negatur
1752 2313 2230 2389 concupiscentia

688 2416 1014 2475 mundana.
1055 2417 1133 2472 De
1168 2412 1337 2472 tertia
1362 2413 1385 2448 ⁸
1414 2430 1430 2470 ε
1464 2430 1494 2466 ι
1521 2414 1664 2470 Ecce
1703 2409 2016 2485 concupivi
2052 2423 2225 2466 man·

689 2509 829 2569 data
848 2513 980 2582 tua,
1005 2529 1034 2565 n
1065 2524 1198 2583 quoe
1224 2510 1359 2564 sunt
1396 2505 1598 2564 salutis
1640 2504 1940 2563 meritoria
1968 2521 1983 2561 ε
2013 2502 2112 2560 hic
2138 2501 2227 2560 ai-

689 2603 958 2664 flrmatur
983 2599 1462 2676 concupiscentia
1485 2597 1986 2674 supermundana.

1164 2758 1445 2817 Arrianus
1478 2755 1756 2814 secundus.

762 2884 1106 2947 invitantem
1146 2881 1440 2957 expromit
1465 2884 1520 2939 et
1563 2878 1867 2955 exprimit,
1896 2877 2181 2952 adiiciens
2211 2897 2225 2935 t

691 2983 933 3051 Domine,
964 2977 1068 3052 qui
1092 2992 1189 3035 me
1217 2974 1479 3049 dignaris
1505 2973 1752 3031 invitare
1779 2971 1859 3030 ad
1887 2971 2232 3030 convivium

691 3074 964 3133 salutare.
993 3073 1059 3129 Et
1084 3074 1258 3142 nota,
1286 3068 1456 3144 quod
1481 3082 1685 3126 servos
1718 3082 1858 3124 suos
1883 3065 2090 3125 invitat
2118 3069 2232 3124 Do-

693 3169 888 3228 minus
915 3166 994 3226 ad
1023 3166 1219 3224 lucem
1252 3164 1697 3239 sempiternam,
1727 3161 1807 3220 ad
1833 3176 2046 3236 pacem
2073 3177 2226 3220 sem-

693 3263 1008 3339 piternam,
1048 3259 1128 3317 ad
1154 3258 1416 3335 laetitiam
1440 3256 1856 3330 sempiternam
1877 3273 1896 3326 3
1925 3254 2230 3313 invitando

695 3357 776 3417 ad
811 3368 1110 3415 summum
1138 3352 1368 3412 bonum
1403 3350 1703 3409 luculente
1741 3348 2100 3422 videndum,
2129 3365 2234 3424 pa-

694 3449 858 3509 cifice
883 3445 1333 3524 possidendum,
1359 3444 1655 3504 lautissime
1673 3443 2121 3518 perfruendum.
2151 3447 2230 3502 De

694 3546 890 3623 primo
916 3546 977 3603 ⁸:
1012 3563 1042 3597 α
1068 3542 1187 3602 Erit
1213 3541 1319 3600 tibi
1359 3540 1641 3600 Dominus
1679 3539 1744 3598 in
1778 3539 1976 3599 lucem
2002 3539 2234 3615 [sempi-

695 3645 923 3700 ternam
954 3657 968 3696 ε
998 3659 1028 3695 ιι
1062 3651 1197 3696 ecce
1227 3635 1333 3693 lux
1360 3633 1591 3693 Domini
1620 3632 1995 3708 sempiterna.
2024 3636 2103 3692 De
2141 3650 2234 3692 se·

695 3733 893 3793 cundo
925 3731 949 3766 ‘¹
985 3749 1001 3791 ε
1062 3752 1092 3785 ιι
1119 3730 1400 3791 Dominus
1443 3727 1607 3803 pacis
1662 3728 1761 3786 det
1808 3727 1983 3786 vobis
2023 3743 2233 3802 pacem

694 3827 1111 3905 sempiternam
1140 3842 1156 3882 τ
1185 3845 1214 3881 ιι
1249 3838 1381 3882 ecoe
1424 3837 1542 3898 pax
1585 3820 1816 3880 Domini
1856 3819 2229 3895 sempiterna.

695 3925 774 3983 De
800 3922 971 3983 tertio
1000 3923 1023 3958 ⁸
1054 3938 1069 3977 :
1106 3940 1134 3973 α
1151 3916 1263 3989 Qui
1291 3915 1583 3990 redempti
1609 3919 1746 3974 sunt
1772 3929 1810 3973 a
1835 3914 2109 3988 Domino,
2136 3930 2228 3973 re·

695 4021 1013 4089 vertentur,
1041 4017 1099 4073 et
1125 4011 1364 4072 venient
1388 4010 1453 4069 in
1480 4010 1619 4070 Sion
1643 4010 1977 4082 laudantes,
2005 4013 2061 4068 et
2085 4009 2234 4068 loeti-

695 4112 778 4171 tia
803 4110 1159 4185 sempIterna
1184 4121 1360 4182 super
1386 4104 1579 4179 capita
1604 4118 1813 4162 eorum
1843 4121 1906 4159 :n
1927 4118 2062 4161 ecce
2091 4102 2235 4161 laeti-

696 4205 777 4265 tia
794 4203 1023 4266 Domini
1049 4199 1424 4276 sempiterna.

1200 4358 1481 4416 Articulum
1517 4357 1728 4414 tertius.

767 4487 1125 4549 Excitantem
1151 4481 1364 4555 exerit,
1383 4479 1657 4556 inquiens
1687 4497 1702 4537 ε
1729 4482 1804 4538 Et
1849 4482 1936 4537 lem
1963 4485 2060 4536 tua
2097 4480 2234 4538 :lex

587 4630 593 4639 .
700 4584 858 4645 enim
880 4580 1127 4656 legentis
1149 4582 1410 4638 mentem
1433 4576 1643 4636 excitat
1664 4574 1744 4634 ad
1771 4573 2062 4633 virtutem.
2079 4574 2234 4645 Quid

508 4906 594 4951 Lex
609 4906 672 4950 lo·

487 4980 644 5024 quens,

489 5030 630 5075 insti-u

461 5104 558 5147 ens,
567 5104 670 5136 eon·

462 5155 624 5200 sulem.

698 4682 784 4739 est
818 4677 979 4738 enim
1019 4674 1182 4735 bona
1214 4670 1597 4747 pronuntiare
1611 4714 1631 4744 ,
1676 4669 1915 4730 utiliora
1952 4670 2233 4746 probare,

696 4773 955 4851 perfecta
1008 4769 1345 4839 consulere,
1410 4765 1520 4822 nisi
1577 4764 1962 4824 somnolentae
2023 4763 2235 4823 mentis

699 4867 940 4928 oculum
961 4864 1038 4924 ad
1062 4861 1291 4921 virtutis
1318 4858 1659 4919 exercitium
1684 4858 1975 4918 excitare?
1991 4861 2233 4930 Etuota,

700 4962 868 5042 quod
893 4959 1144 5035 legimus
1187 4956 1252 5013 in
1289 4953 1583 5030 Scriptura
1630 4953 1823 5028 legem
1868 4953 2235 5029 loquentem,

698 5058 891 5131 legem
916 5054 1326 5123 instruentem,
1357 5052 1412 5107 et
1445 5046 1640 5121 legem
1680 5047 2103 5106 consulentem.
2133 5049 2236 5105 Lo·

701 5165 890 5227 quens
936 5147 1148 5207 dicitur
1190 5146 1354 5204 bona
1399 5142 1874 5219 pronuntiando;
1919 5141 2232 5215 instruens,

763 5300 969 5362 meua,
995 5308 1091 5360 vu,
1116 5298 1196 5347 25.
1217 5319 1280 5333 —
1307 5293 1542 5358 ²1Petr.,
1566 5304 1635 5356 11,
1654 5295 1702 5344 2.
1729 5317 1791 5332 —
1819 5292 1838 5323 ⁸
1863 5291 1999 5358 Tob„
2026 5303 2121 5356 111,
2153 5292 2231 5342 16.

697 5397 760 5410 -
784 5371 803 5402 ⁴
826 5370 961 5430 Act„
993 5381 1083 5432 xx,
1110 5369 1189 5416 83.
1212 5392 1267 5403 —
1295 5365 1318 5400 ⁸
1339 5363 1481 5416 Psal.
1505 5363 1623 5428 hoc,
1650 5367 1727 5414 ⁴0.
1751 5391 1813 5403 —
1840 5366 1860 5395 ⁰
1886 5366 2009 5427 Iso„
2037 5375 2124 5426 Lx,
2156 5363 2231 5413 19.

698 5467 758 5483 -
787 5442 804 5473 ⁷
834 5442 876 5490 ιι
907 5438 1088 5501 ram„
1115 5447 1208 5501 m,
1231 5437 1308 5488 16.
1331 5460 1394 5474 -
1418 5434 1443 5470 ⁸
1462 5435 1583 5498 lua„
1610 5445 1682 5499 m,
1718 5438 1795 5487 11.
1824 5461 1887 5475 -
1914 5435 1939 5471 ⁰
1964 5435 2123 5498 Rom„
2153 5443 2232 5498 ιιι,

1735 489 2146 556 Exposmo
2191 488 2269 554 m
2316 490 2838 556 PSAL‘rssmtm.

2328 624 2565 684 utiliora
2588 625 2941 701 proband03
2968 625 3302 697 consulem,
3327 626 3589 701 perlecta
3624 642 3871 702 persua·

2329 716 2552 775 dendo.
2604 719 2701 776 Vis
2750 718 2960 777 audire
3019 719 3213 792 legem
3271 718 3617 793 loquentem
3640 722 3672 776 ?
3730 721 3877 780 audi

2328 813 2677 885 Apostolum
2702 817 3067 873 nursinum
3085 815 3154 870 ⁹:
3191 816 3635 889 «Quascumque
3660 815 3757 873 lex
3783 816 3875 873 lo·

2330 906 2825 982 quitur‚iis,qui
2876 909 2941 965 in
2983 907 3304 981 legetunt,
3332 908 3645 983 loquitur:
3676 926 3870 968 »eece

2328 1001 2477 1074 legis
2501 1003 2746 1061 locutio.
2782 1002 2875 1060 Vis
2899 1004 3871 1078 auscultarelegmninstruentem?

2330 1095 2593 1154 ausculta
2622 1095 2863 1154 Paulum
2890 1096 3184 1154 dicentem
3210 1100 3256 1133 ¹·
3286 1115 3303 1153 z
3330 1115 3360 1151 ι
3378 1097 3620 1169 Probas,
3642 1098 3744 1168 ait,
3762 1099 3874 1155 ufi-

2330 1188 2515 1257 liora,
2540 1189 2853 1248 instructus
2893 1207 3003 1264 per
3044 1189 3241 1263 legem
3286 1208 3304 1248 τ
3353 1211 3382 1245 ιι
3426 1191 3869 1263 eccelegisins-

2330 1284 2562 1342 unctio.
2600 1286 2698 1342 Vis
2734 1286 3035 1344 attendere
3073 1285 3267 1358 legem
3310 1286 3758 1344 conmlentem?
3789 1293 3867 1344 at·

2331 1378 2507 1436 tende
2544 1379 2877 1454 Sapientem
2903 1379 3029 1438 filio
3068 1379 3418 1437 suadentem
3456 1380 3539 1436 ¹¹:
3577 1399 3606 1432 ι
3632 1380 3869 1437 Custodi

2330 1473 2526 1546 legem
2546 1489 2771 1546 meam,
2811 1478 2989 1549 atque
3016 1475 3332 1534 consilium
3359 1491 3585 1547 meum,
3615 1496 3644 1530 ιι
3676 1475 3740 1532 id
3766 1481 3866 1546 oet,

2331 1567 2480 1642 legis
2504 1584 2653 1627 meoe
2678 1569 2994 1628 consilium
3022 1588 3038 1627 ε
3069 1586 3204 1628 ecce
3231 1570 3381 1643 legis
3405 1569 3775 1628 consultatio.

2816 1729 3103 1785 Articulas
3134 1731 3386 1800 quau-tus.

2405 1852 2727 1913 Excitatum
2753 1852 3046 1924 edisserit,
3084 1851 3349 1910 scribens
3385 1870 3402 1910 ε
3440 1852 3732 1910 Παὶίεαείο
3756 1867 3868 1908 m

2334 1951 2431 2003 est.
2462 1948 2609 2003 Cum
2635 1945 2795 2003 enim
2819 1945 3035 2020 aliquis
3074 1945 3425 2016 meditatur,
3478 1945 3685 2003 oculus
3723 1944 3867 2002 inte-

2333 2039 2506 2097 rioris
2530 2038 2791 2097 hominis
2811 2039 3115 2097 excitatur.
3142 2038 3259 2097 Sed
3291 2038 3627 2097 notandum
3643 2079 3663 2109 ,
3705 2036 3869 2112 quod

2334 2132 2443 2192 tria
2463 2133 2836 2208 potissimum
2861 2132 3116 2191 excitant
3133 2131 3474 2190 interiorem
3492 2132 3767 2202 oculum3
3787 2130 3870 2187 vi-

2334 2228 2547 2286 delicet
2572 2228 2889 2286 assistentis
2914 2227 3319 2302 spectaculum
3334 2270 3354 2300 ,
3375 2226 3711 2285 meditantis
3721 2224 3870 2300 peri·

2334 2322 2568 2394 culum,
2608 2327 2666 2380 et
2690 2322 2987 2380 charitatis
3028 2321 3338 2380 vinculum
3384 2340 3400 2378 :
3453 2336 3713 2404 quorum
3751 2319 3870 2393 pri-

2334 2431 2502 2473 mum
2523 2416 2735 2473 excitat
2760 2414 2999 2474 oculum
3024 2431 3134 2489 per
3159 2419 3497 2489 stuporem3
3520 2411 3869 2481 secundum,

2335 2525 2442 2584 per
2481 2508 2755 2568 timorem
2785 2529 2804 2565 ε
2832 2508 3066 2566 tertium
3106 2524 3213 2582 per
3254 2523 3542 2565 amorem.
3576 2509 3656 2564 De
3682 2506 3871 2582 primo

2334 2602 2547 2676 legitur
2574 2602 2616 2637 ¹²
2645 2620 2662 2660 ε
2696 2623 2724 2657 ι
2752 2599 3044 2660 meditatio
3074 2600 3271 2659 cordis
3304 2600 3423 2659 mei
3464 2599 3525 2657 in
3555 2602 3873 2674 conspectu

2336 2702 2438 2755 tuo
2465 2712 2740 2772 semper:
2772 2716 2803 2751 ιι
2833 2695 2896 2754 in
2923 2696 3036 2754 hac
3060 2696 3441 2755 meditatione
3478 2697 3691 2754 excitat
3717 2712 3875 2754 men·

2337 2789 2410 2846 tis
2423 2790 2666 2848 oculum
2675 2788 2989 2848 assistentis
3005 2790 3425 2865 spectaculum.
3442 2792 3519 2848 De
3532 2788 3796 2848 secundo
3811 2790 3873 2846 ⁸⁸:

2345 2903 2374 2936 ι
2399 2883 2516 2941 Nisi
2556 2883 2718 2958 quod
2752 2883 2850 2941 lex
2893 2887 2997 2942 tua
3038 2884 3341 2944 meditatio
3387 2899 3523 2942 mea
3566 2888 3684 2955 est,
3736 2888 3874 2941 tunc

2336 2977 2485 3036 forte
2536 2977 2838 3053 periissem
2891 2978 2955 3035 in
3009 2978 3336 3036 humilitate
3380 2993 3560 3035 mea:
3590 2999 3621 3032 ι»
3665 2978 3730 3035 in
3763 2978 3877 3035 hac

2338 3071 2717 3129 meditatione
2746 3071 2959 3128 excitat
3001 3072 3214 3129 mentis
3259 3072 3503 3129 oculum
3539 3071 3880 3128 meditantis

2338 3166 2689 3241 periculum.
2723 3168 2799 3223 De
2841 3166 3011 3224 tertio
3041 3168 3087 3203 ¹⁴
3119 3186 3134 3223 ε
3170 3185 3200 3221 ι
3225 3166 3539 3236 Quomodo
3587 3165 3771 3224 dilexi
3794 3166 3880 3224 le-

2338 3274 2476 3332 gem
2497 3263 2659 3318 tuam
2679 3259 2957 3319 Domine!
2989 3263 3110 3319 tota
3124 3260 3221 3318 die
3242 3260 3548 3318 meditatio
3563 3276 3697 3318 mea
3709 3261 3823 3329 θεῖς
3844 3279 3874 3314 ιι

2337 3351 2402 3410 in
2426 3352 2541 3411 hac
2565 3352 2948 3412 meditatione
2977 3353 3192 3412 excitat
3234 3353 3447 3411 mentis
3475 3352 3719 3411 oculum
3745 3351 3881 3409 eha-

2339 3447 2478 3505 ritas
2498 3490 2517 3520 ‚
2562 3463 2697 3522 quae
2741 3447 3067 3506 secundum
3110 3446 3457 3522 Apostolum
3486 3447 3528 3484 ¹⁸
3564 3466 3592 3500 ι
3617 3449 3702 3504 est
3743 3461 3880 3520 per-

2342 3540 2607 3600 fectionis
2629 3540 2951 3601 vinculum.
2984 3563 3012 3597 ι

2975 3702 3233 3768 Epilogus.

2416 3827 2761 3885 Ostensurus
2824 3838 2965 3897 ergo
3034 3822 3529 3896 psalmographus
3601 3824 3881 3882 orationis

2341 3918 2765 3994 protectionem
2780 3961 2801 3990 ,
2852 3916 3136 3975 adversus
3182 3916 3525 3974 offensionis
3581 3916 3877 3989 timorem,

2340 4027 2449 4087 per
2477 4011 2681 4069 salutis
2719 4010 3146 4081 invitationem,
3197 4013 3255 4067 et
3297 4008 3521 4068 virtutis
3576 4010 3876 4069 excitatio-

2341 4121 2480 4164 nem
2505 4105 2589 4163 sic
2620 4104 2702 4162 ait
2729 4121 2745 4161 ε
2780 4104 3074 4177 Concupivi
3111 4104 3352 4162 salutare
3387 4109 3559 4175 tuum,
3590 4108 3883 4178 quantum

2342 4199 2421 4258 ad
2450 4198 2722 4257 eflectum
2765 4196 3071 4255 invitatum
3084 4216 3102 4270 3
3162 4200 3413 4264 Domine,
3471 4201 3761 4271 quantum
3799 4196 3883 4255 ad

2341 4309 2543 4367 regem
2572 4291 2948 4364 invitantem3
2977 4293 3051 4348 Et
3077 4293 3167 4349 leae
3207 4296 3332 4363 tua,
3363 4295 3653 4366 quantum
3691 4290 3771 4349 ad
3795 4290 3885 4349 le-

2342 4405 2480 4463 gem
2508 4387 2884 4460 excitantem;
2913 4386 3202 4445 Meditatio
3223 4402 3343 4444 mea
3367 4390 3464 4460 est,
3493 4390 3782 4462 quantum
3799 4385 3883 4444 ad

2342 4479 2702 4539 intellectum
2729 4477 3061 4537 excitatum.

2883 4697 3213 4743 vmlcums
3247 4697 3342 4740 XV.

2414 4859 2543 4916 175.
2556 4858 2714 4914 Vivet
2740 4857 2927 4912 anima
2951 4870 3088 4926 mea,
3117 4856 3228 4913 etc.
3262 4852 3515 4927 Clypeus
3542 4851 3875 4927 spiritualis,

2344 4951 2563 5010 scilicet
2576 4949 2757 5008 virtus
2774 4947 3074 5020 orationis,
3092 4962 3215 5006 non
3241 4950 3472 5005 tantum
3483 4946 3739 5021 protegit
3750 4961 3879 5005 ora-

2343 5050 2532 5106 torem
2559 5060 2596 5103 a
2621 5047 2785 5119 parte
2813 5041 3084 5101 exteriori
3111 5044 3317 5099 contra
3358 5039 3636 5098 timorem
3659 5039 3883 5115 passio-

2343 5139 2457 5210 niS,
2487 5139 2546 5196 et
2571 5154 2608 5195 a
2632 5139 2798 5211 parte
2834 5134 3097 5195 interiori
3135 5136 3341 5193 contra
3383 5133 3660 5193 timorem
3684 5132 3878 5193 offen-

2346 5291 2423 5340 19.
2454 5313 2517 5325 -
2546 5288 2588 5323 ¹⁶
2613 5287 2771 5344 Rom..
2796 5297 2858 5349 11,
2887 5287 2963 5336 18.
2994 5310 3055 5324 -
3086 5285 3118 5315 ¹¹
3146 5284 3313 5347 Prov„
3342 5294 3432 5347 111,
3465 5286 3547 5333 21.
3570 5307 3634 5320 -·
3667 5282 3707 5317 ¹²
3731 5280 3876 5332 Psal.

2344 5371 2508 5422 xvnt,
2556 5361 2632 5409 15.
2674 5385 2736 5395 -
2778 5358 2814 5389 ¹⁸
2847 5357 2981 5408 Psal.
3022 5356 3150 5419 hoc,
3197 5357 3274 5406 92.
3317 5380 3377 5391 —-
3418 5355 3457 5389 ’ὓ
3492 5352 3642 5418 thid„
3691 5356 3769 5405 97.
3820 5381 3876 5391 -

2346 5432 2381 5463 ¹⁸
2411 5430 2619 5492 Coton„
2649 5441 2728 5494 ιιι,
2759 5431 2834 5480 u.
