4196 6294
1685 451 1944 519 CAPUT
1985 452 2093 517 111.

303 602 424 668 sita
444 597 862 667 distribuendi
883 613 998 680 per
1024 594 1496 674 eleemosynam
1514 591 1532 625 ¹
1554 611 1570 652 ι
1597 611 1628 650 α
1647 586 1847 654 Perde

304 709 643 794 pecuniam
691 709 952 790 propter
994 704 1257 767 fratrem
1306 703 1370 762 et
1414 697 1691 762 amicum
1711 745 1730 776 ,
1786 699 1850 759 et

305 836 437 883 non
469 813 815 881 abscondas
847 811 1023 874 illam
1050 809 1169 874 sub
1198 807 1428 891 lapide.
1461 828 1491 865 n
1527 804 1657 869 Hoc
1681 802 1850 869 debi-

305 930 445 990 tum
472 923 763 1006 perfectae
782 918 1092 1001 Justitiae3
1124 915 1233 978 sed
1264 910 1850 997 supererogationis

309 1037 406 1095 est
430 1031 580 1096 dare
603 1031 842 1106 totum;
870 1030 934 1090 et
954 1027 1269 1108 quantum
1297 1022 1376 1086 ad
1403 1022 1549 1100 hoc,
1579 1019 1843 1084 dicitur:

318 1138 578 1220 Tempus
605 1133 1054 1212 custodiendi,
1090 1138 1149 1198 et
1181 1139 1430 1213 tempus
1474 1126 1850 1209 abjiciendi,

311 1245 498 1329 quasi
536 1247 740 1307 totum
790 1238 1170 1305 dimittendi.
1200 1239 1223 1274 ²
1260 1259 1291 1297 α
1319 1235 1385 1301 Si
1419 1235 1519 1300 vis
1546 1234 1855 1316 perfectus

315 1372 482 1431 esse,
511 1352 674 1416 vade
691 1400 706 1430 ,
747 1355 812 1414 et
846 1348 1052 1414 vende
1092 1345 1310 1410 omnia
1350 1360 1498 1426 quae
1534 1342 1762 1421 habeS,
1795 1346 1858 1405 et

315 1461 396 1525 da
420 1458 830 1542 pauperibus.
863 1478 894 1516 n
933 1455 1175 1520 Rursus
1193 1503 1209 1532 ‚
1243 1456 1564 1536 quantum
1590 1451 1671 1515 ad
1702 1450 1856 1515 acti-

317 1585 462 1632 vos:
513 1568 776 1648 Tempus
803 1561 1170 1641 scindendi,
1198 1568 1257 1628 et
1284 1566 1527 1642 tempus
1558 1574 1863 1626 consuen-

321 1674 426 1754 di,
457 1678 520 1739 et
544 1675 667 1738 hoc
695 1675 1008 1757 quantum
1036 1671 1117 1735 ad
1139 1670 1469 1736 vestitum.
1491 1669 1514 1704 ⁸
1548 1692 1579 1727 a
1614 1666 1683 1731 Si
1709 1667 1858 1730 abs-

322 1800 447 1864 que
473 1782 868 1865 operimento
897 1779 1110 1844 dimisi
1137 1795 1487 1861 pauperem
1498 1824 1519 1855 ,
1557 1779 1618 1840 et
1645 1774 1700 1838 si
1727 1792 1861 1838 non

321 1889 785 1953 benedixerunt
814 1887 976 1951 mihi
1001 1886 1200 1950 latera
1227 1888 1390 1968 ejus.
1426 1905 1457 1943 n

405 1997 644 2076 Quarta
697 1997 969 2062 varietas
1020 1995 1365 2059 attenditur
1422 1993 1739 2076 quantum
1784 1988 1864 2053 ad

324 2104 621 2188 praelatos
660 2104 918 2187 :primo
960 2102 1029 2166 in
1079 2101 1359 2167 docendo
1378 2150 1394 2181 ‚
1453 2117 1602 2164 cum
1656 2097 1862 2162 dixit:

333 2212 598 2294 Tempus
624 2210 916 2290 tacendi,
966 2216 1025 2276 et
1068 2217 1317 2292 tempus
1373 2205 1668 2284 docendi,
1718 2203 1870 2286 quia

326 2320 510 2403 prius
551 2319 826 2397 discere,
872 2322 936 2381 et
974 2319 1193 2398 postea
1241 2304 1463 2379 dooere
1504 2313 1525 2347 ⁸
1557 2336 1571 2376 :
1619 2335 1650 2371 α
1676 2311 1864 2375 Ante-

328 2443 526 2508 quam
551 2424 855 2507 loquariS,
877 2422 1066 2489 disce.
1084 2445 1114 2481 υ
1140 2421 1219 2486 Et
1241 2422 1262 2457 ⁸
1285 2443 1299 2484 ε
1332 2444 1361 2481 α
1382 2419 1550 2485 Audi
1577 2423 1812 2483 tacens.
1831 2440 1862 2477 ι)

341 2532 602 2614 Tempus
627 2531 1024 2609 dilectionis,
1053 2535 1113 2596 et
1154 2537 1398 2611 tempus
1425 2526 1589 2605 odii,
1623 2527 1691 2590 in
1739 2543 1872 2590 cor·

332 2641 620 2722 reptione
645 2638 965 2703 malorum
985 2686 1002 2716 ,
1028 2654 1174 2720 quae
1201 2634 1486 2699 consistit
1510 2634 1586 2697 in
1604 2632 1871 2698 odiendo

333 2745 589 2825 vitium,
622 2745 781 2809 etin
801 2743 1128 2825 diligendo
1158 2747 1458 2806 naturam
1483 2741 1506 2775 ⁶
1550 2762 1567 2804 ε
1607 2765 1638 2803 α
1668 2738 1874 2804 Nolite

334 2853 517 2935 quasi
545 2853 876 2917 inimicum
905 2854 1223 2917 aestimare
1265 2850 1483 2929 illum,
1514 2850 1624 2914 sed
1672 2849 1869 2913 corri-

335 2961 466 3042 pite
483 2964 568 3040 (a)
583 2963 655 3023 ut
680 2960 961 3023 fratrem.
980 2980 1010 3018 ι)
1032 2957 1110 3022 Et
1133 2959 1153 2994 ⁷
1182 2978 1245 3022 :a
1274 2956 1553 3021 Perfecto
1573 2956 1717 3021 odio
1732 2956 1875 3019 ode-

336 3084 476 3132 ram
503 3067 664 3131 illos.
693 3091 724 3127 »
765 3068 1031 3150 Tempus
1072 3065 1235 3145 belli,
1277 3072 1334 3132 et
1362 3072 1606 3149 tempus
1629 3066 1814 3147 pacis
1852 3082 1876 3129 .·

337 3176 487 3240 belli
533 3176 612 3240 ad
678 3175 1141 3257 incorrigibiles
1166 3224 1187 3255 ,
1242 3175 1352 3257 qui
1409 3178 1558 3238 sunt
1610 3173 1877 3237 feriendi

341 3283 555 3364 gladio
600 3283 1272 3348 excommunicationis
1314 3281 1337 3316 ⁸
1388 3303 1402 3344 :
1447 3305 1476 3342 α
1515 3279 1655 3345 Noli
1708 3299 1878 3364 quae-

336 3408 476 3456 rere
501 3391 642 3455 fleri
664 3390 899 3472 judex,
940 3389 1064 3453 nisi
1113 3390 1351 3453 virtute
1392 3387 1604 3453 valeas
1649 3390 1878 3452 irrum-

338 3517 490 3582 pere
544 3499 950 3583 iniquitates;
977 3520 1008 3558 n
1070 3498 1242 3580 pacis
1295 3496 1375 3561 ad
1426 3495 1763 3560 redeuntes
1795 3501 1817 3535 ⁹
1855 3518 1871 3560 ε

350 3627 381 3664 α
407 3604 476 3669 Si
501 3607 693 3670 fuerit
726 3606 794 3670 in
814 3606 1004 3670 domo
1029 3604 1139 3669 illa
1164 3604 1334 3669 filius
1360 3605 1553 3687 pacis,
1586 3602 1879 3687 requies-

342 3716 440 3775 cet
467 3730 655 3796 super
683 3712 869 3777 illum
906 3731 1033 3796 pax
1076 3718 1321 3789 vestra;
1372 3711 1470 3775 sin
1514 3715 1752 3790 autem,
1799 3711 1878 3775 ad

343 3834 463 3882 vos
488 3823 864 3884 revertetur.
898 3839 930 3878 n

429 3923 703 4000 Quaestio
726 3928 820 3989 est
858 3925 937 3989 de
977 3943 1248 3989 numero
1304 3925 1574 3990 istorum
1629 3929 1879 4007 tempo-

343 4046 518 4096 rum.
559 4030 822 4098 Videtur
871 4032 1042 4113 quod
1092 4033 1547 4097 insufficienter
1597 4033 1883 4116 posuerit

344 4136 740 4205 diversitates
791 4139 1220 4204 variationum
1266 4145 1667 4224 temporum,
1726 4140 1881 4225 quia

344 4246 571 4311 multae
598 4252 750 4311 sunt
787 4265 932 4330 quae
975 4247 1051 4311 ad
1103 4247 1221 4312 has
1261 4266 1393 4312 non
1436 4247 1830 4312 reducuntur
1864 4270 1878 4312 z

345 4359 441 4422 sic
466 4362 719 4443 tempus
747 4357 1134 4437 comedendi,
1170 4361 1235 4422 et
1267 4357 1624 4441 jejunandi,
1653 4362 1714 4422 et
1740 4375 1885 4422 con·

346 4467 603 4534 similia.
638 4468 706 4533 Si
732 4469 903 4533 dicas
938 4467 1110 4551 quod
1140 4467 1350 4548 gratia
1393 4466 1692 4547 exempli,
1738 4471 1886 4530 tunc

347 4592 513 4657 ergo
539 4576 894 4660 superflua,
923 4574 1074 4657 quia
1099 4574 1165 4638 in
1193 4573 1403 4639 littera
1428 4570 1727 4656 pauciora
1751 4571 1882 4663 suf-⁴

349 4684 661 4749 fecissent.
687 4684 1052 4767 Respondeo
1093 4682 1430 4748 dicendum
1445 4730 1462 4760 ,
1492 4679 1698 4763 quod,
1729 4677 1891 4742 sicut

350 4792 509 4857 dicit
533 4791 967 4874 Augustinus,
994 4791 1142 4856 licet
1172 4790 1471 4874 quaelibet
1510 4786 1776 4853 mutatio
1820 4786 1891 4850 in

351 4900 656 4966 universo
681 4917 795 4983 per
821 4917 890 4963 se
916 4898 1324 4978 considerata,
1354 4898 1438 4962 sit
1470 4893 1890 4979 imperfectio-

351 5008 492 5087 nis;
522 5011 735 5073 tamen
765 5008 836 5072 in
864 5011 993 5072 tota
1017 5006 1429 5072 universitate
1454 5003 1716 5070 resultat
1753 5021 1889 5067 car·

353 5134 508 5181 men
533 5117 879 5200 perfectum
907 5136 924 5180 t
955 5116 1107 5199 quia
1132 5133 1294 5196 ergo
1321 5112 1625 5178 Salomon
1651 5112 1740 5176 sic
1778 5130 1892 5176 vo-

428 5241 444 5276 ¹
475 5241 651 5307 siocli„
687 5254 841 5304 xxix,
874 5244 952 5293 ¹3.
987 5267 1048 5278 —
1076 5242 1094 5271 ²
1123 5239 1323 5299 Manli..
1366 5251 1486 5301 nx,
1523 5240 1603 5288 2¹.
1636 5263 1700 5275 —
1732 5237 1754 5272 ⁸
1783 5233 1901 5299 lob,

358 5322 522 5376 και,
552 5315 628 5366 ¹9.
657 5341 719 5352 —
743 5314 767 5349 δ
790 5312 971 5377 Εοσιὶ.,
1001 5324 1165 5375 xvm,
1195 5314 1269 5362 19.
1297 5335 1360 5349 ·-
1386 5311 1403 5342 ⁵
1428 5308 1608 5371 Eccli„
1639 5320 1812 5371 xxxu,
1847 5313 1894 5359 9.

357 5403 428 5424 -·
471 5385 491 5413 ⁸
526 5385 567 5435 n
612 5385 796 5451 Thess„
831 5397 921 5449 111,
968 5387 1046 5437 15.
1075 5410 1139 5422 —
1175 5382 1196 5418 ⁷
1242 5383 1379 5435 Psal.
1417 5392 1679 5445 cxxxviu,
1720 5382 1801 5432 22.
1837 5405 1898 5417 -

361 5459 383 5487 ⁸
412 5455 584 5519 Bccli„
629 5470 727 5522 vu,
761 5463 810 5509 6.
842 5486 895 5495 -
935 5460 954 5489 ’
981 5457 1119 5520 Luc„
1145 5468 1213 5518 x,
1237 5458 1287 5508 6.
1307 5483 1366 5495 -
1399 5456 1440 5493 ¹⁰
1468 5455 1624 5516 Rom„
1656 5464 1699 5517 1,
1729 5454 1805 5505 24.
1835 5478 1898 5491 —

3364 456 3479 517 611

1954 589 2075 653 luit
2103 589 2474 654 varietatem
2503 606 2795 669 narrare,
2825 592 2902 653 ut
2943 586 3486 671 imperfectionem

1954 695 2020 758 in
2049 694 2354 776 singulis,
2401 700 2466 760 et
2507 695 2951 778 perfectionem
3004 694 3071 758 in
3127 698 3261 760 toto
3289 698 3492 760 osten-

1956 797 2165 877 deret;
2206 799 2347 864 ideo
2397 800 2467 863 in
2515 799 2625 863 tali
2672 817 2980 878 numer0,
3036 798 3148 882 qui
3203 817 3489 880 compre·

1957 896 2180 969 hendit
2218 906 2700 972 universitatem
2716 954 2732 985 ,
2765 910 2827 971 et
2852 905 3299 989 perfectionem
3341 905 3495 989 ipsis

1959 1016 2191 1099 posuit.
2223 1016 2302 1082 Et
2328 1018 2470 1083 ideo
2506 1022 2838 1083 enumerat
2882 1018 3114 1100 viginti
3149 1021 3289 1083 octo
3337 1022 3498 1081 tem-

1959 1144 2150 1209 pora,
2207 1132 2271 1192 et
2319 1127 2798 1210 quatuordecim
2868 1126 3277 1206 variationes;
3341 1125 3499 1209 quia

1966 1235 2196 1316 viginti
2224 1238 2363 1299 octo
2382 1252 2696 1300 numerus
2733 1238 2828 1298 est
2856 1233 3189 1316 perfectus,
3219 1238 3283 1298 et
3330 1251 3502 1298 oom-
3546 1269 3712 1327 ΨΒ

1965 1343 2299 1426 prehendit
2362 1342 2795 1426 septenarium
2810 1389 2832 1421 ,
2902 1342 2972 1405 in
3039 1359 3167 1424 quo
3220 1343 3503 1407 consistit
3527 1336 3739 1439 ⁰222?

1964 1451 2348 1518 universitas
2373 1449 2683 1533 temporis
2715 1471 2731 1512 :
2761 1448 2909 1513 licet
2954 1452 3171 1513 autem
3216 1451 3504 1514 senarius

1968 1560 2049 1623 sit
2075 1560 2409 1642 perfectuS,
2441 1577 2574 1623 non
2608 1562 2823 1622 tamen
2861 1556 3336 1640 comprehendit
3360 1575 3505 1641 sep-

1968 1666 2287 1731 tenarium
2320 1689 2334 1729 :
2369 1666 2509 1731 ideo
2551 1670 2646 1730 tot
2687 1665 2899 1749 posuit
2931 1687 2947 1729 ε
2979 1684 3109 1731 non
3157 1667 3504 1748 pauciores,

1969 1792 2049 1838 ne
2076 1775 2371 1839 deficeret
2412 1772 2829 1852 universitas3
2886 1791 3016 1837 non
3068 1775 3306 1856 plures,
3357 1773 3511 1855 quia

1970 1882 2036 1945 in
2065 1882 2449 1964 perfectione
2468 1882 2793 1962 standum,
2824 1885 2888 1945 et
2911 1881 3346 1946 universitate.

2050 1995 2114 2053 9.
2142 1990 2311 2064 Quid
2336 1989 2517 2057 habet
2544 1988 2825 2071 amplius
2844 1988 3025 2056 homo
3040 1991 3071 2053 ⁴?
3101 1989 3387 2055 Ostendit
3412 2009 3514 2055 su-

1973 2116 2090 2180 pra
2115 2115 2333 2163 rerum
2362 2097 2714 2163 secundum
2736 2096 2985 2162 diversa
3010 2101 3297 2181 tempora
3327 2099 3513 2162 vani-

1973 2209 2198 2284 tatem3
2232 2205 2339 2269 hic
2371 2204 2647 2270 secundo
2674 2223 2757 2269 ex
2783 2205 2906 2270 hoc
2934 2206 3266 2288 redarguit
3292 2206 3517 2271 hnma-

1975 2332 2127 2377 nam
2154 2314 2585 2379 curiositatem
2599 2361 2621 2393 ,
2654 2317 2717 2378 et
2743 2314 2865 2378 hoc
2907 2313 3165 2397 quidem
3208 2314 3354 2378 facit
3396 2314 3517 2380 hoc

1977 2420 2198 2485 ordine
2231 2443 2246 2485 :
2279 2420 2489 2504 primo
2517 2420 2804 2486 insinuat
2848 2421 3229 2486 curiositatis
3265 2421 3517 2486 inutili-

1977 2532 2204 2608 tatem3
2236 2529 2512 2593 secundo
2553 2547 2709 2594 vero
2752 2529 2821 2593 in
2863 2532 3006 2612 ejus
3044 2528 3519 2595 detestationem

1979 2637 2382 2702 commendat
2438 2639 2820 2720 praesentem
2880 2635 3304 2719 voluptatem,
3359 2637 3448 2702 ibi
3498 2659 3514 2700 :

1985 2743 2282 2826 Coqnovi,
2311 2735 2488 2826 quod
2524 2759 2656 2811 non
2687 2750 2848 2811 esset
2886 2745 3114 2811 melius
3146 2766 3163 2809 ε
3195 2745 3522 2828 redarguit

1980 2853 2266 2915 nostram
2311 2851 2739 2915 curiositatem
2787 2855 3044 2935 propter
3086 2851 3518 2934 inutilitatem,

1981 2975 2133 3021 cum
2159 2957 2306 3021 dicit
2337 2976 2354 3022 ε
2387 2958 2559 3032 Quid
2582 2958 2765 3025 habet
2806 2957 3089 3042 amplius
3118 2960 3328 3040 homo,
3370 2979 3521 3043 sup-

1983 3065 2106 3147 ple,
2135 3064 2260 3128 nisi
2288 3065 2795 3146 mutabilitatem,
2825 3072 2889 3131 et
2926 3087 3041 3152 per
3075 3068 3199 3133 hoc
3238 3068 3528 3135 afflictio-

1982 3192 2133 3238 nem
2177 3195 2194 3238 :
2256 3177 2320 3238 et
2373 3175 2734 3241 manifestat
2785 3176 2953 3240 hanc
3007 3177 3412 3242 afflictionem
3465 3186 3528 3244 et

1984 3281 2381 3361 varietatem,
2411 3281 2624 3346 dicens
2660 3282 2745 3365 (v.
2776 3283 2872 3365 10)
2937 3305 2953 3348 ε
3009 3284 3168 3351 Vidi
3224 3284 3529 3366 afflictio-

1984 3404 2153 3466 nem,
2200 3405 2396 3470 quam
2421 3387 2607 3455 dedit
2636 3390 2812 3456 Deus
2855 3389 3022 3470 filiis
3062 3392 3421 3474 hominum,
3455 3400 3529 3462 ut

1985 3494 2443 3562 distendantur
2466 3498 2541 3564 in
2567 3513 2642 3563 ea
2672 3515 2699 3560 .·
2729 3496 2932 3578 dedit,
2950 3498 3014 3562 id
3036 3504 3131 3563 est
3141 3499 3278 3564 dari
3301 3501 3532 3583 permi-

1986 3602 2091 3685 sit,
2101 3606 2296 3687 juxta
2305 3603 2464 3669 illud
2481 3602 2525 3645 ¹⁰
2549 3626 2565 3668 z
2587 3603 2913 3670 «Tradidit
2931 3623 3039 3670 eos
3057 3605 3221 3671 Deus
3233 3607 3303 3671 in
3316 3626 3532 3691 repro-

1987 3709 2148 3775 bum
2173 3729 2437 3775 sensum
2451 3733 2468 3792 ;
2499 3733 2530 3772 n
2568 3711 2763 3778 Filiis
2797 3713 3147 3793 hominum,
3176 3713 3240 3778 id
3260 3719 3356 3779 est
3380 3733 3528 3797 pec-

1989 3817 2308 3883 catoribus
2339 3819 2381 3860 ¹¹
2412 3839 2428 3883 ε
2470 3841 2501 3880 α
2523 3817 2844 3884 Peccatori
2887 3823 3102 3885 autem
3150 3820 3321 3887 dedit
3366 3821 3533 3888 Deus

1989 3926 2419 4007 afflictionem,
2449 3932 2513 3991 et
2533 3945 2757 3992 curam
2785 3928 3200 4011 superfluam.
3217 3951 3248 3990 n
3302 3929 3381 3998 Ut
3398 3929 3533 3998 dis-

1990 4033 2364 4115 tendantur,
2385 4034 2620 4100 scilicet
2634 4035 2831 4100 variis
2852 4035 3044 4116 curis,
3066 4055 3195 4120 quo
3215 4043 3435 4105 contra
3448 4040 3530 4105 ¹²:

1993 4164 2026 4203 α
2059 4141 2223 4222 Filii,
2251 4161 2334 4206 ne
2360 4142 2431 4205 in
2455 4143 2676 4207 multis
2720 4143 2846 4208 sint
2880 4146 3059 4210 actus
3082 4145 3212 4225 tui;
3247 4168 3278 4207 n
3325 4152 3389 4213 et
3430 4167 3538 4214 ex·

1991 4249 2230 4333 planat,
2259 4267 2406 4333 quae
2434 4249 2518 4314 sit
2558 4249 2667 4314 illa
2707 4250 2997 4333 afflictiO,
3046 4253 3278 4320 scilicet
3321 4256 3531 4322 consi-

1993 4357 2367 4436 derationiS,
2395 4358 2567 4422 unde
2592 4357 2741 4423 dicit
2768 4357 2814 4400 ¹⁸
2846 4381 2862 4423 ε
2894 4359 3138 4428 Cuncta
3166 4361 3322 4443 fecit
3373 4364 3535 4431 bona

1995 4465 2072 4530 in
2101 4473 2368 4548 tempore
2407 4481 2543 4533 suo.
2586 4463 2813 4530 Omnia
2848 4484 3041 4551 opera
3067 4467 3318 4534 Domini
3345 4471 3535 4553 bona,

1999 4576 2063 4635 et
2085 4572 2248 4635 hora
2272 4590 2393 4637 sua
2417 4590 2610 4637 omne
2638 4591 2800 4657 opus
2842 4574 3368 4644 subministrabit.
3396 4578 3539 4647 Non

1999 4683 2096 4744 est
2120 4678 2361 4761 dicere,
2383 4680 2505 4745 hoc
2530 4681 2640 4745 illo
2680 4683 2957 4765 nequius
2971 4706 2991 4764 3
3022 4685 3240 4751 omnia
3274 4687 3445 4751 enim
3472 4689 3541 4753 in

1999 4789 2288 4868 tempore
2330 4804 2450 4851 suo
2499 4788 3013 4870 comprobantur.
3057 4790 3137 4857 Et
3182 4793 3330 4859 licet
3374 4795 3543 4860 bona

2002 4891 2243 4970 fecerit,
2264 4897 2479 4957 tamen
2497 4911 2628 4958 non
2643 4893 2811 4959 dedit
2828 4896 3063 4964 horum
3083 4900 3550 4983 cognitionem,

2004 5001 2116 5066 sed
2143 5000 2313 5066 dedit
2337 5001 2673 5085 ingenium
2701 5004 2781 5069 ad
2828 5005 3305 5091 inquisitionem
3327 5032 3345 5090 3
3372 5012 3555 5077 unde

2006 5110 2155 5175 dicit
2185 5112 2273 5188 (v.
2306 5111 2401 5193 11)
2438 5131 2454 5175 ε
2489 5112 2573 5178 Et
2596 5112 2907 5180 mundum
2935 5117 3223 5187 tradidit
3250 5119 3547 5203 deputa·

2007 5218 2177 5285 tioni
2226 5232 2470 5296 eorum,
2528 5218 2763 5284 scilicet
2814 5221 2896 5287 ad
2946 5223 3412 5308 inquirendum
3453 5229 3498 5265 ¹⁸
3528 5247 3567 5294 ι

2012 5381 2051 5416 ¹¹
2080 5381 2275 5443 Supra,
2324 5391 2395 5444 11,
2441 5383 2519 5434 26.
2554 5407 2618 5420 —
2655 5381 2695 5416 ¹²
2729 5383 2910 5450 Καλὴ,
2956 5397 3043 5451 11,
3086 5392 3163 5441 ¹⁰.
3191 5415 3254 5428 —
3296 5391 3332 5421 ¹³
3365 5389 3569 5456 Esca„-

2012 5462 2195 5516 xxux,
2222 5454 2302 5503 26.
2329 5478 2392 5492 —
2432 5454 2467 5488 ¹⁴
2506 5453 2684 5517 Eccli„
2713 5466 2844 5519 xvii,
2882 5459 2931 5508 5.
2958 5484 3022 5497 —
3052 5460 3120 5524 (α)
3151 5461 3235 5512 ΔΙ.
3272 5463 3566 5527 corripere.-

3602 1524 3692 1566 tus.
