4196 6294
1597 424 1958 493 PSALMUS
1999 425 2259 494 cxvnl.
3412 433 3533 497 ⁴09

342 559 599 635 gentiam
625 559 716 618 sui
744 562 942 619 status.
980 576 1009 613 α
1037 558 1345 634 aperiebat
1371 560 1533 619 enim
1559 561 1577 595 ¹
1606 560 1669 619 in
1695 576 1875 637 para·

339 655 496 714 bolis
525 672 593 713 os
619 670 823 727 suum,
851 674 881 709 ιο
913 653 1056 729 quia
1084 669 1209 712 non
1256 658 1342 712 est
1377 654 1660 730 possibile
1710 654 1877 713 aliter

339 748 516 807 nobis
547 749 744 807 lucere
787 749 1056 807 divinum
1100 748 1337 807 radium
1373 791 1392 821 ,
1434 748 1547 807 nisi
1591 750 1872 807 varietate

340 858 643 901 sacrorum
695 842 1058 902 velaminum
1112 842 1437 915 anagogice
1493 841 1874 900 circumvela-

340 941 498 1008 tum,
523 936 673 995 sicut
714 937 994 1001 asseritur,
1025 953 1061 994 a
1100 936 1378 1010 Dionysio
1408 935 1448 990 ¹.
1481 940 1625 994 Ecce
1656 950 1876 1008 coagu-

340 1029 483 1088 latio
512 1030 883 1099 doctrinalia,
911 1046 1032 1104 qua
1056 1029 1320 1105 potentia
1346 1030 1721 1089 informativa
1748 1046 1876 1087 ma-

337 1126 503 1200 gistri
528 1143 591 1185 se
631 1125 937 1185 collimitat
981 1129 1039 1184 et
1077 1124 1410 1185 conformat
1454 1125 1729 1199 potentin
1774 1142 1876 1199 ap-

206 1296 215 1301 „
337 1220 704 1295 prehensivoe
728 1219 1022 1295 discipuli.

811 1378 1091 1437 Articuzus
1123 1377 1404 1436 secundus.

407 1512 700 1581 Quantum
747 1507 826 1566 ad
865 1506 1194 1565 secundum
1214 1548 1233 1577 ,
1273 1508 1538 1581 sequitur
1578 1525 1592 1563 :
1637 1508 1738 1565 Cor
1788 1522 1874 1564 eo-

336 1621 487 1676 rum,
516 1603 581 1662 id
606 1607 692 1661 est
707 1643 728 1674 ,
754 1602 1023 1660 voluntas
1050 1616 1259 1659 eorum
1278 1644 1296 1672 ,
1328 1616 1431 1658 seu
1462 1600 1660 1674 potius
1694 1599 1879 1657 male-

338 1695 592 1756 volentia
612 1739 633 1767 ,
686 1712 869 1770 quam
929 1695 1164 1767 instigat
1217 1696 1483 1769 ipsorum
1537 1693 1877 1750 daemonum

336 1792 582 1850 malitia.
603 1792 696 1848 Est
714 1794 910 1847 autem
930 1789 1136 1863 triplex
1155 1788 1383 1846 malum
1402 1788 1464 1845 in
1483 1787 1876 1860 daemonibuS‚

338 1885 504 1960 quod
531 1884 788 1957 assignat
812 1883 1022 1941 beatus
1064 1882 1374 1956 Dionysius
1402 1884 1422 1917 ³
1465 1900 1479 1938 ε
1510 1885 1686 1956 puta,
1713 1880 1880 1939 furor

337 1978 789 2048 irrationabilia,
845 1978 1088 2035 demens
1131 1975 1638 2050 concupiscentia,
1686 1974 1878 2047 phan-

334 2072 483 2131 tasia
539 2075 832 2146 proterva.
891 2070 1053 2129 Unde
1112 2069 1444 2128 notandum
1463 2111 1483 2141 ,
1553 2068 1719 2142 quod
1776 2083 1879 2128 cor

339 2166 703 2226 diabolicum
753 2164 965 2239 legitur
1000 2165 1377 2223 immutatum
1396 2206 1416 2235 ‚
1460 2164 1835 2238 ingravatum
1853 2206 1874 2235 ,

335 2261 722 2319 induratum:
779 2258 1111 2317 immutatio
1166 2261 1390 2333 spectat
1441 2257 1520 2316 ad
1565 2256 1879 2316 irrationa—

334 2354 519 2414 bilem
561 2353 811 2426 furiam3
857 2353 1220 2426 ingravatio,
1250 2352 1329 2411 ad
1371 2352 1705 2410 dementem
1740 2367 1879 2410 con·

336 2447 794 2522 cupiscentiam3
839 2446 1137 2505 induratio
1157 2488 1175 2517 ,
1205 2446 1286 2504 ad
1327 2445 1701 2521 phantasiam
1740 2461 1880 2520 pro·

335 2545 582 2600 tervam.
639 2545 718 2601 De
770 2542 966 2615 primo
992 2541 1014 2575 ⁸
1066 2551 1092 2597 ε·
1135 2558 1165 2594 ι
1215 2543 1589 2599 immutatum
1637 2544 1722 2596 est
1775 2555 1879 2598 cor

334 2634 655 2695 Pharaonis
672 2678 691 2708 ,
723 2640 779 2692 et
804 2649 1113 2693 servorum
1141 2634 1267 2706 eJus
1295 2649 1474 2707 super
1503 2632 1871 2708 populum.»

84 2744 286 2788 Pharao.
333 2733 439 2790 Per
476 2730 845 2789 Pharaonem
885 2727 1121 2803 AEgypti
1158 2727 1487 2802 principem
1507 2769 1527 2797 ,
1572 2726 1718 2800 quid
1764 2727 1877 2785 nisi

131 2847 309 2901 AEgyp-
331 2823 607 2898 princeps
646 2822 1025 2880 tenebrarum
1071 2820 1380 2893 signatur?
1410 2822 1673 2892 AEqyptus
1717 2820 1877 2878 enim
1912 2890 1917 2895 ᾗ

80 2909 176 2951 tm.

331 2917 588 2977 tenebras
640 2915 1051 2990 interpretatur
1092 2932 1108 2972 :
1160 2930 1294 2972 ecce
1350 2929 1455 2972 cor
1509 2914 1875 2973 diabolicum

330 3011 725 3069 immutatum.
769 3012 846 3068 De
882 3008 1145 3067 secundo
1186 3010 1207 3044 ⁸
1249 3027 1264 3066 :
1319 3028 1347 3062 α
1385 3009 1763 3081 ingravatum
1792 3011 1880 3067 est

331 3121 433 3165 cor
460 3104 802 3175 PharaoniS,
832 3107 889 3163 et
914 3119 1038 3163 non
1065 3090 1287 3162 dimisit
1311 3101 1606 3178 populum
1639 3117 1656 3158 ε
1684 3123 1713 3158 n
1740 3118 1876 3162 ecce

331 3216 436 3260 cor
464 3200 830 3260 diabolicum
867 3201 1264 3273 ingravatum.
1308 3203 1387 3258 De
1414 3199 1586 3258 tertio
1611 3199 1676 3257 ⁸:
1715 3217 1746 3253 α
1780 3201 1875 3257 ln·

331 3293 615 3353 duratum
632 3297 719 3353 est
737 3309 841 3352 cor
859 3294 1200 3365 PharaoniS‚
1224 3297 1280 3352 et
1297 3309 1422 3353 non
1442 3292 1671 3353 audivit
1687 3309 1819 3354 eos:
1839 3314 1868 3350 ι

331 3403 467 3449 ecce
495 3403 600 3448 cor
626 3388 992 3450 diabolicum
1020 3387 1386 3447 induratum.

840 3547 1124 3605 Articulus
1163 3551 1375 3605 tertius.

401 3675 698 3745 Quantum
745 3672 825 3732 ad
876 3672 1140 3744 tertium,
1191 3673 1465 3732 scribitur
1516 3692 1531 3730 :
1588 3676 1702 3748 qu
1753 3694 1875 3735 vero

329 3771 497 3838 legem
525 3771 674 3824 tuam
694 3806 715 3835 ,
743 3780 878 3840 quoe
904 3766 1221 3840 persuadet
1257 3767 1624 3842 patientiam,
1652 3769 1878 3829 dissua-

332 3861 432 3920 det
470 3859 936 3934 impatientiam,
981 3859 1131 3918 sicut
1175 3860 1439 3919 declarat
1484 3861 1616 3921 luce
1663 3864 1875 3923 clarius

330 3958 454 4013 tam
476 3954 725 4026 veteris,
749 3969 933 4029 quam
959 3969 1130 4011 novae
1156 3954 1300 4027 legis
1329 3961 1598 4030 aspectus
1605 3999 1624 4029 ,
1658 3957 1721 4014 in
1749 3974 1874 4033 quo

330 4048 625 4124 patientiae
674 4048 988 4121 levigatio,
1039 4053 1096 4107 et
1139 4049 1369 4124 patiens
1421 4056 1754 4124 provectus
1811 4057 1878 4112 Et

330 4147 495 4212 nota,
524 4142 690 4217 quod
708 4143 805 4200 lex
834 4142 1009 4201 docet
1033 4142 1175 4201 vitia
1196 4143 1422 4216 fugere,
1446 4144 1615 4203 utilia
1637 4147 1875 4219 eligere,

330 4237 539 4310 gravia
566 4252 677 4311 pro
707 4236 954 4294 Domino
981 4237 1301 4295 sustinere:
1329 4255 1587 4312 quorum
1614 4241 1875 4314 primum

334 4334 419 4389 est
473 4330 708 4403 justitias
760 4330 1149 4402 initiativum3
1207 4332 1538 4391 secundum
1557 4374 1576 4403 ,
1628 4350 1878 4408 provec-

330 4425 518 4482 tivum
529 4444 547 4497 ;
576 4425 810 4482 tertium
844 4423 1248 4499 perfectivum.
1284 4428 1360 4483 De
1386 4427 1579 4501 primo
1609 4430 1633 4464 ⁷
1663 4445 1677 4483 :
1716 4448 1745 4481 α
1770 4432 1878 4488 Per

330 4519 529 4591 legem
575 4518 736 4575 enim
779 4518 1038 4591 cognitio
1081 4520 1307 4592 peccati
1361 4539 1375 4577 ε
1422 4540 1453 4575 ι
1486 4537 1620 4590 ecce
1672 4522 1876 4580 vitium

330 4610 703 4684 fugiendum.
752 4613 829 4669 De
871 4612 1133 4670 secundo
1181 4614 1204 4649 ⁸
1244 4631 1259 4669 :
1305 4615 1573 4673 «Probas
1613 4614 1873 4689 utiliora,

331 4704 643 4763 instructus
668 4719 777 4779 per
803 4703 995 4777 legem
1027 4725 1043 4763 ε
1084 4728 1113 4759 s
1155 4722 1289 4764 ecce
1326 4707 1466 4765 utile
1508 4707 1871 4781 eligendum.

330 4802 411 4858 De
463 4799 631 4858 tertio
672 4796 946 4857 scribitur
988 4800 1011 4835 ⁹
1055 4818 1071 4857 ε
1118 4820 1147 4854 ι
1188 4803 1428 4875 Propter
1471 4802 1664 4875 legem
1710 4808 1875 4864 tuam

330 4892 580 4951 sustinui
626 4896 707 4963 te,
756 4892 999 4950 Domine
1010 4911 1059 4964 ,·
1079 4914 1108 4947 n
1161 4895 1404 4969 supple,
1461 4910 1874 4970 persuasorem

328 4985 654 5061 patientiae:
678 5001 813 5044 ecce
834 5000 1014 5059 grave
1036 5002 1148 5061 pro
1170 4988 1422 5046 Domino
1442 4990 1868 5052 sustinendum.

398 5159 415 5194 ¹
442 5156 647 5217 Manli..
678 5166 804 5220 xm,
845 5158 924 5207 35.
967 5181 1020 5192 --
1066 5157 1084 5186 ²
1120 5156 1292 5218 Dion„
1329 5157 1394 5209 de
1430 5158 1554 5211 Coel.
1595 5162 1872 5228 Hierarch„

332 5243 379 5280 c.
426 5239 482 5278 ιι.
529 5254 583 5266 --
629 5229 651 5264 ⁸
693 5228 794 5289 td„
834 5226 900 5277 de
946 5227 1064 5278 Div.
1106 5228 1278 5291 Nom„
1322 5244 1367 5281 c.
1411 5243 1482 5283 lv.
1528 5259 1581 5269 -
1630 5233 1652 5268 ⁸
1691 5234 1874 5297 Evod„

333 5311 440 5361 xiv,
478 5302 523 5352 5.
567 5327 622 5337 —
671 5299 693 5336 ⁸
729 5298 911 5359 Επεὶ,
953 5309 1035 5361 11,
1083 5301 1131 5349 Ἰ.
1166 5325 1227 5337 -
1265 5301 1288 5335 ⁸
1322 5301 1507 5366 Exod„
1557 5314 1664 5362 vn,
1707 5308 1782 5357 ¹3.
1812 5332 1875 5344 —

336 5367 353 5396 ⁷
379 5370 534 5437 Rom„
562 5382 643 5435 111,
664 5373 743 5422 20.
761 5394 825 5409 —
848 5369 872 5406 ⁸
895 5370 1056 5434 Rom„
1080 5381 1146 5436 ιι,
1170 5372 1246 5424 18·
1276 5397 1332 5410 -
1362 5373 1385 5408 ⁸
1406 5373 1551 5426 Psal.
1582 5387 1759 5440 cxxxx,
1789 5379 1871 5430 44.

2483 629 2762 687 Articulum
2797 636 3047 703 quartus.

2061 754 2356 822 Quantum
2397 752 2474 811 ad
2516 760 2794 829 quartum
2815 795 2835 823 ,
2867 753 3185 811 subditur:
3229 756 3533 813 meditatus

1988 862 2106 903 sum
2139 865 2154 903 z
2209 861 2343 904 ecce
2389 847 2625 905 victoris
2673 851 2960 921 aspectus,
3007 847 3122 907 Sed
3167 850 3310 906 nota
3330 890 3344 912 .
3373 852 3534 923 quod

1989 954 2115 997 non
2159 938 2531 1014 simpliciter,
2581 942 2688 1000 sed
2735 942 3138 1017 multipliciter
3188 943 3532 1015 meditatus,

1991 1036 2280 1107 quantum
2322 1034 2403 1091 ad
2444 1034 2645 1094 divina
2683 1036 3005 1107 beneficia,
3048 1036 3313 1095 humana
3350 1037 3537 1095 male-

1990 1126 2148 1197 ficia,
2178 1130 2236 1185 et
2260 1126 2464 1186 divina
2483 1128 2713 1202 judicia
2742 1146 3037 1204 :quorum
3064 1130 3189 1188 haec
3213 1131 3536 1204 praeterita,

1989 1221 2115 1279 haec
2139 1221 2467 1295 praesentia,
2495 1223 2620 1281 haec
2646 1223 2865 1282 futura.
2899 1226 2977 1281 De
3003 1224 3212 1299 primis
3231 1224 3538 1285 Psalmista

1993 1314 2134 1373 dicit
2156 1314 2239 1372 ¹⁰:
2280 1336 2307 1370 α
2333 1316 2638 1375 Meditatus
2677 1334 2810 1375 sum
2849 1317 2911 1374 in
2941 1318 3219 1376 omnibus
3256 1318 3540 1395 operibus

1990 1408 2132 1481 tuis,
2163 1429 2191 1462 n
2234 1410 2439 1485 quoad
2465 1411 2758 1469 beneficia
2784 1411 3089 1486 praeterita.
3135 1414 3213 1470 De
3241 1412 3373 1469 aliis
3400 1416 3539 1471 Pro-

1988 1503 2168 1576 pheta
2181 1503 2378 1577 psallit
2398 1503 2438 1539 ¹¹
2458 1522 2474 1562 z
2501 1523 2530 1558 α
2545 1505 2850 1563 Meditatus
2867 1521 2996 1562 sum
3015 1508 3187 1563 nocte
3206 1522 3342 1564 cum
3357 1506 3540 1565 corde

1990 1612 2157 1669 me03
2174 1616 2201 1651 ιο
2223 1600 2280 1655 et
2293 1598 2411 1656 hoc
2430 1599 2635 1672 quoad
2653 1598 2944 1658 maleficia
2959 1599 3284 1675 praesentia.
3301 1602 3380 1657 De
3399 1599 3532 1659 reli-

1991 1690 2127 1765 quis
2152 1692 2195 1726 ¹¹
2225 1708 2240 1747 :
2281 1711 2311 1744 α
2338 1694 2403 1749 In
2428 1708 2708 1750 mensura
2754 1697 2958 1751 contra
2992 1709 3332 1751 mensuram
3351 1736 3370 1765 ‚
3401 1708 3540 1751 cum

1990 1784 2222 1857 abJecta
2245 1784 2451 1856 fuerit,
2475 1786 2769 1860 judicabit
2809 1803 2975 1859 eam,
3014 1787 3331 1844 meditatus
3357 1791 3444 1846 est
3476 1787 3540 1845 in

1990 1879 2197 1953 spiritu
2223 1895 2333 1938 suo
2370 1880 2557 1952 dure,
2588 1902 2616 1935 n
2664 1884 2809 1952 etc.,
2835 1879 3042 1955 quoad
3062 1879 3287 1954 judicia
3324 1880 3540 1953 futura,

1990 1987 2332 2030 mensuram
2359 1989 2549 2046 poenae
2577 1976 2783 2031 contra
2811 1989 3151 2032 mensuram
3171 1975 3360 2050 culpae
3382 1990 3541 2049 mys-

1994 2066 2121 2125 ticae
2149 2068 2220 2141 (a)
2253 2069 2482 2127 Domini
2500 2068 2688 2127 vineae
2712 2068 3097 2127 reddituram.

2638 2229 2897 2295 Epilogus.

2064 2355 2146 2409 Ex
2169 2352 2464 2427 praedictis
2483 2357 2676 2428 potest
2698 2353 3018 2412 clarescere
3046 2368 3216 2412 mens
3237 2358 3541 2429 Prophetas

1989 2447 2377 2520 proponentis
2405 2447 2709 2506 victoriam
2751 2448 3052 2505 tentatoris
3073 2492 3091 2520 ,
3122 2452 3180 2507 et
3205 2448 3451 2508 dicentis
3477 2452 3541 2509 in

1995 2555 2255 2615 persona
2275 2541 2549 2599 victoris:
2580 2542 2936 2613 Coaqulatum
2956 2547 3034 2599 cst
3053 2545 3195 2599 sicut
3225 2545 3329 2612 lac,
3358 2560 3545 2618 quan-

1987 2636 2118 2691 tum
2167 2633 2246 2691 ad
2291 2635 2592 2693 tentatoris
2621 2638 2678 2691 et
2713 2632 3029 2693 satellitum
3070 2635 3196 2708 ejus
3224 2635 3542 2710 defectum,

1991 2743 2115 2802 quo
2143 2726 2359 2800 ligatur
2393 2744 2601 2787 eorum
2645 2728 2938 2802 potentia:
2987 2729 3089 2785 Cor
3117 2744 3324 2801 eorum,
3356 2745 3543 2804 quan-

1992 2825 2120 2877 tum
2151 2822 2230 2878 ad
2253 2822 2551 2891 effectum,
2583 2838 2705 2896 quo
2731 2822 3039 2895 instigatur
3062 2823 3330 2897 ipsorum
3358 2825 3543 2883 male-

1991 2914 2286 2985 volentia;
2334 2917 2446 2987 qu
2482 2931 2605 2973 vero
2639 2919 2802 2988 leqem
2841 2923 3024 2987 tuam,
3067 2917 3269 2991 quoad
3308 2918 3544 2979 victoris

1988 3012 2361 3082 provectum,
2391 3025 2515 3083 quo
2543 3009 2831 3081 levigatur
2857 3011 2985 3084 ejus
3009 3010 3326 3084 patientia3
3366 3014 3543 3070 Medi-

1993 3106 2138 3160 tatus
2166 3119 2284 3162 sum
2299 3144 2320 3175 ,
2343 3102 2548 3178 quoad
2567 3102 2755 3178 ipsius
2782 3105 3084 3178 aspectum
3101 3146 3119 3177 ,
3147 3120 3272 3179 quo
3299 3105 3540 3166 investi-

1990 3204 2164 3271 gatur
2191 3198 2504 3274 sapientia,
2534 3214 2641 3274 per
2669 3214 2853 3274 quam
2877 3199 3128 3258 vincitur
3153 3201 3396 3260 malitia.

2529 3422 2863 3469 nnstcums
2897 3425 2994 3467 vn.

2057 3583 2147 3637 71.
2177 3581 2380 3636 Bonum
2406 3579 2575 3650 mihi,
2604 3581 2737 3650 quia
2762 3578 3071 3637 humiliasti
3107 3595 3223 3653 me,
3249 3583 3357 3638 etc.
3405 3582 3541 3639 Post

1986 3672 2371 3749 praecedentis
2428 3671 2887 3730 conservationis
2933 3672 3186 3745 indicia,
3234 3690 3367 3748 quoe
3405 3678 3542 3735 sunt

1987 3767 2325 3826 tentationis
2377 3766 2737 3837 resistentia,
2794 3768 2852 3823 et
2902 3766 3205 3825 tentatoris
3258 3767 3537 3838 victoria,

1986 3861 2255 3936 sequitur
2284 3860 2551 3930 tertium,
2575 3860 2743 3934 quod
2781 3863 2867 3917 est
2891 3860 3118 3935 peccati
3144 3859 3534 3934 displicentia,

1988 3971 2123 4030 quae
2148 3955 2437 4030 probatur
2473 3953 2535 4010 in
2574 3952 2692 4011 hoc
2733 3968 2941 4025 versu,
2968 3955 3127 4013 velut
3159 3969 3198 4012 a
3238 3956 3537 4015 contrario

1986 4065 2181 4109 sensu.
2228 4050 2377 4106 Nam
2433 4046 2719 4121 probate,
2768 4047 2936 4121 quod
2991 4047 3430 4122 beneplacitum
3466 4049 3539 4107 sit

1986 4141 2323 4213 humiliari,
2365 4139 2686 4198 illuminari
2709 4183 2728 4212 ,
2770 4140 3107 4214 justificari,
3149 4157 3223 4200 ex
3263 4143 3539 4217 opposito

1984 4238 2294 4312 probatur,
2320 4233 2486 4309 quod
2507 4234 2949 4308 maleplacitum
2984 4235 3058 4292 sit
3098 4236 3311 4308 inflari,
3343 4236 3539 4294 obcae-

1988 4330 2130 4401 cari,
2161 4327 2534 4405 praevaricari
2560 4346 2576 4384 :
2608 4343 2869 4401 quorum
2889 4328 3154 4402 primum
3181 4330 3431 4404 pertinet
3457 4328 3536 4386 ad

1987 4422 2443 4494 remorsionem;
2491 4419 2824 4478 secundum
2845 4462 2865 4494 ,
2910 4421 2990 4481 ad
3046 4421 3533 4488 delectationemz

1986 4517 2255 4587 tertium,
2285 4515 2366 4573 ad
2398 4513 2838 4586 assensionem3
2871 4517 3147 4590 quartum
3165 4556 3186 4588 ,
3214 4515 3295 4576 ad
3321 4530 3535 4591 opera·

1986 4611 2231 4671 tionem.

2493 4682 2769 4739 Articulus
2805 4684 3035 4755 primus.

2056 4800 2149 4859 Ad
2200 4797 2637 4873 beneplacitum
2686 4797 2963 4873 respicit,
3024 4796 3193 4873 quod
3242 4797 3533 4871 Propheta

1985 4892 2290 4970 praedicit:
2318 4894 2526 4950 Bonum
2550 4891 2725 4963 mihi,
2761 4891 2932 4965 quasi
2959 4891 3157 4950 dicat:
3186 4889 3534 4966 Beneplacet

1984 4988 2153 5048 mihi.
2182 4987 2239 5047 Si
2268 4991 2465 5045 autem
2492 4984 2866 5060 propositum
2885 4988 2971 5043 est
2996 4984 3454 5058 beneplacitum,
3474 4987 3533 5043 et

1938 5117 1941 5120 Δ
1986 5082 2328 5159 oppositum
2382 5080 2470 5136 est
2516 5078 2980 5153 maleplacitum.
3035 5081 3104 5137 Et
3157 5077 3488 5137 notandum
3509 5121 3528 5151 ,

1985 5177 2154 5252 quod
2200 5173 2528 5250 perfectum
2583 5163 3024 5247 beneplacitum
3076 5172 3254 5231 debet
3303 5170 3529 5253 habere

1988 5332 2046 5342 -
2078 5304 2120 5335 ¹⁰
2160 5299 2295 5353 Psal.
2334 5308 2501 5361 cxm,
2531 5299 2581 5347 5.
2614 5319 2675 5334 -
2710 5297 2747 5331 ¹¹
2774 5296 2912 5347 Psal.
2945 5307 3130 5361 mvi,
3165 5299 3212 5349 ’1.
3243 5323 3304 5335 -
3342 5297 3382 5333 ¹²
3409 5298 3529 5359 Ita„

1987 5387 2157 5441 nvn,
2183 5376 2296 5427 8.-
2321 5372 2386 5438 (α)
2407 5367 2683 5423 Baiana.
2705 5368 2936 5435 mystica.
