4196 6294
1701 402 2065 472 PSALMUS
2106 401 2275 469 CXL.

382 539 591 605 cunda
615 539 952 622 Apostolus
985 541 1001 576 ¹
1049 561 1064 606 ε
1115 562 1148 602 α
1179 538 1463 605 Tradidit
1491 538 1633 604 illos
1660 536 1825 604 Deus
1852 538 1922 602 in

381 645 701 730 passiones
742 645 1137 728 ignominiae.
1176 669 1208 706 ιι
1254 647 1340 711 De
1374 647 1559 712 tertia
1600 646 1670 711 in
1718 645 1922 710 Evan-

380 753 551 835 gelio
568 755 591 790 ²
619 773 634 815 ε
674 776 705 815 (ι
731 752 981 818 Tradite
1009 755 1378 834 tortoribus,
1398 759 1462 820 et
1483 754 1693 837 ligatis
1722 754 1921 818 mani-

381 858 503 923 bus
535 864 600 924 et
640 860 906 942 pedibus
942 861 1171 926 mittite
1211 863 1280 927 in
1325 863 1618 927 tenebras
1657 861 1921 926 exterio-

381 985 504 1031 res.

463 1081 562 1141 10.
629 1075 844 1160 Caput
917 1077 1215 1141 circuitus
1286 1094 1532 1141 eorum.
1602 1075 1919 1142 Circuitus

379 1182 588 1266 primo
605 1186 703 1247 est
723 1183 1074 1264 genitiVuS,
1105 1184 1358 1264 scilicet,
1386 1203 1577 1267 super
1605 1203 1713 1249 eos
1741 1185 1921 1250 cadet

379 1293 571 1373 caput
606 1290 944 1372 circuituS,
983 1292 1050 1356 id
1082 1297 1217 1370 est,
1248 1298 1438 1377 caput
1477 1295 1606 1359 viae
1647 1312 1875 1359 eorum
1895 1342 1914 1374 ‚

379 1400 612 1466 scilieet
627 1401 948 1484 superbia,
978 1406 1170 1485 caput
1194 1404 1544 1483 malorum;
1570 1404 1674 1469 vel
1702 1406 1913 1487 caput,

341 1527 355 1538 ·
379 1525 605 1573 eorum
642 1508 943 1580 circuitus
960 1558 978 1583 ,
1020 1509 1085 1574 id
1126 1514 1250 1589 est,
1282 1511 1606 1591 diaboluS‚
1646 1511 1758 1594 qui
1803 1511 1919 1574 cir-

379 1615 514 1682 cuit
552 1634 848 1699 quaerens
888 1636 1080 1700 quem
1114 1618 1393 1699 devoret,
1440 1620 1553 1702 qui
1579 1636 1915 1702 nunquam

377 1723 610 1789 incedit
629 1723 735 1790 via
754 1742 826 1789 ec
865 1729 955 1789 ta.
1494 1788 1500 1792 ,

458 1836 557 1897 12.
616 1834 724 1899 Vir
751 1834 1078 1918 linquosus
1110 1853 1241 1898 non
1260 1835 1572 1919 diriqetur
1610 1838 1678 1900 in
1706 1844 1911 1919 terra3

376 1940 487 2006 sed
513 1940 706 2007 silens
733 1964 749 2006 :
774 1943 947 2008 unde
974 1941 1292 2027 Propheta
1314 1944 1337 1981 ⁸
1372 1966 1388 2009 ε
1418 1966 1449 2005 (ε
1479 1943 1552 2008 In
1577 1944 1827 2009 silentio
1853 1949 1918 2010 et

376 2067 487 2132 spe
522 2049 644 2114 erit
684 2051 988 2116 fortitudo
1039 2056 1272 2117 vestra.
1322 2076 1353 2114 ι)
1405 2052 1566 2118 Nam
1623 2058 1688 2119 et
1736 2054 1918 2119 beata

375 2156 574 2238 Virgo
609 2161 897 2239 tantum,
947 2163 1261 2242 quantum
1314 2143 1555 2243 legitur
1598 2162 1667 2226 in
1711 2162 1917 2227 Evan-

379 2264 571 2347 gelio,
599 2264 813 2330 locuta
839 2271 934 2331 est
959 2269 1189 2349 angelo
1216 2269 1560 2349 nuntianti,
1598 2270 1916 2336 Elisabeth

375 2373 769 2456 praegnanti,
814 2379 879 2440 et
921 2375 1168 2442 Christo
1215 2377 1285 2441 in
1327 2378 1538 2443 medio
1583 2378 1916 2445 doctorum

377 2481 640 2560 sedenti,
669 2485 734 2547 et
757 2483 962 2549 eidem
994 2486 1065 2548 in
1088 2485 1328 2569 nuptiis
1355 2485 1670 2552 residenti.

665 2724 1065 2795 PSALMUS
1111 2727 1381 2797 DAVID
1428 2728 1616 2798 CXL.

458 2919 517 2979 1.
561 2915 864 2994 Domine,
896 2915 1193 2980 clamavi.
1240 2915 1525 2982 Clamant
1564 2917 1800 3000 Angeli
1838 2918 1914 2983 in

379 3021 538 3087 coelo
563 3022 836 3088 clamore
868 3023 1074 3094 laudis
1091 3072 1112 3104 ,
1145 3024 1315 3089 unde
1340 3025 1464 3089 hoc
1489 3026 1512 3060 ⁴
1542 3048 1558 3090 t
1608 3048 1640 3088 α
1680 3026 1917 3090 Clama-

374 3131 537 3196 bunt
579 3130 840 3213 etenim,
910 3132 1230 3216 hymnum
1282 3133 1511 3200 dicent.
1568 3158 1599 3194 n
1676 3134 1915 3199 Clamat

373 3239 618 3322 Moyses
639 3239 722 3319 ¹iu
748 3240 996 3305 deserto
1022 3240 1297 3309 clamore
1323 3241 1676 3307 devotionis
1696 3289 1713 3320 ,
1744 3244 1913 3308 unde

372 3348 496 3413 hoc
533 3347 554 3383 ⁸
599 3370 614 3411 ε
666 3369 698 3408 α
745 3346 991 3413 Clamor
1027 3366 1210 3413 meus
1257 3349 1327 3413 in
1375 3354 1713 3433 conspectu
1770 3352 1913 3432 ejus

373 3454 659 3522 introivit
682 3455 751 3519 in
776 3474 965 3521 aures
993 3459 1153 3539 ejus.
1196 3479 1227 3517 n
1267 3456 1552 3522 Clamant
1577 3456 1693 3520 filii
1723 3455 1912 3522 Israel

375 3563 445 3627 in
467 3560 745 3646 AEgypto
771 3561 1047 3629 clamore
1068 3563 1477 3642 necessitatis,
1512 3562 1682 3627 unde
1708 3563 1829 3627 hoc
1847 3563 1906 3629 ⁸:

383 3692 413 3730 α
439 3669 886 3736 Clamaverunt
920 3670 1001 3735 ad
1041 3671 1380 3737 Dominum
1403 3717 1421 3753 ,
1468 3689 1617 3735 cum
1653 3670 1915 3736 tribula-

370 3782 616 3843 rentur.
663 3801 694 3838 »
730 3778 971 3844 Clamat
1000 3780 1276 3845 Sodoma
1311 3786 1373 3845 et
1407 3780 1760 3845 Gomorrha
1792 3780 1913 3844 cla-

374 3903 552 3950 more
578 3886 949 3968 iniquitatis,
983 3886 1150 3952 unde
1170 3890 1193 3925 ⁷
1226 3911 1240 3951 :
1283 3913 1313 3949 α
1342 3888 1591 3954 Clamor
1618 3888 1910 3955 Sodomae

373 3993 438 4055 et
473 3986 846 4057 Gomorrhae
881 3994 1335 4077 multiplicatus
1369 4001 1495 4077 est,
1538 4001 1602 4062 et
1626 3998 1806 4063 venit
1830 3999 1911 4063 ad

373 4117 509 4164 me:
542 4121 573 4161 n
613 4105 678 4165 et
711 4100 944 4167 dicitur
985 4104 1066 4169 ad
1108 4103 1310 4189 Deum
1352 4106 1571 4171 venire
1587 4155 1606 4188 ,
1653 4108 1910 4191 quando

372 4208 624 4270 tantum
665 4213 925 4289 peccant
941 4257 963 4289 ‚
1010 4210 1182 4293 quod
1222 4210 1386 4277 Deus
1430 4231 1563 4278 non
1601 4214 1743 4279 vult
1768 4214 1912 4298 plus

371 4313 703 4378 sustinere.

453 4424 513 4486 2.
558 4423 898 4507 Diriqatur
924 4428 1131 4491 oratio
1172 4447 1340 4493 mea.
1385 4427 1598 4493 Oratio
1625 4431 1912 4510 penetrat

372 4529 585 4610 coeloffi
615 4548 762 4613 quae
792 4536 1008 4598 tamen
1035 4535 1226 4600 habet
1254 4536 1379 4600 tria
1406 4535 1858 4617 impedimenta
1891 4559 1906 4603 :

372 4656 523 4702 nam
552 4640 935 4725 quandoque
979 4647 1075 4706 est
1106 4643 1359 4723 timida3
1391 4661 1544 4707 nam
1570 4642 1761 4707 timor
1786 4644 1909 4707 im-

372 4745 736 4811 moderatus
761 4748 851 4813 ita
875 4751 1203 4833 restringit
1227 4752 1514 4815 animum
1533 4797 1555 4824 ‚
1593 4750 1764 4834 quod
1796 4769 1913 4816 nec

373 4853 777 4935 ingressum,
818 4874 937 4921 nec
973 4876 1384 4941 progressum
1413 4859 1664 4924 habeat.
1698 4857 1910 4937 Quan-

371 4960 581 5044 doque
621 4966 717 5026 est
754 4963 986 5046 tepida,
1027 4983 1177 5047 quae
1226 4966 1341 5030 etsi
1384 4984 1770 5050 aggressum
1794 4967 1914 5032 ha-

373 5067 547 5149 beat,
579 5074 755 5134 caret
795 5074 1011 5136 tamen
1039 5090 1392 5154 progressu
1411 5122 1430 5154 ,
1470 5092 1547 5139 eo
1574 5075 1745 5157 quod
1781 5093 1912 5140 non

439 5264 456 5299 ¹
482 5265 640 5330 Rom„
664 5279 705 5328 ι,
733 5268 812 5319 21.
837 5294 898 5306 -
926 5270 949 5303 ²
972 5269 1179 5333 naith„
1206 5282 1359 5334 xvm,
1391 5273 1476 5324 3⁴.
1501 5300 1558 5311 —
1580 5272 1603 5307 ³
1630 5272 1746 5337 lea„
1781 5285 1909 5339 xxx,

379 5337 454 5385 15.
483 5360 546 5375 --
575 5336 598 5372 δ
631 5339 774 5390 Psal.
802 5352 946 5406 LXIV,
978 5342 1056 5393 14.
1081 5367 1145 5380 —
1181 5344 1203 5379 ⁸
1224 5342 1362 5394 Psoi.
1391 5355 1523 5409 zvn,
1552 5346 1600 5393 7.
1629 5371 1690 5383 —
1717 5347 1738 5382 ⁸
1767 5346 1907 5400 Psal-

375 5415 488 5469 ενι,
511 5410 570 5470 6,
606 5412 703 5461 etc.
732 5436 792 5449 —
830 5411 846 5443 ‘
877 5412 1022 5476 Gen„
1055 5424 1213 5477 xvin,
1251 5418 1330 5465 20.
1360 5438 1422 5451 --
1451 5416 1470 5446 ⁸
1500 5415 1670 5481 Apoc„
1698 5428 1750 5482 v,
1776 5418 1823 5468 8.
1849 5444 1910 5456 -

3454 409 3572 470 567

2031 538 2226 603 habet
2269 537 2583 620 vigorem.
2633 535 3027 621 Quandoque
3064 540 3162 603 est
3189 538 3530 605 temeraria
3544 589 3568 621 ,

2030 664 2180 730 quae
2246 646 2540 729 quamvis
2606 645 2836 710 habeat
2888 663 3301 729 progressum
3324 694 3342 726 ,
3400 651 3571 711 caret

2027 753 2354 836 ingressu,
2378 754 2530 838 quia
2554 753 2794 836 patitur
2822 754 3168 837 repulsam,
3200 756 3355 838 quia
3381 758 3570 820 teme-

2028 861 2199 925 raria
2217 865 2332 926 est.
2363 861 2485 926 Sed
2510 865 2730 925 contra
2746 861 2888 926 haec
2909 861 3033 926 tria
3052 862 3243 927 habet
3261 866 3390 927 tres
3408 862 3563 943 alas,

2028 968 2262 1033 scilicet
2279 973 2351 1034 ut
2377 968 2599 1049 fidelis,
2626 969 2902 1049 fervens,
2923 973 2987 1034 et
3012 970 3320 1034 humilis:
3346 974 3569 1035 contra

2027 1075 2312 1159 primum
2354 1076 2899 1159 impedimentum,
2933 1075 3173 1156 fidelis3
3205 1081 3423 1142 contra
3466 1096 3564 1143 se-

2027 1184 2314 1248 cundum
2335 1233 2352 1264 ,
2384 1185 2674 1265 fervens;
2720 1189 2940 1250 contra
2975 1185 3275 1265 tertium,
3305 1185 3568 1250 humilis

2028 1291 2131 1354 sit.
2161 1289 2449 1357 Primum
2472 1311 2604 1358 non
2629 1293 2820 1358 habet
2845 1311 3250 1376 aggressum,
3283 1312 3399 1358 nec
3427 1312 3569 1377 pro-

2029 1416 2327 1480 gressum
2349 1449 2367 1480 ,
2399 1418 2516 1465 nec
2559 1400 2962 1481 ingressum3
2999 1402 3349 1481 secundum
3377 1402 3567 1467 habet

2027 1525 2444 1588 aggressum,
2478 1509 2585 1572 sed
2633 1528 2766 1573 non
2810 1527 3264 1593 progressum,
3305 1528 3423 1574 nec
3463 1510 3564 1574 in-

2032 1633 2332 1695 gressum
2365 1637 2379 1679 :
2412 1616 2669 1680 tertium
2698 1616 2890 1680 habet
2916 1634 3324 1697 aggressum,
3355 1617 3420 1680 id
3446 1620 3563 1695 est,

2026 1724 2403 1807 incoeptum,
2437 1728 2500 1787 et
2526 1741 2979 1806 progressum,
3008 1741 3142 1788 non
3170 1725 3558 1805 ingressum.

2027 1831 2149 1895 Sed
2188 1831 2469 1914 primum
2505 1831 2859 1897 remedium
2900 1831 3093 1896 habet
3134 1850 3559 1914 aggressum3

2027 1939 2382 2004 secundum
2401 1938 2816 2022 progressum
2839 1961 2856 2018 ;
2878 1941 3139 2004 tertium
3163 1940 3559 2023 ingressum:

2025 2051 2087 2112 et
2119 2047 2209 2110 sic
2246 2047 2435 2111 coelos
2461 2047 2834 2130 penetrabit,
2865 2051 2929 2112 et
2955 2050 3106 2112 tunc
3127 2066 3332 2113 vacua
3357 2049 3565 2113 redire

2025 2173 2157 2219 non
2206 2155 2455 2237 poterit.
2508 2154 2616 2219 Est
2667 2154 2823 2219 odor
2874 2154 3178 2219 orationis
3200 2203 3219 2233 ,
3276 2155 3445 2220 unde
3494 2157 3558 2220 in

2022 2263 2402 2347 Apocalypsi
2446 2262 2467 2296 ⁸
2531 2282 2547 2326 ε
2603 2287 2635 2324 α
2682 2263 2998 2328 Habentes
3050 2262 3296 2346 phialas
3350 2263 3565 2345 plenas

2023 2374 2586 2438 odoramentorum
2604 2422 2622 2453 ,
2653 2391 2799 2455 quae
2844 2377 2995 2437 sunt
3036 2372 3354 2437 orationes
3380 2391 3564 2437 sanc-

2023 2484 2259 2545 torum.
2308 2504 2339 2540 n
2392 2480 2502 2545 Est
2545 2481 2701 2546 odor
2743 2480 2931 2545 bonae
2984 2479 3301 2563 opinionis
3323 2531 3338 2561 ,
3393 2482 3564 2546 unde

2021 2589 2146 2652 hoc
2176 2594 2199 2628 ⁹
2236 2611 2251 2653 ε
2305 2612 2335 2648 α
2375 2588 2597 2653 Fracto
2640 2588 2992 2667 alabastro,
3039 2610 3070 2649 n
3119 2592 3241 2653 etc.
3272 2588 3382 2652 Est
3409 2590 3565 2656 odor

2021 2696 2242 2761 salutis
2257 2698 2323 2761 et
2348 2695 2795 2772 damnationis,
2816 2697 2988 2762 unde
3008 2696 3054 2738 ¹⁰
3079 2718 3096 2762 ι
3121 2697 3321 2762 «Aliis
3338 2718 3565 2764 sumus

2023 2804 2182 2869 odor
2225 2804 2399 2869 vitae.
2448 2826 2479 2864 n
2531 2804 2641 2869 Est
2678 2804 2835 2869 odor
2877 2804 3072 2885 lucri,
3119 2806 3231 2889 qui
3282 2806 3454 2870 foetet
3496 2808 3562 2870 in

2022 2913 2312 2977 naribuS.

2110 3025 2170 3086 3.
2239 3021 2489 3088 Ostium
2540 3020 3055 3085 circumstantiae.
3128 3020 3373 3086 Ostium
3438 3023 3565 3086 oris

2019 3129 2207 3194 debet
2243 3146 2381 3195 esse
2421 3138 2717 3211 apertum
2744 3129 2823 3195 ad
2869 3130 3029 3210 tria,
3070 3133 3133 3195 et
3162 3129 3445 3195 clausum
3483 3132 3564 3197 ad

2005 3240 2173 3304 tria:
2205 3242 2499 3320 apertum
2524 3239 2606 3303 ad
2632 3238 3105 3315 confessionem,
3132 3238 3303 3303 unde
3330 3239 3449 3303 hoc
3476 3239 3556 3303 ¹¹:

2030 3370 2061 3408 α
2089 3346 2405 3411 Effundite
2440 3363 2655 3409 coram
2691 3344 2800 3410 illo
2833 3345 3021 3410 corda
3048 3350 3291 3426 vestra3
3322 3369 3352 3406 n
3388 3346 3560 3413 clau-

2021 3473 2167 3519 sum
2241 3454 2284 3519 d
2306 3453 2810 3531 excusationem,
2839 3453 3011 3518 unde
3040 3454 3160 3519 hoc
3191 3474 3208 3518 ε

2101 3563 2163 3628 lv.
2206 3564 2357 3631 Non
2389 3561 2656 3627 declinet
2692 3579 2801 3627 cor
2826 3580 3041 3626 meum
3067 3563 3137 3625 in
3161 3561 3355 3627 verba
3380 3564 3565 3630 mali·

2020 3672 2149 3750 tice,
2176 3670 2268 3734 ad
2289 3669 2684 3735 excusandos
2708 3670 3142 3735 excusationes
3167 3672 3556 3755 inpeccatis:

2017 3782 2310 3862 apertum
2334 3777 2416 3841 ad
2440 3778 2726 3857 laudem,
2757 3778 2928 3842 unde
2954 3777 3078 3842 hoc
3102 3777 3146 3813 ¹¹
3176 3796 3193 3842 t
3224 3801 3255 3840 οι
3271 3777 3558 3861 Domine,

2017 3887 2190 3951 labia
2219 3904 2363 3950 mea
2393 3886 2638 3969 aperies
2655 3934 2674 3965 ,
2716 3907 2748 3946 1>
2793 3889 2955 3965 etc.;
2987 3885 3277 3951 clausum
3305 3887 3382 3951 ad
3411 3906 3562 3970 pro—

2017 3997 2225 4081 priam
2270 3996 2547 4076 laudem‚
2601 3999 2676 4061 ut
2726 4013 2856 4060 non
2897 3999 3273 4079 prorumpat
3316 3998 3384 4062 in
3422 4000 3557 4081 jac-

2017 4105 2284 4169 tantiam
2307 4154 2324 4186 ,
2372 4104 2537 4169 sicut
2576 4102 2968 4183 Pharisaeus,
3015 4103 3227 4168 dicens
3256 4106 3348 4169 ¹⁸:
3390 4128 3421 4168 α
3449 4111 3559 4172 Je-

2012 4214 2176 4295 juno
2222 4211 2322 4276 bis
2379 4210 2449 4274 in
2495 4210 2754 4274 sabbato
2806 4230 2822 4272 :
2870 4232 2902 4270 n
2962 4215 3255 4293 apertum
3305 4213 3386 4276 ad
3444 4213 3560 4278 do-

2019 4320 2291 4384 cendum
2347 4318 2586 4398 bonOS,
2636 4316 2806 4382 unde
2861 4316 3201 4401 Apostolus
3232 4317 3278 4355 ¹⁸
3316 4340 3334 4383 ι
3399 4343 3430 4381 α
3477 4320 3559 4385 Os

2020 4430 2314 4491 nostrum
2354 4428 2524 4508 patet
2560 4424 2640 4488 ad
2666 4441 2814 4503 voS,
2856 4442 2895 4489 o
2928 4424 3265 4505 Corinthii;
3299 4448 3330 4487 ι)
3379 4427 3557 4492 clau-

2018 4552 2164 4599 sum
2189 4534 2270 4599 ad
2293 4532 2605 4599 docendos
2632 4532 3000 4615 obstinatos,
3027 4533 3201 4599 unde
3228 4539 3275 4576 ²⁸
3308 4554 3323 4598 z
3363 4558 3393 4596 α
3417 4533 3558 4600 Non

2020 4648 2114 4709 est
2139 4643 2420 4709 dandum
2449 4646 2738 4706 sanctum
2770 4643 3054 4707 canibus.
3081 4665 3112 4705 n

2098 4756 2159 4816 5.
2212 4752 2433 4817 Oleum
2455 4752 2809 4836 peccatoris
2826 4770 2957 4815 non
2980 4752 3337 4836 impinquet
3364 4760 3561 4836 caput

2017 4879 2254 4926 meum.
2289 4860 2454 4936 Quot
2479 4859 2684 4924 modis
2697 4859 3000 4944 accipitur
3024 4859 3261 4941 oleum,
3289 4878 3484 4945 supra
3510 4861 3554 4899 ¹⁸

2019 4969 2256 5035 dictum
2286 4971 2403 5031 est.

2097 5079 2161 5141 6.
2218 5075 2519 5159 Absor-pti
2569 5080 2721 5139 sum
2773 5073 2991 5156 juncti
3046 5082 3248 5157 μείνω
3303 5075 3555 5158 judices

2015 5276 2036 5306 ⁹
2055 5272 2223 5338 Joan„
2253 5283 2352 5331 ιιι,
2378 5274 2426 5322 3.
2450 5296 2514 5310 -
2545 5272 2580 5303 ¹·
2611 5272 2652 5321 ll
2681 5271 2821 5337 Con,
2849 5284 2909 5336 11,
2938 5274 3016 5324 16.
3043 5299 3106 5311 -
3134 5274 3171 5309 ¹¹
3199 5272 3339 5325 Psal.
3366 5285 3476 5339 nn,
3503 5276 3551 5325 9.

2016 5372 2080 5385 -
2108 5346 2146 5379 ¹¹
2168 5342 2302 5395 Psal.
2334 5354 2384 5407 L,
2414 5345 2489 5394 17.
2510 5368 2573 5383 -
2601 5342 2646 5379 ²⁸
2670 5344 2807 5403 Luc..
2837 5355 2985 5409 xvm,
3012 5346 3093 5396 22.
3112 5370 3176 5384 -
3202 5347 3242 5383 ²⁶
3262 5347 3303 5396 ll
3335 5345 3472 5409 cm,
3497 5358 3549 5411 v,

2021 5421 2095 5469 11.
2118 5442 2179 5454 -
2208 5416 2247 5452 ¹⁸
2270 5413 2473 5474 matth„
2501 5425 2590 5480 vn,
2617 5417 2749 5465 6.-
2781 5416 2818 5451 ¹⁸
2842 5417 3025 5480 supra,
3055 5418 3108 5466 in
3130 5416 3260 5469 Paul.
3289 5427 3549 5473 nxxxvm.

3616 871 3784 914 Oratio-

3614 932 3685 975 ni·
3703 933 3786 976 nlo

3648 999 3755 1040 tren.

3629 2183 3749 2228 Odor

3622 2247 3767 2291 multi·

3604 3110 3785 3154 othum.
