4196 6294
784 417 902 480 690

846 546 1067 613 druplici
1102 547 1167 599 de
1200 556 1354 597 causa
1390 544 1449 595 tlt
1476 544 1607 606 laus,
1635 540 1746 592 sive
1772 537 1937 590 oratio
1961 537 2170 589 vocalis.

846 621 1031 672 Deficit
1041 620 1154 685 quis
1175 616 1537 682 multipliciter.
1560 617 1636 666 De
1657 611 1841 677 triplici
1868 611 2169 662 litteratura.

845 695 921 745 De
942 692 1126 758 triplici
1144 690 1369 742 hominis
1391 687 1574 740 officio.
1598 689 1760 738 Docet
1782 686 1921 735 Deus
1946 683 2170 748 quinque

847 766 1036 816 modis.

786 839 861 888 De
887 836 1152 901 multiplici
1172 834 1516 887 similitudine.
1548 834 1623 884 De
1649 829 1833 896 tripIIci
1851 828 2169 880 reductione.

847 913 922 961 De
944 910 1211 973 multiplici
1247 907 1616 959 consolatione.

784 984 945 1045 Deus,
976 982 1231 1047 judicium
1268 984 1404 1030 tuum
1432 980 1542 1043 reqi
1579 978 1663 1040 da,
1692 975 1880 1027 Psalm.
1910 976 1989 1025 71.
2032 974 2171 1024 Deus

844 1054 1028 1105 dicitur
1045 1067 1148 1117 pax
1167 1051 1355 1117 triplici
1374 1051 1438 1101 de
1459 1063 1630 1100 causa.
1661 1046 1805 1108 Quod
1831 1045 2102 1110 epignome
2113 1045 2170 1095 fit

841 1130 1061 1191 quatuor
1088 1125 1150 1175 de
1180 1124 1361 1175 causis.
1392 1120 1540 1181 Quod
1584 1119 1810 1171 Ecclesia
1834 1118 2019 1167 dicitur
2047 1117 2170 1166 luna

839 1204 1050 1263 propter
1075 1197 1189 1248 tria.
1219 1195 1475 1259 Propheta
1502 1192 1829 1243 commendat
1856 1190 2111 1239 Christum
2137 1202 2169 1239 a

839 1274 1076 1335 quatuor.
1109 1269 1228 1320 Tria
1266 1267 1517 1318 debemus
1544 1266 1654 1315 Deo
1692 1263 1780 1328 (a),
1823 1264 1877 1312 et
1902 1261 2000 1311 tria
2039 1273 2168 1324 pro-

837 1356 997 1393 ximo.

777 1415 1177 1467 commendatur
1202 1425 1419 1479 regnum
1446 1408 1630 1462 Christi
1656 1422 1689 1459 a
1707 1407 1870 1458 trihus
1896 1404 1983 1470 (b).
2011 1407 2167 1456 Beata

837 1489 996 1552 Virgo
1022 1486 1201 1538 velleri
1242 1488 1587 1550 comparatur.
1627 1480 1775 1540 Quod
1816 1477 2166 1542 multipliciter

835 1560 1018 1610 cadere
1041 1559 1254 1623 quisque
1266 1558 1453 1621 potest.
1484 1556 1558 1605 De
1574 1551 1888 1617 quadruplici
1908 1550 1973 1614 (c)
1991 1562 2161 1599 usura.

834 1632 1080 1696 Pauperis
1107 1634 1158 1681 et
1182 1630 1350 1693 inopis
1367 1628 1641 1679 discrimen
1668 1624 1758 1691 (b).
1793 1625 1868 1673 De
1896 1620 2163 1686 multiplici

833 1705 1077 1754 candore.

772 1775 928 1838 Quam
942 1773 1094 1824 bonus
1114 1771 1271 1824 lsrael
1290 1773 1439 1831 Deus,
1460 1769 1647 1820 Psalm.
1667 1770 1745 1818 72.
1768 1769 1971 1818 Novum
1992 1765 2163 1815 Testa-

832 1849 1062 1896 mentum
1079 1846 1132 1895 in
1147 1843 1306 1895 veteri
1329 1842 1586 1892 occultum
1602 1842 1848 1904 quantum
1864 1838 1929 1886 ad
1948 1835 2046 1885 tria
2064 1834 2161 1898 (ὁ).

831 1918 1025 1983 Aliquis
1054 1919 1220 1967 cessat
1247 1930 1279 1965 a
1304 1913 1456 1964 laude
1489 1912 1580 1963 Dei
1607 1914 1827 1975 quatuor
1851 1909 1914 1958 de
1941 1906 2125 1958 causis.
2156 1960 2162 1965 ,

770 1990 988 2051 Quidam
1014 1992 1227 2054 peccant
1266 1985 1439 2036 multis
1477 1985 1541 2034 de
1583 1983 1767 2034 causis.
1797 1983 1866 2031 Os
1893 1980 1948 2029 in
1975 1980 2165 2028 coelum

830 2062 1038 2127 ponitur
1062 2059 1235 2110 multis
1256 2057 1440 2108 modis,
1472 2056 1621 2115 Quod
1639 2055 1873 2121 quasdam
1891 2051 2029 2102 bona
2042 2053 2161 2100 sunt

829 2135 964 2185 mala
987 2133 1158 2196 boni3‚
1186 2132 1287 2182 alia
1312 2129 1464 2181 etiam
1483 2128 1617 2177 mala
1634 2126 1800 2189 malis,
1825 2128 1877 2175 et
1895 2128 2014 2173 sunt
2025 2122 2159 2173 mala

827 2206 978 2256 honis
1005 2204 1161 2254 bona.
1193 2201 1342 2262 Quod
1369 2201 1526 2250 homo
1555 2198 1740 2247 dicitur
1757 2197 1928 2259 imago
1957 2193 2047 2243 Dei
2078 2206 2159 2242 se-

828 2279 1051 2327 cundum
1083 2275 1344 2334 animam,
1376 2274 1427 2322 et
1450 2270 1622 2334 imago
1650 2268 1830 2319 mundi
1872 2265 2158 2315 secundum

829 2361 1034 2412 corpus.
1072 2346 1222 2406 Quod
1248 2344 1406 2394 homo
1435 2342 1620 2392 dicitur
1654 2340 1947 2404 jumentum
1987 2334 2158 2385 multis

829 2421 894 2471 de
919 2418 1106 2470 causis.
1138 2417 1269 2480 Quid
1286 2413 1593 2480 quandoque
1615 2415 1849 2462 versatur
1866 2410 2000 2460 circa
2014 2408 2159 2457 subs-

827 2491 1056 2555 tantiam,
1087 2488 1394 2555 quandoque
1425 2486 1561 2536 circa
1588 2483 1846 2535 accidens.
1884 2483 1959 2531 De
1986 2478 2156 2530 multi-

825 2564 943 2629 plici
967 2561 1325 2616 fornicatione.

770 2635 971 2701 thuz'd,
1002 2636 1148 2693 Deus,
1177 2627 1417 2696 repulisti
1441 2630 1495 2678 in
1521 2630 1690 2693 finem,
1717 2624 1904 2676 Psalm.
1931 2626 2010 2675 73.
2042 2623 2156 2682 Quo

824 2722 978 2758 sensu
1028 2704 1250 2770 populus
1309 2700 1509 2768 gentilis
1570 2697 1670 2750 dici
1723 2700 1898 2762 posset
1937 2695 2157 2760 populus

825 2780 920 2829 Dei
949 2776 1038 2843 (b).
1069 2774 1324 2827 Beneficia
1349 2774 1406 2823 in
1438 2770 1646 2822 Judoeos
1667 2783 1699 2819 a
1724 2770 1834 2818 Deo
1854 2767 2037 2818 collata
2066 2765 2151 2827 (ὁ).

824 2852 913 2902 Est
933 2849 1119 2913 triplex
1141 2847 1360 2911 signum.
1383 2847 1458 2894 De
1480 2841 1670 2906 duplici
1697 2840 2036 2889 tentationum
2060 2850 2153 2901 ge-

822 2935 948 2972 nere
991 2920 1079 2985 (ὁ).
1123 2921 1196 2969 De
1225 2915 1497 2981 multiplici
1529 2914 1710 2964 salute.
1739 2913 1891 2962 Juxta
1933 2913 2153 2975 quatuor

824 2992 946 3043 anni
969 2994 1231 3055 tempora,
1261 2992 1481 3054 quatuor
1521 2984 1792 3035 hominum
1821 2996 2013 3046 genera
2035 2993 2152 3045 pos-

823 3068 944 3115 sunt
956 3063 1141 3115 notari.
1162 3062 1281 3114 Tria
1308 3061 1476 3110 solent
1499 3056 1705 3108 oculum
1728 3055 1897 3105 carnis
1923 3054 2147 3104 turbare.

824 3139 1026 3203 Pauper
1051 3135 1238 3186 dicitur
1269 3131 1442 3184 multis
1469 3128 1655 3182 modis.

763 3210 1122 3275 Confitebimur
1145 3205 1262 3269 tibi,
1284 3206 1436 3270 Deus,
1466 3201 1657 3253 Psalm.
1689 3201 1768 3252 74.
1788 3201 1863 3250 De
1882 3195 2068 3262 triplici
2086 3195 2152 3261 (c)

823 3280 1164 3332 confessione.

760 3354 835 3405 De
870 3350 1202 3412 indevotione
1241 3346 1451 3412 duplici.
1482 3346 1699 3396 Ornatus
1727 3342 1856 3394 varii
1886 3338 2147 3392 Ecclesiae.

822 3426 1027 3476 Cornua
1057 3422 1297 3473 dicuntur
1322 3417 1686 3482 multipliciter.
1711 3415 1860 3476 Quod
1878 3414 2008 3464 calix
2028 3412 2150 3462 dici-

820 3498 904 3547 tur
930 3493 1293 3557 multipliciter.

759 3567 922 3617 Notus
945 3569 999 3618 in
1022 3565 1193 3615 Judaea
1239 3565 1399 3625 Deus,
1442 3562 1631 3612 Psalm.
1670 3561 1750 3610 75.
1796 3555 2147 3621 interpretatio

819 3639 1046 3690 nominis
1072 3636 1290 3686 sumitur
1315 3633 1681 3697 multipliciter.

758 3713 832 3763 De
855 3711 986 3762 scuti
1004 3707 1270 3771 multiplici
1289 3705 1675 3770 significatione.
1699 3701 1848 3762 Quod
1874 3699 2020 3765 fides,
2036 3699 2146 3750 sive

819 3797 993 3846 mens,
1023 3781 1177 3832 dehet
1206 3792 1318 3829 esse
1348 3789 1592 3827 concava.

762 3855 881 3905 Voce
906 3869 1016 3904 mea
1055 3851 1125 3902 ad
1149 3851 1416 3901 Dominum
1452 3848 1697 3909 clamavi,
1727 3845 1916 3896 Psalm.
1951 3845 2029 3895 76.
2069 3844 2145 3894 De

819 3925 1006 3978 Christi
1046 3921 1314 3986 multiplici
1354 3920 1483 3970 saltu
1523 3919 1614 3983 (ὁ).
1665 3917 1920 3981 Propheta
1961 3914 2149 3964 clamat

819 3997 1182 4062 multipliciter.
1209 3995 1458 4057 Despecta
1476 3995 1554 4041 est
1580 3989 1835 4041 confessio
1855 4000 2009 4052 quam
2026 3985 2148 4036 facit

817 4069 1129 4134 prosperitas
1163 4065 1257 4131 (ὁ).
1290 4063 1441 4123 Quod
1477 4065 1581 4113 tres
1609 4059 1849 4112 nocturni
1890 4058 1944 4107 in
1972 4056 2142 4108 officio

817 4139 1103 4193 matutinali
1128 4135 1418 4203 significant
1442 4136 1547 4184 tres
1574 4135 1734 4182 status
1761 4129 2016 4181 Ecclesiae.

754 4216 873 4266 Tria
889 4218 1006 4265 sunt
1030 4212 1167 4263 mala
1188 4209 1372 4276 quibus
1398 4208 1556 4258 homo
1576 4204 1829 4268 affligitur,
1854 4206 1905 4253 et
1923 4204 2144 4267 quatuor

815 4288 958 4339 bona
990 4286 1045 4336 in
1088 4283 1272 4349 quibus
1305 4279 1618 4332 consolatur.
1651 4279 1726 4327 De
1761 4276 1901 4326 hono
1931 4277 1982 4324 et
2005 4273 2142 4323 malo

815 4358 1058 4420 hominis,
1088 4357 1197 4407 sive
1222 4354 1521 4411 intrinseco,
1551 4350 1660 4400 sive
1686 4347 1991 4398 extrinseco.
2012 4346 2148 4404 Quo-

815 4432 973 4483 modo
1000 4428 1232 4481 Christus
1256 4426 1456 4476 dicatur
1472 4422 1575 4486 via,
1601 4420 1790 4472 veritas
1824 4423 1877 4471 et
1907 4417 2031 4469 vita.
2065 4419 2142 4468 De

814 4501 1084 4566 multiplici
1104 4512 1252 4564 aquae
1285 4495 1675 4561 significatione.

751 4575 1026 4636 Attendite,
1049 4571 1232 4638 popule
1252 4583 1412 4632 meus,
1434 4566 1622 4619 Psalm.
1642 4566 1723 4615 77.
1745 4562 1893 4624 Quod
1903 4561 2141 4628 judaicus

816 4646 1035 4714 populus
1062 4642 1247 4694 dicitur
1279 4643 1430 4691 vetus
1455 4637 1629 4688 multis
1654 4635 1717 4686 de
1745 4634 1930 4686 causis.
1959 4635 2028 4686 Os
2062 4633 2140 4683 di-

815 4720 948 4770 citur
986 4715 1159 4767 multis
1197 4713 1384 4765 modis.
1409 4709 1631 4775 Singulis
1673 4706 1909 4772 personis
1951 4704 2140 4756 divinis

814 4789 1016 4855 singula
1045 4785 1439 4852 appropriantur
1461 4785 1715 4845 tempora.
1748 4778 1978 4830 Christus
2004 4791 2136 4828 sem-

719 4920 724 4925 ·
812 4875 906 4925 per
932 4858 1130 4923 incipit.
1167 4857 1319 4918 Quod
1341 4851 1660 4920 quadruplex
1689 4850 1827 4901 lucta
1856 4848 2023 4899 notari
2047 4848 2137 4898 de-

811 4934 919 4984 het.
946 4934 1021 4982 De
1046 4928 1237 4995 duplici
1260 4926 1587 4994 generatione
1618 4922 1889 4985 corporali,
1919 4924 1971 4971 et
1996 4919 2136 4970 simi-

809 5005 928 5055 liter
982 5001 1244 5067 spirituali.
1298 4996 1569 5059 Quomodo
1622 4993 1862 5045 conversi
1902 4993 2137 5043 dicantur

807 5076 900 5127 filii
924 5075 1149 5140 Ephrem
1183 5072 1270 5137 (b).

749 5148 881 5208 Quid
905 5147 1058 5199 Tanis
1095 5144 1345 5210 significet
1366 5141 1457 5208 (ὁ).
1489 5139 1755 5192 Columnae
1787 5134 2132 5201 multipliciter

812 5221 1069 5271 dicuntur.
1103 5218 1294 5270 Cereus
1320 5213 1575 5281 paschalis
1601 5211 1833 5265 Christus
1870 5209 1952 5274 (b).
1982 5206 2131 5268 Quod

2255 403 2517 473 INDEX.

2233 756 2323 806 243

2229 1329 2320 1381 244

2222 1904 2312 1954 245

2219 2550 2310 2600 246

2212 3267 2304 3317 247

2209 3626 2301 3676 248

2208 4129 2298 4178 249

2203 4488 2294 4538 250

2196 5062 2283 5111 251

800 5392 861 5451 (a)
902 5394 1013 5439 Coet.
1048 5390 1154 5439 edit.
1185 5392 1431 5438 Christo.--
1465 5389 1521 5445 (ὁ)
1544 5388 1643 5433 Hoc
1672 5397 1758 5432 non
1788 5385 1945 5431 habent
1970 5386 2068 5431 αεὶ.
2100 5380 2206 5429 edic.
2229 5399 2284 5416 -

744 5453 802 5515 (c)
825 5458 938 5503 coet.
958 5457 1070 5503 edit.
1090 5456 1340 5512 multiplici.
1358 5477 1410 5489 -
1439 5454 1502 5510 td)
1524 5453 1637 5498 Cat.
1655 5452 1763 5496 edit.
1784 5448 2017 5505 corporali.

2497 542 2860 607 predicatores
2874 543 3040 596 ventis
3053 545 3436 610 comparantur.
3460 550 3638 602 Pulvis
3657 555 3817 607 malti·

2496 614 2694 696 pliciter
2714 615 2920 666 dicitur.
2931 617 3080 676 Quod
3098 618 3305 682 quidam
3323 620 3617 674 veninntad
3639 627 3813 691 Deum,

2497 688 2703 750 quidam
2738 689 2944 752 abeunt,
2972 688 3182 753 quidam
3208 702 3333 741 vero
3359 693 3599 747 redeunt.
3620 698 3693 748 De
3720 699 3818 749 cle·

2494 761 2688 811 mentia
2714 761 2825 823 Dei,
2855 764 2909 813 et
2925 762 3131 813 miseria
3156 763 3381 815 hominis
3410 765 3500 830 (ὁ).

2432 832 2556 882 Tres
2582 833 2771 882 diversi
2797 842 2986 897 patres.
3025 834 3141 884 Tria
3172 835 3225 884 in
3246 835 3419 902 nebia,
3451 841 3503 888 et
3527 854 3624 891 nos
3651 841 3704 893 in
3726 845 3816 895 tri·

2494 902 2590 952 bus
2632 904 2961 955 considerare
3003 905 3265 956 debemuS.
3314 910 3387 958 De
3434 911 3702 976 multiplici
3733 917 3820 966 de·

2493 979 2646 1025 serto.
2696 976 2924 1035 Quatuor
2968 980 3088 1027 sunt
3129 977 3432 1042 principalia
3472 983 3597 1033 vitia
3635 986 3819 1049 quihus

2492 1046 2650 1097 homo
2673 1049 2826 1098 cadit.
2855 1050 2979 1107 Quae
3002 1049 3101 1099 sint
3127 1050 3367 1100 habenda
3392 1051 3608 1118 homini,
3642 1059 3699 1107 ut
3722 1059 3819 1108 eli-

2494 1121 2642 1240 gattur
2666 1133 2698 1169 a
2723 1120 2833 1170 Deo
2863 1119 2956 1186 (b).
3001 1121 3077 1171 De
3115 1120 3291 1187 figuris
3333 1123 3495 1175 cereis
3532 1126 3715 1179 oblatis
3752 1144 3817 1180 ex

2494 1204 2563 1240 vo
2586 1205 2639 1242 o.

2430 1260 2580 1324 Deua,
2609 1266 2848 1314 venerunt
2865 1267 3054 1329 qentee,
3083 1265 3271 1317 Psalm.
3297 1266 3377 1318 78.
3403 1266 3553 1328 Quod
3575 1272 3818 1338 templum

2492 1336 2711 1397 quatuor
2736 1336 2904 1386 modis
2932 1336 3249 1401 intelligitur.

2429 1404 2505 1454 De
2532 1405 2797 1469 multiplici
2827 1407 3097 1457 effusione.
3127 1410 3200 1458 De
3227 1408 3336 1460 zelo
3361 1410 3619 1476 conjugali
3649 1414 3743 1480 (ἀ),
3768 1420 3818 1466 et

2490 1477 2757 1540 spirituali.
2782 1479 2839 1528 ln
2864 1493 2966 1543 quo
2991 1479 3238 1530 consistat
3273 1495 3397 1532 vera
3421 1488 3697 1547 paupertas
3725 1487 3815 1551 (ὁ).

2488 1549 2681 1599 Tumor
2702 1550 2956 1613 superbias
2991 1551 3327 1615 deponendus
3354 1552 3444 1616 (b).

2428 1617 2525 1680 Qui
2547 1621 2685 1683 reqis
2711 1619 2887 1673 Israel.
2910 1622 3127 1687 intende,
3160 1624 3347 1673 Psalm.
3374 1627 3452 1675 79.
3486 1626 3817 1679 Praelatorum

2488 1704 2680 1771 genera
2700 1695 2937 1755 quatuor.
2978 1695 3178 1745 Nomen
3206 1695 3400 1760 ioseph
3426 1696 3612 1762 figurat
3637 1702 3812 1751 Eccle-

2488 1776 2614 1811 siam
2646 1762 2739 1827 (b).
2768 1765 2841 1814 Dc
2876 1763 3157 1828 charitate,
3184 1770 3242 1817 ut
3261 1766 3318 1816 in
3350 1769 3481 1818 Deo.

2425 1833 2500 1884 De
2526 1834 2707 1884 eadem
2724 1872 2738 1895 ,
2766 1838 2823 1885 ut
2850 1835 2903 1885 in
2941 1838 3206 1890 creaturis.
3231 1839 3504 1899 Quomodo
3530 1840 3813 1895 claudicare

2487 1904 2666 1987 deceat
2686 1906 2765 1970 (ὁ).
2794 1909 2869 1957 De
2886 1923 2977 1958 sex
2994 1910 3327 1974 temporibus.
3347 1912 3450 1962 Cur
3466 1913 3570 1964 vita
3587 1928 3813 1978 praesens

2487 1976 2681 2057 dicatur
2720 1980 2866 2043 panis
2895 1981 2982 2046 (ὁ).
3015 1982 3149 2041 Quid
3183 1983 3250 2034 sit
3273 1985 3538 2037 maceries.
3576 1989 3649 2037 De
3682 1988 3814 2038 mul-

2485 2048 2643 2112 uplici
2669 2064 2837 2102 muro.

2422 2118 2665 2201 Exuttate
2703 2122 2803 2172 Deo
2826 2122 3063 2187 ἀιζίιιίονι·
3083 2128 3270 2191 nostro,
3299 2127 3488 2180 Psalm.
3519 2129 3597 2179 80.
3626 2131 3702 2181 De
3727 2130 3810 2181 tri·

2482 2192 2603 2256 pltci
2622 2196 2942 2258 separatione
2971 2211 3084 2263 quae
3110 2198 3167 2249 fit
3190 2197 3244 2247 in
3271 2199 3512 2250 Ecclesia.
3536 2202 3681 2261 Quod
3711 2207 3814 2253 tor·

2483 2264 2624 2315 cular
2644 2267 2817 2317 multis
2843 2268 3010 2319 modis
3041 2270 3243 2320 dicitur.
3274 2271 3424 2330 Quod
3453 2277 3672 2337 quatuor
3698 2279 3813 2325 sunt

2483 2340 2642 2418 status
2664 2339 2904 2390 hominis.
2940 2342 3087 2400 Quod
3112 2342 3283 2392 oleum
3305 2344 3403 2393 tria
3423 2343 3564 2396 facit.
3592 2348 3725 2406 Quid
3746 2348 3812 2398 sit

2485 2422 2624 2490 exire
2653 2410 2717 2460 de
2744 2413 2881 2461 terra
2906 2413 3134 2478 AEgypti.
3158 2414 3306 2474 Quod
3330 2414 3490 2467 homo
3518 2423 3719 2469 constat
3743 2432 3807 2468 ex

2482 2493 2727 2545 quinque.

2419 2551 2743 2602 Dilatandum
2772 2567 2831 2604 os
2860 2554 3051 2618 cordis,
3078 2558 3136 2606 ut
3161 2555 3435 2621 impleatur
3463 2558 3578 2609 cibo
3606 2563 3659 2610 et
3684 2564 3812 2624 potu

2479 2623 2675 2673 coelesti
2710 2624 2802 2687 (b).
2853 2627 2928 2675 De
2971 2626 3133 2677 tribus
3173 2628 3422 2679 fructibus
3468 2630 3807 2694 poenitentiae.

2480 2695 2627 2754 Quod
2655 2695 2768 2746 laus
2794 2698 2970 2748 divina
3005 2699 3059 2747 in
3095 2701 3314 2764 quatu'or
3349 2703 3581 2752 consistit
3608 2702 3704 2767 (ὁ).
3733 2706 3806 2754 De

2480 2769 2817 2821 seminatione
2844 2771 2989 2821 verbi
3026 2772 3137 2823 Dei.
3180 2774 3329 2832 Quod
3356 2773 3624 2838 multiplici
3647 2775 3805 2826 modo

2480 2841 2617 2890 Deus
2642 2841 2797 2892 mittit
2820 2856 3031 2893 manum
3059 2857 3210 2893 suum
3237 2844 3327 2908 (ὁ).

2416 2910 2549 2961 Deus
2572 2914 2712 2961 stetit
2733 2915 2785 2963 in
2810 2928 3065 2979 synaqoqa
3086 2914 3309 2978 deorum,
3340 2916 3530 2969 Psalm.
3556 2920 3637 2968 81.
3657 2919 3805 2979 Quod

2441 2981 2576 3032 Deus
2603 2988 2737 3035 stare
2768 2985 2939 3035 multis
2965 2986 3133 3037 modis
3161 2987 3364 3039 dicitur.
3394 2990 3471 3040 De
3499 2992 3698 3054 septem
3721 2991 3804 3041 vi-

2496 3055 2580 3105 tiis
2600 3056 2919 3120 capitalibus,

2414 3124 2684 3186 Quomodo
2712 3129 2951 3194 superbia
2977 3129 3043 3181 sit
3070 3130 3219 3182 radix
3240 3132 3475 3185 omnium
3499 3133 3770 3186 malorum.

2412 3199 2563 3264 Deus,
2594 3201 2707 3264 quis
2731 3201 2926 3251 similis
2952 3205 3052 3253 erit
3082 3203 3195 3269 ubi,
3222 3206 3410 3256 Psalm.
3441 3210 3523 3258 82.
3561 3209 3634 3258 De
3674 3209 3803 3258 taci-

2473 3273 2714 3324 turnitate
2756 3274 3043 3339 multiplici.
3074 3277 3225 3335 Quod
3260 3292 3366 3329 non
3394 3293 3500 3330 uno
3539 3286 3802 3332 momento

2473 3350 2629 3427 petras
2667 3346 2864 3411 scissae,
2894 3349 2946 3397 et
2978 3353 3314 3400 monumenta
3352 3355 3474 3414 post
3507 3353 3800 3416 passionem

2473 3416 2657 3467 Christi
2670 3422 2844 3481 aperta
2857 3423 2976 3469 sunt
2996 3423 3010 3482 (
3018 3419 3089 3482 b).
3111 3422 3184 3471 De
3193 3421 3464 3487 multiplici
3476 3427 3799 3475 testamento.

2474 3491 2548 3539 De
2574 3490 2840 3555 multiplici
2862 3490 3013 3542 valle.
3038 3493 3236 3556 Duplex
3276 3495 3675 3558 alienigenarum
3716 3510 3804 3559 ge·

2473 3574 2573 3611 nus
2604 3562 2699 3624 (b).
2749 3564 2825 3612 De
2871 3562 3056 3627 triplici
3101 3565 3368 3630 sapientia.
3416 3569 3493 3619 De
3534 3568 3806 3632 multiplici

2472 3636 2604 3683 rota.
2633 3633 2750 3684 Tria
2773 3633 2826 3684 in
2852 3633 3069 3697 judicio.

2410 3705 2646 3765 Quonam
2687 3719 2839 3757 sensu
2876 3721 3068 3759 nomen
3100 3709 3341 3761 Dominus
3386 3712 3496 3763 Deo
3531 3713 3803 3764 essentiae

2471 3778 2553 3828 sit.
2580 3781 2655 3829 De
2674 3792 2889 3830 numero
2904 3781 3187 3831 undenario
3219 3781 3313 3847 (b).
3334 3782 3408 3833 De
3425 3784 3611 3848 triplici
3628 3785 3802 3849 culpa.

2409 3849 2567 3912 Quam
2591 3849 2775 3900 dilecta
2811 3849 3132 3901 tabernacula
3167 3855 3283 3917 tua,
3321 3854 3508 3904 Psalm.
3539 3857 3618 3906 88.
3648 3856 3805 3916 Quod

2468 3921 2626 3972 homo
2652 3922 2779 3984 tria,
2809 3936 2923 3987 quoe
2949 3926 3256 3985 praesentem
3295 3925 3454 3975 vitam
3492 3933 3801 3993 sequentur,

2470 3996 2521 4042 et
2547 3993 2646 4044 tria
2672 3993 2843 4044 adhuc
2866 3994 2922 4044 in
2944 3992 3131 4044 horum
3161 3994 3373 4060 singulis
3412 3997 3593 4048 timere
3624 3998 3798 4051 debet.

2469 4065 2543 4114 De
2566 4066 2764 4115 duabus
2796 4065 2912 4127 alis,
2937 4065 3123 4130 quibus
3147 4066 3309 4118 homo
3337 4067 3541 4120 vehitur
3577 4069 3632 4119 in
3658 4084 3800 4134 prae·

2468 4137 2618 4186 senti.
2652 4136 2802 4196 Quod
2829 4139 2965 4188 Deus
2989 4138 3055 4188 ad
3074 4152 3171 4190 nos
3204 4139 3486 4204 descendit,
3516 4144 3569 4191 et
3595 4154 3694 4192 nos
3730 4142 3804 4193 ad

2467 4208 2630 4257 Deum
2657 4208 2903 4259 debemus
2935 4210 3233 4261 ascendere.

2406 4278 2609 4342 Qualis,
2650 4284 2702 4330 et
2736 4280 2939 4344 qualem
2966 4281 3382 4333 benedictionem
3422 4284 3559 4334 Deus
3592 4282 3711 4348 det,
3741 4289 3798 4335 et

2466 4350 2746 4415 quotuplici
2764 4351 2965 4402 ratione
2978 4351 3070 4416 (ὁ).
3087 4353 3221 4413 Quid
3242 4354 3422 4406 innuat
3435 4370 3539 4407 vox
3556 4356 3683 4408 Sion
3696 4356 3798 4419 (b).

2466 4423 2615 4482 Quod
2649 4422 3028 4474 firmamentum
3055 4426 3154 4475 erit
3178 4426 3364 4477 stabile
3408 4426 3463 4478 in
3499 4427 3686 4481 tumre.
3715 4428 3799 4480 De

2465 4493 2793 4548 luminarium
2819 4495 3189 4560 significatione
3221 4496 3315 4564 (ὁ).

2404 4564 2729 4632 Benedixisti,
2762 4567 3007 4633 Domine,
3051 4571 3242 4618 terram
3280 4571 3452 4634 tuam,
3491 4572 3679 4624 Psalm.
3705 4574 3795 4624 84.

2464 4638 2613 4698 Quod
2645 4638 2962 4703 praeteritum
2987 4637 3338 4703 multipliciter
3373 4643 3602 4706 ponitur.
3640 4645 3799 4705 Quod

2465 4711 2601 4760 Deus
2621 4709 2970 4774 multipliciter
2989 4710 3235 4776 loquitur.
3262 4713 3339 4765 De
3365 4727 3514 4780 pace,
3532 4729 3651 4767 cum
3674 4730 3805 4781 qua·

2462 4781 2694 4846 druplici,
2726 4785 2840 4833 tum
2870 4783 3079 4848 duplici.

2400 4853 2474 4903 De
2501 4853 2826 4905 distinctione
2852 4854 3008 4906 trium
3048 4858 3363 4922 temporum.
3405 4859 3482 4912 De
3517 4858 3796 4925 multiplici

2460 4926 2605 5009 vocis
2621 4926 2824 4990 Lapidis
2846 4927 3235 4992 significatione.
3258 4932 3335 4983 De
3361 4930 3631 4984 dilectione
3658 4945 3796 4997 pro-

2458 5011 2602 5062 nmx,
2630 5002 2682 5049 et
2698 5001 3093 5063 perseverantia.

2396 5068 2588 5119 Inclina
2608 5105 2623 5132 ,
2669 5071 2917 5127 Domine,
2941 5087 3114 5123 aurem
3145 5075 3282 5125 tuam
3297 5110 3318 5137 ,
3344 5075 3532 5129 Psalm.
3576 5079 3659 5129 85.
3698 5078 3822 5129 nuo

2455 5140 2806 5192 contraximus
2832 5142 2896 5193 de
2941 5144 3122 5195 Adam.
3152 5145 3229 5196 De
3268 5159 3365 5197 usu
3391 5146 3619 5212 quinque
3658 5160 3794 5198 sen-

2455 5227 2605 5264 suum
2629 5214 2686 5264 in
2713 5227 2864 5267 carne
2885 5215 3161 5270 domanda.

2394 5285 2542 5345 Quod
2568 5285 2869 5350 paenitentia
2898 5288 2997 5339 tria
3022 5288 3255 5354 requirit.
3284 5290 3436 5352 Quod
3459 5305 3577 5357 spes
3606 5290 3796 5346 timori

2452 5357 2739 5422 adiicienda
2755 5363 2834 5410 est
2863 5358 2955 5425 (b).

2390 5426 2731 5483 Fundamenta
2756 5431 2869 5495 qius
2894 5433 2950 5486 in
2977 5433 3256 5496 montibus,
3290 5435 3478 5489 Psalm.
3504 5438 3587 5489 86.
3630 5439 3795 5500 Quod

3871 776 3946 825 2⁸2

3860 4215 3964 4264 259

3856 4789 3962 4839 w

4122 136 4172 343 affl-

4146 654 4172 953 fl-'
