4196 6294
890 490 1008 553 658

1892 494 2304 561 EXPOSlTlO
2348 496 2431 560 ΙΝ
2472 495 3066 563 ECCLESIASTEN.

885 628 1033 703 test,
1065 642 1185 688 nec
1211 626 1416 707 potest
1443 643 1694 710 semper
1721 628 1967 709 vivere,
1999 649 2160 714 ergo
2200 650 2421 697 secure
2537 637 2777 716 tempus
2804 647 3139 715 casumque
3172 633 3247 698 in
3273 632 3555 700 omnibus
3570 681 3592 713 ,
3622 635 3779 719 quasi
3799 636 3949 702 omnia

883 736 1084 814 potest
1128 733 1431 813 gaudere.
1484 732 1607 799 Sed
1645 736 1816 802 istud
1852 758 1980 804 non
2025 745 2197 806 tenet
2230 792 2247 822 ,
2296 741 2420 806 nisi
2531 758 2571 804 a
2598 759 2748 805 casu
2785 741 3080 819 veniant,
3113 745 3175 805 et
3218 741 3578 823 temporalia
3605 742 3945 809 varientur‘:

881 839 1003 905 hoc
1030 844 1385 925 supposito,
1417 844 1586 927 quod
1616 845 1923 913 Dominus
1958 869 2088 916 non
2117 870 2419 917 remune-
2539 871 2569 907 <t
2616 845 2841 911 Omnia
2894 852 3145 931 tempus
3209 848 3447 913 habent
3473 898 3491 928 2
3539 852 3598 914 θῑ
3644 850 3759 914 suis
3802 851 3948 932 spatii—i

878 953 978 1012 ret
1003 947 1187 1013 aliter
1208 950 1273 1015 in
1306 951 1548 1032 futuro,
1578 973 1774 1037 quam
1803 956 1873 1020 in
1901 960 2237 1041 praesenti3
2270 980 2416 1045 quae

878 1061 971 1120 est
996 1058 1300 1139 praedicta
1323 1061 1609 1140 vanitas..
1634 1080 1827 1143 quam
1857 1065 2159 1131 destruit.

959 1166 1255 1234 11.Verti
1271 1185 1365 1234 me
1391 1167 1702 1250 adalind,
1724 1173 1842 1235 etc.
1870 1170 2046 1238 Sicut
2072 1194 2267 1257 supra
2284 1175 2415 1240 dic·

874 1275 1015 1336 tum
1043 1277 1159 1354 est,
1191 1275 1493 1340 securitas
1519 1281 1613 1341 est
1640 1277 1706 1341 in
1740 1279 1966 1343 malis:
1998 1282 2230 1362 primo,
2263 1282 2413 1365 quia

873 1381 1127 1447 videtur
1138 1382 1402 1449 deficere
1425 1385 1758 1450 retributio
1777 1388 2080 1469 justitiae;
2109 1390 2406 1470 secund0‚

872 1489 1025 1572 quia
1053 1490 1302 1555 videtur
1334 1491 1601 1557 deficere
1629 1494 1924 1575 regimen
1960 1497 2400 1579 providentiae.

871 1595 1104 1660 Actum
1130 1599 1223 1661 est
1247 1598 1327 1662 de
1344 1598 1613 1679 defectu,
1635 1601 1749 1683 qui
1780 1608 2041 1685 apparet
2067 1623 2204 1669 esse
2235 1605 2399 1669 circa

869 1704 1165 1785 regimen
1205 1706 1620 1788 providentiae
1660 1726 1677 1771 ε
1726 1727 1853 1773 non
1896 1711 2066 1775 enim
2112 1712 2409 1777 videntur

868 1810 1008 1876 haec
1037 1812 1178 1895 regi
1205 1814 1491 1879 ordinate
1511 1864 1531 1895 ,
1563 1816 1674 1882 sed
1714 1819 2066 1884 causaliter.
2111 1819 2189 1884 Et
2217 1820 2409 1886 habet

868 1918 1007 1984 haec
1032 1938 1179 2002 pars
1218 1921 1376 1986 duas
1404 1927 1646 2006 parteS,
1679 1926 1830 2007 quia
1873 1927 2083 2009 primo
2127 1930 2404 1993 ostendi-

867 2031 976 2091 tur
1003 2027 1278 2092 defectus
1318 2029 1556 2093 ordinis
1583 2033 2043 2113 communiter3
2076 2037 2355 2101 secundo
2375 2084 2398 2116 ,

867 2135 1218 2218 specialiter
1266 2138 1354 2202 ibi
1393 2141 1478 2218 (v.
1530 2141 1626 2222 13)
1671 2162 1685 2201 :
1741 2142 1925 2207 Hanc
1971 2159 2213 2225 quoque
2259 2144 2411 2210 vidi

866 2246 1278 2326 sapientiam,
1309 2250 1456 2327 etc.,
1479 2246 1647 2311 circa
1673 2248 2061 2329 praelationis
2076 2251 2405 2316 inordina-

869 2351 1127 2417 tionem.
1147 2352 1323 2417 Circa
1348 2354 1631 2435 primum
1654 2356 1743 2419 sic
1768 2356 2127 2438 proceditur
2160 2360 2404 2442 :primo

868 2459 1139 2523 ostendit
1162 2458 1699 2526 inordinationem
1729 2465 1791 2525 et
1819 2480 2073 2543 casum,
2103 2465 2270 2547 quod
2298 2466 2399 2529 vi-

866 2564 1053 2629 detur
1071 2583 1207 2630 esse
1231 2570 1547 2649 quantum
1567 2569 1645 2633 ad
1662 2570 1812 2634 vitae
1833 2573 2398 2652 conversationem

866 2678 1143 2743 secundo
1172 2725 1190 2755 ‚
1236 2679 1408 2761 quod
1456 2680 1709 2746 videtur
1766 2701 1901 2747 esse
1958 2687 2273 2765 quantum
2324 2684 2405 2748 ad

867 2786 1090 2850 mortis
1129 2786 1645 2852 terminationem
1671 2837 1691 2867 ,
1725 2788 1816 2852 ibi
1848 2790 1866 2871 (
1893 2808 1959 2855 v.
2007 2794 2104 2869 12)
2148 2813 2163 2855 ε
2195 2791 2407 2858 Nescit

865 2888 1044 2959 homo
1068 2891 1265 2973 finem
1300 2910 1511 2960 suum.
1558 2895 1879 2972 Quantum
1910 2896 2118 2977 igitur
2143 2898 2224 2962 ad
2251 2899 2402 2964 vitae

868 3001 1414 3066 conversationem
1440 3050 1456 3077 ,
1513 3003 1782 3067 ostendit
1825 3003 2398 3087 inordinationem,

867 3108 1021 3191 quia
1048 3126 1150 3174 res
1178 3127 1305 3174 non
1333 3112 1632 3193 aptantur
1657 3110 1736 3174 ad
1764 3129 1860 3191 ea,
1882 3110 1961 3176 ad
1989 3131 2136 3195 quae
2167 3112 2405 3180 habent

868 3217 1272 3282 idoneitatem
1289 3240 1305 3297 ;
1322 3222 1576 3300 propter
1595 3218 1767 3301 quod
1788 3219 1934 3283 dicit
1955 3219 2037 3302 (v.
2060 3226 2158 3298 11)
2180 3244 2195 3285 :
2224 3223 2406 3291 Vertz'

867 3341 964 3390 me
992 3325 1082 3392 ad
1102 3324 1306 3405 aliud,
1330 3329 1446 3390 etc.
1473 3325 1632 3402 Quia
1654 3345 1845 3408 supra
1862 3329 2283 3395 consideravit
2302 3350 2400 3396 re·

869 3432 1304 3510 tributionem,
1326 3433 1430 3496 hic
1462 3434 1654 3497 vertit
1679 3452 1744 3497 se
1762 3434 1842 3498 ad
1874 3435 2401 3502 considerandum

868 3538 1197 3604 ordinem:
1229 3539 1505 3621 Vidique
1517 3539 1631 3606 sub
1661 3540 1811 3619 sole,
1841 3544 1986 3619 etc.;
2018 3546 2081 3605 et
2104 3548 2399 3608 numerat

868 3646 1155 3730 quinque
1182 3647 1349 3711 dona
1377 3647 1579 3729 gratis
1603 3647 1750 3711 data
1766 3695 1786 3726 ‚
1818 3666 1963 3731 quae
1998 3649 2130 3712 suis
2156 3650 2400 3715 actibus

866 3754 1319 3819 defraudantur
1353 3777 1367 3818 ε
1401 3756 1529 3822 Nec
1578 3754 1880 3821 velocium
1924 3771 2056 3821 esse
2100 3773 2356 3824 cursum
2380 3806 2396 3835 ‚

865 3880 1014 3925 cum
1061 3864 1277 3926 tamen
1329 3862 1455 3925 sint
1497 3862 1704 3927 idonei
1752 3862 1832 3926 ad
1878 3864 2267 3927 currendum
2311 3866 2330 3901 ¹
2377 3883 2394 3929 :

868 3989 899 4028 α
937 3964 1173 4032 Peribit
1199 3968 1360 4048 fuga
1387 3986 1427 4030 a
1461 3968 1709 4047 veloce3
1743 3989 1774 4028 n
1802 3985 1916 4034 nec
1961 3970 2227 4050 sortium
2273 3969 2402 4035 bel-

866 4072 998 4139 lum
1019 4123 1035 4154 ,
1086 4093 1234 4138 cum
1282 4078 1498 4140 tamen
1550 4075 1676 4139 sint
1733 4076 1943 4139 idonei
1980 4077 2058 4140 ad
2103 4096 2399 4159 pugnan-

865 4181 1024 4245 dum
1050 4185 1073 4220 ¹
1109 4199 1126 4244 ε
1162 4205 1193 4244 <1
1221 4181 1592 4247 Ceciderunt
1628 4182 1914 4264 robusti,
1963 4188 2027 4248 et
2070 4185 2400 4266 perierunt

863 4308 1045 4354 arma
1069 4290 1319 4369 bellica;
1343 4312 1374 4351 υ
1394 4307 1506 4357 nec
1535 4292 1927 4374 sapientium
1949 4310 2212 4376 panem,
2246 4312 2396 4358 cum

861 4400 1078 4462 tamen
1139 4399 1265 4462 sint
1323 4399 1532 4464 idonei
1590 4400 1671 4463 ad
1723 4401 1956 4464 cibaria
2009 4399 2395 4465 distribuen-

861 4505 1017 4570 dum
1037 4505 1057 4541 ⁸
1081 4527 1099 4571 z
1136 4527 1166 4566 α
1184 4504 1323 4571 Non
1347 4524 1492 4570 sum
1522 4507 1803 4571 medicus
1820 4556 1837 4587 ‚
1861 4512 1923 4572 et
1947 4508 2013 4571 in
2039 4509 2228 4572 domo
2252 4526 2394 4572 mea

856 4630 987 4678 non
1012 4618 1109 4678 est
1135 4614 1315 4696 panis
1337 4635 1353 4693 ;
1376 4636 1406 4674 n
1431 4630 1546 4679 nec
1573 4614 1901 4681 doctorum
1919 4614 2220 4694 divitias,
2242 4633 2388 4681 cum

857 4721 986 4784 sint
1010 4721 1220 4786 idonei
1256 4722 1338 4785 ad
1377 4722 1594 4786 omnia
1629 4721 1796 4787 dona
1836 4722 2286 4805 possidendum
2316 4721 2339 4756 ⁸
2368 4744 2383 4786 τ

863 4849 894 4888 <1
927 4827 1228 4893 Inventus
1259 4831 1354 4893 est
1384 4828 1453 4893 in
1483 4848 1558 4893 ea
1585 4830 1686 4894 vir
1712 4848 1990 4913 pauper;
2020 4852 2051 4890 n
2086 4847 2200 4897 nec
2229 4830 2389 4898 arti-

851 4934 1048 5015 ficum
1082 4938 1401 5019 qratiam,
1433 4955 1582 5001 cum
1625 4942 1839 5001 tamen
1884 4937 2013 5001 sint
2054 4937 2265 5002 idonei
2305 4936 2388 5002 ad

851 5048 1038 5124 grata
1086 5061 1277 5126 opera
1332 5045 1691 5110 faciendum
1726 5050 1748 5085 ⁵
1795 5067 1811 5108 ε
1863 5068 1894 5107 α
1933 5044 2187 5109 Confusi
2231 5048 2385 5109 sunt

845 5168 1068 5217 omnes
1089 5201 1105 5233 ,
1153 5152 1266 5236 qui
1309 5152 1736 5236 operabantur
1780 5153 1943 5218 bene
1991 5153 2072 5236 (a)
2124 5172 2141 5216 t
2191 5175 2221 5213 n
2256 5152 2386 5220 Sed

905 5351 918 5378 ¹
948 5348 1113 5410 Amos,
1146 5362 1203 5414 11,
1234 5353 1312 5401 ¹4.
1342 5378 1406 5390 —-
1437 5352 1455 5382 ²
1487 5352 1528 5400 ll
1562 5353 1700 5417 Κεφ,
1735 5361 1778 5414 ι,
1815 5352 1894 5401 27.
1924 5377 1988 5389 —
2014 5351 2037 5387 ⁸
2063 5352 2184 5414 Im„
2216 5363 2297 5414 111,
2327 5355 2376 5405 Ἰ.

834 5444 892 5457 —
919 5420 938 5454 ⁸
971 5421 1121 5482 lurra,
1153 5435 1201 5470 v.
1236 5426 1308 5471 15.
1336 5449 1399 5460 -
1435 5422 1458 5457 ⁸
1486 5423 1601 5484 ism,
1634 5435 1736 5486 xx,
1764 5427 1813 5472 5.
1840 5449 1902 5460 —
1929 5423 1951 5457 ⁶
1985 5423 2176 5485 Supra,
2207 5434 2296 5486 ιιι,
2327 5428 2374 5475 1.

830 5516 890 5528 -
919 5492 936 5522 ⁷
964 5492 1167 5554 Mallia„
1187 5504 1332 5556 μιν,
1358 5496 1435 5544 ⁴2.
1463 5520 1517 5530 -
1539 5492 1563 5528 ⁸
1585 5492 1767 5555 Eccli„
1793 5506 1868 5556 xl,
1899 5496 1977 5542 22.
2004 5519 2065 5529 -
2088 5494 2111 5527 ⁹
2140 5495 2153 5542 Ι
2191 5493 2375 5552 These„

2530 958 2884 1019 transeunt.
2902 978 2933 1015 ι)
2952 955 3029 1020 Et
3046 956 3527 1037 distinguuntur
3545 956 3808 1039 praedicta
3820 958 3945 1037 dona,

2530 1064 2685 1145 quia
2713 1064 2840 1128 duo
2866 1064 3078 1147 prima
3101 1063 3448 1146 respiciunt
3471 1082 3684 1147 corpus
3708 1083 3724 1128 t
3746 1065 3945 1146 agilitas,

2525 1169 2605 1233 ad
2634 1170 3098 1252 assequendum
3130 1170 3584 1248 desideratum;
3613 1170 3877 1250 fortitude,
3898 1171 3948 1234 ad

2523 1276 2945 1341 resistendum
2974 1277 3142 1342 malo
3171 1277 3383 1343 illato:
3417 1277 3539 1342 tria
3562 1279 3844 1360 sequentia
3861 1279 3948 1340 ani·

2524 1403 2731 1462 mam,
2777 1384 3011 1447 scilicet
3051 1383 3358 1467 sapientia
3394 1384 3461 1448 in
3505 1385 3705 1465 corde,
3746 1381 3949 1449 doctrina

2521 1490 2589 1555 in
2618 1509 2762 1569 ore,
2811 1508 2914 1553 ars
2955 1490 3026 1554 in
3069 1508 3278 1573 opere.

2603 1603 2699 1662 η.
2722 1598 2939 1664 Nescit
2962 1597 3142 1665 homo
3172 1597 3366 1676 finem
3385 1613 3590 1664 suum.
3613 1595 3948 1677 Tangiturhic

2520 1705 2872 1769 secundum
2888 1754 2903 1784 ‚
2924 1705 3155 1768 scilicet
3181 1705 3459 1769 defectus
3486 1704 3787 1786 regiminis
3805 1701 3948 1785 quoad

2519 1815 2741 1878 mortis
2759 1814 3295 1893 terminationem,
3319 1814 3472 1896 quia
3493 1812 3648 1877 nulli
3669 1810 3949 1876 determina

2518 1923 2679 2001 tum,
2699 1939 2817 1985 nec
2835 1921 3111 2003 quando,
3137 1940 3255 1986 nec
3281 1923 3600 2004 quomodo
3617 1918 3946 1993 debeatmori;

2516 2035 2580 2096 et
2596 2033 2869 2111 videtur,
2892 2033 3060 2116 quod
3078 2050 3251 2097 mors
3268 2032 3410 2096 talis
3429 2081 3446 2110 ,
3474 2038 3535 2097 et
3547 2033 3696 2112 talis,
3715 2051 3836 2096 casu
3848 2047 3947 2094 eve·

2514 2138 2670 2202 niat.
2701 2138 2779 2201 Et
2821 2143 3154 2222 propterea
3185 2139 3336 2203 dicit
3365 2161 3381 2202 ε
3412 2139 3624 2206 Nescit
3644 2140 3794 2206 homo
3816 2137 3949 2217 finem

2514 2262 2722 2326 suum,
2748 2246 2812 2310 id
2836 2251 2960 2326 est,
2987 2247 3153 2310 diem
3180 2248 3407 2311 mortis
3432 2249 3456 2285 '¹
3484 2271 3545 2312 ει(
3568 2247 3803 2329 Vigilate
3820 2260 3944 2324 ergo,

2514 2354 2668 2435 quia
2696 2353 2956 2417 nescitis
2987 2373 3114 2436 qua
3138 2353 3297 2417 hora
3321 2353 3623 2419 Dominus
3648 2356 3823 2419 vester
3842 2366 3947 2414 vcn-

2514 2463 2700 2525 turus
2737 2461 2839 2524 sit.
2879 2482 2910 2520 1>
2955 2460 3033 2524 Et
3061 2459 3239 2543 ponit
3279 2462 3680 2543 exemplum,
3716 2454 3948 2542 quomodo

2513 2572 2609 2632 est
2664 2567 3047 2632 inordinatio
3094 2571 3156 2631 et
3209 2568 3587 2632 incertitudo
3624 2591 3639 2630 ε
3685 2565 3799 2634 Sed
3838 2564 3949 2629 sicut

2507 2676 2720 2756 pisces
2746 2677 3096 2757 capiuntur
3120 2674 3304 2742 hamo
3321 2721 3343 2747 ,
3377 2676 3610 2740 scilicet
3634 2676 3945 2756 ignoranter,

2514 2787 2572 2848 et
2598 2783 2770 2849 sicut
2797 2799 2947 2848 aves
2986 2781 3597 2864 comprehenduntur
3631 2784 3843 2866 laqueo,
3871 2776 3949 2839 sci·

2511 2888 2658 2952 licet
2696 2907 2810 2971 per
2838 2889 3125 2953 fraudem
3165 2894 3187 2929 ⁸
3220 2912 3234 2953 ε
3271 2913 3302 2951 c
3330 2890 3510 2955 Sicut
3543 2891 3750 2975 perdix
3778 2882 3949 2950 induci-

2510 2997 2715 3060 turin
2744 3015 3003 3062 caveam
3021 3045 3042 3075 ,
3071 3001 3133 3061 et
3158 2997 3322 3062 sicut
3348 3017 3578 3083 caprea
3602 3000 3666 3063 in
3694 3000 3946 3079 laqueum,

2512 3104 2602 3168 sic
2630 3122 2739 3169 cor
2766 3104 3189 3189 superborum
3210 3127 3225 3184 ;
3246 3128 3275 3166 »
3295 3107 3392 3172 sic
3408 3098 3949 3190 capiunturhomina

2511 3214 2585 3278 in
2610 3217 2886 3295 tempore
2917 3214 3105 3295 malo.
3131 3218 3154 3253 ⁹
3210 3235 3241 3273 α
3272 3213 3433 3278 Cum
3474 3214 3735 3278 dixerint
3760 3232 3774 3274 :
3799 3208 3897 3272 Pax
3912 3204 3952 3263 et

2509 3326 2833 3405 securitas,
2855 3325 3225 3409 repentinus
3249 3326 3653 3408 superveniet
3672 3319 3947 3388 interitus.»

2513 3433 2673 3496 Cum
2714 3433 2806 3497 eis
2832 3432 3265 3513 supervenerit
3307 3432 3645 3516 eoetemplo,
3679 3430 3735 3493 id
3768 3430 3863 3501 aet,
3888 3436 3952 3484 ἴθ’

2507 3544 2695 3618 pente
2723 3543 2770 3579 ¹⁰
2802 3560 2863 3602 :a
2890 3538 3111 3603 Subito
3139 3539 3293 3603 dum
3320 3556 3457 3603 non
3486 3541 3775 3624 speratim
3811 3528 3955 3597 veniet

2507 3647 2801 3710 contritio
2827 3649 2967 3728 ejus
2983 3695 3003 3726 ,
3027 3650 3089 3710 et
3115 3647 3477 3711 conteritur
3502 3647 3673 3716 velut
3698 3644 3765 3725 (b)
3790 3641 3955 3719 lagena

2505 3752 2715 3834 figuli.
2764 3774 2794 3812 n
2834 3753 3259 3835 Spiritualiter
3303 3753 3409 3818 hic
3451 3755 3792 3818 insinuatur
3825 3748 3956 3810 hono

2506 3879 2654 3924 rum
2680 3879 2957 3945 superna
2993 3860 3243 3941 electio,
3280 3866 3340 3925 et
3385 3861 3777 3944 postmodum
3814 3848 3955 3918 malo·

2504 3986 2655 4032 rum
2683 3970 2928 4033 occulta
2969 3968 3311 4034 damnatio.
3344 3967 3424 4032 Ut
3454 3970 3652 4051 igitur
3684 3969 3852 4030 totam
3879 3958 3957 4021 bo·
4084 3981 4085 3990 ¹

2504 4094 2737 4140 norum
2766 4074 3195 4159 operationem
3223 4075 3349 4140 Deo
3377 4077 3704 4153 attribuat,
3732 4069 3856 4136 dicit
3872 4079 3958 4147 prl-
4084 4081 4085 4088 ¹

2504 4199 2610 4247 mo
2637 4199 2768 4250 non
2800 4200 2931 4250 esse
2955 4183 3262 4250 velocium
3290 4199 3585 4262 cursum,
3617 4180 3755 4265 quia
3775 4192 3878 4240 non
3895 4169 3958 4232 at

2502 4308 2541 4353 a
2567 4309 2670 4369 se,
2708 4291 2883 4373 quod
2924 4292 3167 4369 currat,
3198 4289 3306 4353 sed
3349 4309 3389 4353 a
3431 4290 3562 4356 Deo
3585 4291 3625 4326 ¹¹
3660 4310 3675 4354 ε
3714 4311 3742 4350 «1
3764 4278 3959 4351 Nonest

2501 4395 2773 4462 volentis
2801 4445 2819 4477 ‚
2863 4414 3070 4478 neque
3110 4396 3426 4460 currentis
3453 4445 3475 4476 ,
3530 4397 3638 4461 sed
3677 4383 3958 4459 miserentis

2500 4502 2648 4582 Dei;
2680 4525 2710 4563 ι)
2738 4519 2851 4569 nec
2877 4503 3143 4582 sortium
3170 4501 3433 4582 bellum,
3456 4503 3609 4585 quia
3625 4503 3664 4539 ¹²
3695 4523 3725 4561 a
3744 4515 3853 4564 non
3871 4490 3956 4556 sal-

2502 4616 2690 4678 vatur
2736 4629 2855 4675 rex
2895 4628 3006 4692 per
3036 4608 3308 4674 multam
3343 4610 3685 4688 virtutem3
3719 4630 3748 4667 n
3779 4611 3958 4670 necta·

2491 4722 2814 4803 pientiam
2844 4735 3077 4802 panem
3104 4738 3143 4783 a
3171 4736 3274 4798 se,
3305 4719 3416 4785 sed
3445 4738 3485 4784 a
3511 4719 3636 4784 Deo
3653 4719 3737 4780 ¹⁸:
3777 4738 3806 4777 α
3825 4710 3958 4776 Pater

2496 4846 2682 4893 meus
2725 4827 2833 4891 dat
2870 4827 3053 4892 vobis
3096 4844 3327 4909 panem
3372 4826 3451 4892 de
3494 4826 3650 4892 coelo
3690 4830 3952 4893 veru1113⁹

2494 4952 2603 5001 nec
2645 4934 2967 5002 doctorum
3012 4934 3288 5001 divitias
3311 4983 3328 5014 ,
3378 4934 3700 5018 sapientiae
3742 4924 3954 4995 scilieet,
4084 4971 4085 4974 ,

2493 5043 2801 5123 scientiae,
2835 5063 2875 5107 a
2913 5062 3009 5120 se,
3038 5043 3147 5108 sed
3190 5061 3231 5107 a
3268 5043 3396 5108 Deo
3435 5043 3521 5107 ¹⁸:
3565 5067 3596 5105 α
3622 5042 3693 5107 In
3725 5033 3959 5105 omnihus

2491 5151 2717 5217 divites
2761 5151 2904 5215 facti
2950 5151 3099 5215 estis
3147 5151 3218 5214 in
3261 5151 3416 5230 in03
3461 5173 3490 5212 n
3541 5168 3652 5218 nec
3674 5143 3959 5224 ‘artificum

2492 5280 2542 5333 ν,
2576 5272 2623 5320 3.
2660 5296 2715 5306 -
2755 5270 2796 5305 ¹⁰
2821 5271 2940 5329 Iso„
2978 5280 3109 5332 xxx,
3152 5269 3228 5328 13,
3269 5270 3347 5318 14.
3378 5292 3439 5305 -—
3472 5269 3505 5303 ¹¹
3534 5269 3686 5330 Rom„
3724 5277 3799 5326 11,
3832 5262 3893 5310 16.
3916 5276 3959 5290 ·-·

2492 5342 2535 5376 ¹¹
2556 5339 2695 5391 Psal.
2724 5352 2891 5405 xxxn,
2921 5342 2998 5391 16.
3017 5365 3082 5376 -
3111 5339 3151 5374 ¹⁸
3168 5340 3333 5400 loon„
3356 5351 3426 5404 vl,
3449 5342 3526 5390 32.
3546 5364 3608 5376 -
3634 5338 3709 5387 ¹⁴1
3735 5336 3854 5396 Con,
3874 5340 3904 5392 1,
3923 5327 3958 5372 5.

2555 5422 2621 5486 (a)
2657 5421 2800 5485 ναις.
2822 5421 2884 5471 Et
2905 5420 3178 5480 timebunt,
3201 5423 3253 5470 et
3277 5420 3666 5471 confundentur.
3684 5414 3820 5480 -(1›)
3847 5405 3955 5469 Vuls-

2488 5494 2883 5556 comminuetur,
2910 5491 3039 5543 sicut
3065 5492 3360 5542 conteritur.
