4196 6294
1615 539 1976 608 PSALMUS
2019 540 2277 606 CXVHl.
3415 555 3533 616 355

356 676 577 749 visive,
606 681 662 735 et
700 680 863 736 tuam
901 674 1338 738 multitudinem
1383 679 1676 757 provisive
1709 697 1723 736 ε
1756 693 1888 736 ecce
2004 680 2163 735 casto
2190 691 2412 751 pavore
2456 677 2729 751 pavenda
2751 679 2781 733 ‘t
2809 680 2886 735 De
2929 679 3099 737 tertio
3135 679 3345 740 eadem
3379 686 3535 758 psal-

357 771 660 832 instructio
688 777 1176 836 consummativa,
2002 770 2208 829 modia
2231 770 2512 846 proponit
2535 772 2559 807 ⁸
2589 790 2604 828 ε
2641 790 2670 826 α
2695 770 2981 831 Mirabilia
3019 772 3146 845 eJus
3183 773 3246 832 in
3285 777 3533 851 profun-

145 4286 228 4329 τῖε
256 4282 340 4326 mi-

103 4345 301 4392 rabilia.

855 937 1137 994 Articulus
1185 938 1399 993 tertius.

2005 865 2105 925 do.
2137 886 2166 922 n
2199 868 2476 936 Quaenam
2504 867 2638 923 sunt
2670 864 2776 923 illa
2805 866 3134 938 mirabilia,
3160 869 3273 926 nisi
3298 871 3402 930 illa
3430 888 3534 945 ge-

2002 959 2212 1019 hennae
2239 959 2563 1036 supplicia,
2599 976 2731 1034 quae
2761 959 2960 1017 nullus
2995 960 3243 1035 ambigit
3285 965 3538 1023 cautissi-

433 1061 728 1129 Quantum
755 1060 834 1118 ad
862 1061 1133 1134 tertium,
1150 1060 1450 1125 ,subnectit
1480 1078 1494 1117 ε
1522 1062 1590 1116 Et
1617 1056 1857 1117 exercebo
1872 1098 1894 1129 ,
2005 1072 2102 1115 me
2129 1055 2518 1132 praecavenda
2542 1058 2572 1113 ‘P

361 1152 580 1212 scilicet
606 1155 1028 1214 exhortationis
1067 1172 1173 1216 seu
1209 1154 1640 1231 praedicationis
1677 1152 1897 1211 exerci-

362 1246 475 1319 tio,
505 1246 567 1305 in
608 1264 728 1322 quo
766 1250 1096 1308 necessaria
1136 1254 1223 1308 est
1257 1248 1559 1309 fortitudo.
1608 1249 1674 1304 Et
1716 1250 1895 1318 nota,

294 1396 300 1402 .
362 1341 528 1415 quod
570 1341 632 1399 in
658 1342 1002 1417 hujusmodi
1048 1344 1334 1403 debemus
1378 1341 1661 1413 exerceri,
1691 1356 1807 1398 non
1834 1344 1900 1397 ut

364 1434 668 1508 maledici,
715 1453 839 1495 non
892 1443 958 1495 ut
1009 1437 1302 1511 malefici,
1343 1437 1448 1496 sed
1491 1441 1555 1494 ut
1599 1432 1895 1493 benefici:

363 1529 540 1602 primi
582 1528 903 1589 intonizant
924 1553 940 1603 3
988 1531 1233 1590 secundi
1279 1530 1716 1601 scandalizant3
1750 1528 1899 1585 tertii

367 1622 781 1701 dogmatizant.
830 1626 905 1682 De
932 1626 1182 1699 primis¹
1218 1644 1232 1682 :
1268 1646 1297 1680 α
1336 1630 1462 1683 Non
1501 1622 1722 1680 levabit
1758 1638 1901 1695 gens

368 1720 571 1774 contra
599 1721 834 1790 gentem
856 1718 1146 1791 gladium,
1162 1736 1273 1777 nec
1302 1717 1724 1777 exercebuntur
1751 1714 1903 1773 ultra

369 1810 448 1867 ad
492 1811 760 1885 praelium
793 1831 813 1885 3
860 1833 889 1865 υ
935 1813 1083 1870 sicut
1120 1812 1340 1871 faciunt
1381 1810 1653 1869 nonnulli
1695 1808 1903 1884 praedi-

370 1909 563 1964 cantes
590 1905 887 1977 maledici,
910 1905 1081 1981 quia,
1104 1906 1253 1964 sicut
1270 1906 1668 1980 experimento
1699 1902 1901 1975 didici,

370 1999 745 2057 audientibus
772 1999 1114 2073 patientiam
1153 1998 1503 2075 praedicant,
1532 2004 1597 2057 ut
1632 1998 1902 2074 patienti-

367 2094 482 2151 bus
510 2093 771 2152 securius
790 2084 1167 2152 maledicant.
1200 2094 1354 2164 Quid
1381 2093 1547 2152 aliud
1577 2099 1760 2168 agunt
1787 2093 1902 2165 isti,

370 2188 484 2246 nisi
528 2187 696 2263 quod
742 2190 946 2245 contra
992 2187 1143 2244 alios
1185 2186 1385 2244 levant
1438 2186 1705 2260 gladium
1738 2186 1906 2245 verbi

371 2282 506 2354 Dei,
534 2285 597 2338 ut
625 2281 909 2339 audacius
932 2281 1163 2356 possint
1189 2281 1269 2339 ad
1294 2279 1563 2355 praelium
1608 2280 1906 2338 exerceri?

370 2378 447 2433 De
476 2374 688 2432 mediis
712 2375 735 2409 ¹
768 2394 782 2433 :
822 2395 851 2428 α
879 2375 1133 2434 Obsecro
1173 2380 1237 2432 ut
1277 2373 1641 2433 obliviscaris
1676 2373 1909 2431 sceleris

368 2468 616 2526 fratrum
652 2474 908 2553 ‘tuorum
939 2511 960 2540 ,
1018 2473 1074 2526 et
1130 2468 1355 2543 peccati
1405 2472 1579 2542 atque
1633 2466 1909 2538 malitiae,

369 2579 553 2637 quam
598 2565 983 2620 exercuerunt
1030 2562 1091 2619 in
1133 2565 1209 2620 te.
1243 2584 1271 2616 n
1307 2561 1519 2619 Malitia
1561 2561 1821 2619 maxima
1845 2561 1908 2618 in

368 2655 711 2730 proximum
741 2660 1071 2728 exercetur,
1113 2658 1250 2713 cum
1289 2671 1401 2729 pro
1440 2654 1707 2712 doctrina
1738 2671 1905 2712 scan-

372 2748 577 2807 dalum
606 2750 933 2807 exhibetur.
964 2752 1042 2807 De
1070 2749 1291 2807 ultimis
1312 2752 1332 2784 ³
1355 2768 1369 2806 :
1405 2770 1433 2804 α
1456 2748 1749 2823 Principes
1769 2765 1908 2821 gen·

369 2844 515 2900 tium
544 2843 925 2902 dominantur
954 2860 1159 2900 eorum
1177 2886 1195 2915 ,
1227 2848 1282 2901 et
1320 2843 1423 2917 qui
1452 2843 1707 2916 majores
1733 2846 1905 2914 sunt,

368 2941 716 3011 potestatem
743 2936 1016 2995 ‘exercent
1042 2937 1105 2994 in
1129 2954 1253 2994 eos,
1278 2958 1304 2990 a
1336 2937 1555 2995 Felices
1590 2937 1905 3011 principeS,

371 3030 477 3105 qui
504 3030 881 3088 dominantur
907 3031 1171 3103 gentium
1192 3046 1317 3089 non
1343 3034 1630 3110 tanquam
1657 3030 1905 3101 domini,

370 3124 479 3183 sed
523 3128 806 3200 tanquam
839 3124 1238 3197 vicedomini,
1288 3128 1345 3182 et
1377 3124 1576 3183 felices
1618 3124 1904 3197 majores,

370 3219 475 3294 qui
510 3223 854 3294 potestatem
897 3223 1170 3278 exercent
1197 3219 1258 3276 in
1298 3236 1585 3291 eOS,‚non
1625 3224 1908 3294 tanquam

369 3311 657 3386 malefici,
682 3314 787 3371 sed
832 3318 1116 3389 tanquam
1144 3314 1415 3372 benefici.
1457 3317 1588 3371 Non
1627 3312 1761 3371 dico
1802 3312 1905 3370 be·

368 3407 655 3479 neficum‚
687 3408 791 3484 qui
812 3414 1159 3481 potestatem
1188 3424 1295 3483 per
1325 3408 1652 3483 temporale
1677 3407 1903 3466 benefi-

370 3503 527 3561 cium
556 3504 916 3579 assequitur3
957 3502 1061 3560 sed
1090 3503 1192 3577 qui
1227 3505 1575 3578 potestatem
1602 3519 1709 3578 per
1735 3501 1905 3577 spiri-

368 3596 526 3655 tuale
555 3597 914 3656 beneficium
938 3596 1267 3671 exequitur.

860 3734 1137 3852 Articuli&
1171 3760 1416 3827 quartus.

442 3886 733 3955 Quantum
761 3883 840 3942 ad
867 3889 1176 3958 quartum,
1204 3883 1517 3942 subscribit
1547 3901 1560 3939 ε
1590 3885 1655 3940 In
1680 3884 1919 3948 mirabi-‚

374 3981 511 4035 le'bus
556 3982 685 4035 tuis.
718 3981 845 4036 Non
876 3977 1019 4035 dicit
1058 3976 1235 4048 meiS,
1279 3979 1387 4035 sed
1432 3980 1541 4034 tuis
1563 3995 1583 4043 ‚·
1612 3992 1753 4034 nam
1801 3976 1906 4035 etsi

373 4071 670 4130 mirabilia
696 4073 811 4129 sint
829 4115 847 4144 ,
873 4089 1006 4146 quae
1034 4072 1210 4144 dicit,
1237 4087 1359 4129 non
1385 4071 1499 4129 sibi
1521 4069 1595 4146 (α)
1622 4075 1905 4145 tanquam

368 4169 576 4227 fistuloe
616 4169 869 4241 sonanti,
900 4170 1005 4227 sed
1047 4172 1165 4227 Deo
1204 4169 1540 4244 inspiranti,
1568 4153 1906 4226 et'fistulam

370 4262 744 4337 moderanti,
796 4263 1176 4322 moderanter
1212 4262 1470 4321 ascribit.
1518 4265 1583 4320 Et
1618 4266 1761 4320 nota
1795 4261 1906 4320 tria

369 4357 667 4416 mirabilia
694 4401 711 4429 ‚
766 4374 897 4433 quae
948 4373 1267 4432 personare
1318 4354 1493 4415 debet
1534 4356 1658 4413 haec
1711 4355 1906 4414 fistula

371 4450 653 4508 divinitus
679 4450 960 4525 inspirata
991 4471 1004 4508 :
1036 4451 1310 4509 videlicet
1335 4449 1631 4508 mirabilia
1669 4449 1770 4507 Dei
1796 4449 1904 4509 be-

369 4543 611 4615 neficia,
650 4545 876 4620 judicia
897 4590 915 4618 ‚
957 4553 1012 4604 et
1039 4545 1335 4622 supplicia
1366 4564 1379 4603 :
1411 4550 1683 4620 quorum'
1713 4544 1907 4618 prima

370 4639 668 4711 canenda;
690 4639 951 4698 secunda
970 4633 1249 4713 ‘pavenda
1261 4658 1281 4708 ‚·
1308 4639 1473 4697 tertia
1496 4636 1900 4713 praecavenda.

370 4734 448 4789 De
493 4732 688 4809 primo
710 4733 733 4767 ⁸
768 4752 783 4791 :
822 4752 850 4786 «
893 4735 1127 4792 cantate
1172 4732 1421 4792 Domino
1473 4732 1762 4790 canticum
1789 4745 1901 4786 no—

367 4841 543 4897 vum,
574 4827 719 4902 quia
751 4825 1050 4885 mirabilia
1083 4826 1236 4884 fecit.
1263 4846 1293 4882 »
1320 4843 1451 4901 quae
1478 4829 1613 4883 sunt
1647 4825 1770 4883 haec
1798 4822 1907 4881 mi-

369 4919 614 4992 rabilia,
643 4920 755 4978 nisi
799 4919 1002 4978 divina
1041 4919 1330 4978 beneficia
1375 4936 1512 4977 cum
1539 4935 1756 4993 magna
1802 4918 1907 4976 de-

372 5014 611 5072 votione
633 5014 937 5073 canenda?
954 5017 1029 5073 De
1056 5013 1317 5072 secundo
1340 5013 1626 5088 Propheta
1643 5012 1904 5089 psallit⁸:

381 5128 408 5158 α
447 5107 723 5166 mirabilis
766 5109 829 5166 in
876 5107 1006 5167 altis
1043 5107 1322 5184 Dominus
1358 5125 1371 5163 ε
1420 5128 1447 5161 »
1492 5110 1733 5181 propter
1774 5123 1906 5181 quae

371 5201 706 5272 mirabilia,
734 5202 845 5259 nisi
886 5191 1129 5277 propter
1165 5201 1289 5274 ejus
1319 5199 1572 5274 judicia,
1601 5217 1734 5274 quae
1776 5205 1911 5257 sunt

437 5354 456 5388 ¹
476 5354 596 5414 Iso„
627 5363 687 5415 ιι,
711 5354 759 5403 4.
777 5379 842 5392 -
868 5353 887 5382 ²
916 5352 1059 5418 Gen„
1090 5364 1141 5416 L,
1170 5353 1326 5402 27.—
1355 5350 1378 5384 ³
1397 5349 1603 5417 Manli„
1627 5364 1717 5414 xx,
1745 5353 1823 5401 25.
1846 5377 1906 5390 —

373 5425 391 5454 ⁴
423 5421 562 5473 Psal.
592 5435 758 5486 xcvu,
786 5429 830 5475 1.
864 5450 919 5461 ·-
952 5425 974 5458 ⁸
996 5423 1135 5474 Psal.
1159 5435 1293 5483 xcn,
1322 5423 1368 5472 9.
1397 5450 1459 5459 -
1486 5424 1505 5452 ⁸
1527 5421 1662 5473 Psal.
1693 5434 1795 5484 cvi,
1828 5425 1905 5472 25.

372 5521 437 5537 -·
461 5495 483 5530 '¹
510 5493 646 5544 Psal.
681 5506 833 5558 mv,
864 5497 910 5547 7.
942 5520 1003 5534 —
1033 5497 1050 5525 ⁸
1078 5494 1303 5558 Nahum,
1334 5504 1416 5555 111,
1448 5495 1522 5544 18.

2644 1206 2900 1271 Epilogus.

2077 1338 2284 1413 Liquet
2321 1336 2521 1412 itaque
2559 1337 2886 1395 intellectus
2918 1339 3216 1413 Prophetas
3247 1340 3544 1416 loquentis

2010 1431 2071 1489 in
2092 1448 2349 1506 persona
2375 1431 2707 1506 poenitentis
2721 1475 2741 1504 ,
2779 1432 3084 1505 proximos
3120 1433 3413 1494 aedificare
3439 1453 3546 1495 vo·

2010 1527 2182 1586 lentis
2213 1547 2228 1585 :
2270 1530 2431 1585 Viam
2471 1527 2919 1599 iustificationum
2961 1531 3174 1586 tuarum
3198 1573 3217 1601 ,
3257 1534 3544 1603 quantum

2012 1621 2091 1680 ad
2116 1620 2521 1695 provisionem
2543 1620 2777 1693 justitiae
2806 1620 3251 1679 convenientem
3284 1641 3298 1679 ε
3329 1627 3545 1681 lustr-ue

2012 1732 2124 1786 me,
2166 1719 2453 1789 quantum
2482 1712 2562 1771 ad
2595 1712 3012 1788 praevisionem
3054 1714 3381 1789 prudentiae
3409 1732 3547 1774 con-

2014 1813 2355 1881 gruentem3
2400 1810 2473 1863 Et
2510 1809 2787 1865 exercebor
2813 1851 2832 1879 ,
2878 1812 3165 1881 quantum
3213 1809 3292 1867 ad
3335 1810 3544 1885 praela—

2014 1904 2238 1962 tionem
2262 1902 2590 1961 fortitudini
2620 1906 3088 1977 competentem,
3114 1906 3182 1961 In
3208 1905 3547 1963 mirabilibus

2018 2000 2160 2069 tuis,
2186 2001 2473 2072 quantum
2505 1996 2584 2053 ad
2611 1996 3042 2075 praelationem,
3088 1996 3210 2055 sive
3237 1998 3546 2073 praehono—

2014 2091 2302 2150 rationem
2347 2090 2604 2149 doctoris
2647 2090 2805 2147 illius
2835 2132 2854 2161 ‚
2903 2091 3007 2165 qui
3049 2091 3222 2150 docet
3264 2091 3504 2151 interius
3530 2137 3549 2165 ,

2015 2185 2291 2244 humanae
2315 2184 2715 2259 temperantias
2742 2187 3183 2243 consonantem.

2549 2408 2884 2453 vnnsmums
2919 2411 3016 2453 ΧΠ.

2087 2544 2177 2619 28.
2199 2565 2530 2622 Dormitavit
2550 2569 2736 2622 anima
2747 2582 2883 2638 mea,
2902 2570 3008 2624 etc.
3022 2567 3232 2626 Audito
3248 2568 3402 2627 circa
3422 2587 3553 2645 poe-

2018 2656 2321 2730 nitentem,
2352 2658 2604 2733 qualiter
2629 2659 2972 2718 humiliatur
2998 2660 3074 2718 ad
3104 2662 3552 2736 consessionem,

2017 2751 2289 2809 anxiatur
2336 2751 2416 2809 ad
2460 2752 2949 2825 satisfactionem,
2993 2754 3297 2828 instigatur
3339 2755 3418 2813 ad
3454 2773 3556 2814 ex-

2016 2844 2453 2914 hortationem3
2503 2846 2871 2905 audiendum
2912 2853 2997 2906 est
3040 2847 3194 2907 circa
3236 2849 3552 2922 eumdem,

2017 2954 2138 3011 quo
2167 2938 2352 2997 modo
2381 2939 2662 3013 fatigatur
2689 2941 2767 2999 ad
2795 2944 3318 3017 supportationem.
3347 2944 3554 3002 Modus

2016 3035 2212 3089 autem
2242 3033 2666 3092 exhortationis
2686 3076 2704 3106 ,
2746 3037 3203 3110 supportationis
3231 3081 3249 3108 ,
3287 3042 3552 3111 reporta-

1988 3126 2224 3200 ·tionis,
2252 3127 2697 3188 confortationis
2724 3130 2984 3188 innuitur
3009 3130 3070 3189 in
3106 3130 3198 3190 his
3225 3130 3423 3190 verbis
3442 3177 3458 3200 ‚
3491 3133 3553 3191 in

2015 3221 2234 3295 quibus
2287 3226 2470 3294 nota,
2518 3223 2771 3298 qualiter
2825 3225 3153 3283 exhortatio
3205 3225 3547 3300 pigritatur,

2015 3317 2380 3390 supportatio
2418 3317 2794 3391 molestatur,
2824 3318 3142 3394 reportatio
3182 3319 3510 3379 infirmatur
3530 3362 3551 3392 ,

2015 3410 2361 3472 confortatio
2389 3412 2701 3488 flagitatur.

2499 3574 2782 3630 Articulus
2831 3578 3064 3647 primus.

2087 3700 2384 3774 Pigritatio
2415 3700 2656 3775 quidem
2696 3702 3115 3761 exhortationis
3149 3707 3546 3778 praenotatur,

2015 3812 2154 3852 cum
2194 3793 2598 3867 praemittitur3
2640 3799 2970 3854 Dormitavit
3008 3799 3193 3855 anima
3229 3816 3362 3856 mea.
3396 3799 3547 3869 Quid

2014 3892 2100 3946 est
2145 3887 2494 3961 dormitare,
2528 3888 2639 3945 nisi
2669 3905 2705 3946 a
2746 3888 3043 3963 vigilantia
3088 3892 3167 3950 ad
3213 3894 3547 3952 somnolen-

2012 3981 2156 4040 tiam
2201 3981 2544 4039 declinare‘?
2580 3982 2669 4038 Sic
2717 3984 2988 4041 nonnulli
3034 3986 3433 4046 exhortatores
3465 3987 3548 4048 fa·
3626 4047 3643 4064 ‚

2014 4075 2197 4147 ciunt,
2222 4074 2325 4149 qui
2352 4075 2495 4133 dum
2516 4091 2684 4133 suam
2714 4076 3082 4150 diligentiam
3108 4080 3394 4153 proficere
3423 4097 3546 4141 non

2013 4167 2371 4239 advertunt,
2428 4167 2827 4227 incunctanter
2881 4171 2960 4229 ad
3012 4173 3432 4247 negligentiam
3485 4194 3547 4236 se

2014 4265 2380 4321 convertunt.
2412 4261 2526 4319 Sed
2553 4266 2725 4334 nota,
2756 4264 2922 4338 quod
2957 4264 3044 4322 illi
3086 4266 3360 4328 dicuntur
3394 4287 3545 4346 proe-
3574 4289 3781 4344 Qnidor.
3817 4315 3824 4324 .

2013 4355 2182 4430 cipue
2220 4355 2375 4412 circa
2417 4355 2685 4413 subditos
2732 4356 3082 4431 dormitare,
3126 4362 3228 4436 qui
3273 4380 3397 4422 non
3446 4382 3546 4424 cu·
3600 4351 3759 4456 ¹23²

2011 4453 2144 4506 rant
2171 4465 2272 4506 eos
2291 4449 2552 4522 visitare,
2576 4454 2873 4523 vegetare,
2896 4456 2951 4509 et
2969 4454 3266 4514 suscitare.
3289 4459 3545 4521 visitatio
3572 4474 3788 4520 abditos.

2010 4542 2259 4616 pertinet
2313 4542 2391 4600 ad
2441 4543 2751 4617 exempla3
2790 4547 3078 4617 vegetatio
3135 4550 3215 4607 ad
3265 4550 3541 4628 eloquia3
3573 4539 3782 4641 ξ’,ὥΨ

2012 4635 2305 4694 suscitatio
2353 4635 2430 4693 ad
2477 4636 2778 4711 suffragia.
2824 4640 2903 4696 De
2943 4641 3199 4714 quorum
3233 4644 3427 4716 primo
3457 4646 3547 4704 di·
3613 4612 3658 4654 Ψ
3675 4613 3747 4643 ω’

2014 4728 2162 4787 citur
2204 4732 2225 4765 '¹
2270 4748 2284 4786 :
2336 4751 2364 4783 α
2415 4730 2884 4789 Dormitaverunt
2921 4774 2937 4802 ,
2995 4736 3097 4808 qui
3158 4739 3547 4799 ascenderunt

2016 4839 2247 4897 equos;
2294 4844 2322 4878 n
2356 4823 2498 4897 quia
2553 4829 2706 4882 recte
2758 4825 3033 4886 videntur
3088 4845 3227 4903 erga
3274 4832 3545 4894 subditos

2015 4915 2373 4990 dormitare,
2426 4917 2529 4991 qui
2583 4917 2810 4977 malunt
2857 4920 2935 4978 ad
2986 4921 3135 4981 alios
3187 4923 3543 4988 infructuose

2016 5011 2276 5085 equitare
2309 5053 2352 5081 ‚.
2380 5027 2563 5086 quam
2617 5013 2906 5074 fructuose
2958 5033 3096 5075 suos
3156 5019 3431 5097 visitare,
3489 5030 3547 5084 et

2015 5104 2298 5179 exemplis
2345 5103 2747 5165 laudabilibus
2792 5110 2871 5167 ad
2914 5110 3128 5170 similia
3173 5115 3440 5176 invitare.
3471 5120 3547 5177 De

2015 5197 2275 5255 secundo
2323 5196 2594 5257 scribitur
2618 5200 2640 5234 ⁸
2673 5221 2686 5258 :
2733 5220 2761 5255 α
2788 5205 3255 5266 Dormitaverunt
3290 5216 3548 5284 pastores

2017 5292 2100 5349 tui
2131 5334 2151 5363 ,
2194 5306 2299 5350 rex
2356 5297 2551 5351 Assur.
2603 5315 2628 5345 n
2675 5293 2852 5354 Plane
2905 5303 3168 5372 pastores
3219 5303 3547 5378 spirituales

2082 5489 2148 5555 (α)
2182 5489 2303 5541 Caet.
2326 5490 2443 5540 edit.
2474 5506 2568 5542 non
2595 5462 2773 5542 habent
2800 5494 2916 5560 sibi,
2945 5498 3035 5547 sed
3057 5499 3226 5565 igitur.
