4196 6294
715 415 835 476 ⁴⁷2

712 544 973 605 continet
1014 545 1124 603 iste
1181 558 1389 603 versus
1443 561 1461 602 ι
1518 543 1796 602 videlicet
1846 544 1995 604 duas
2041 560 2254 622 appre-

710 639 986 699 hensivas
1005 679 1027 710 ,
1086 640 1146 697 et
1190 638 1440 698 totidem
1493 635 1841 714 appetitivas
1856 682 1877 713 ,
1928 656 2062 714 quae
2121 645 2258 700 sunt

712 731 1092 808 imaginatio,
1120 732 1304 805 ratio,
1331 732 1704 807 sensualitas,
1732 736 1789 792 et
1814 733 2109 794 voluntas.

1132 879 1143 890 ’
1211 893 1490 949 Articulus
1530 893 1761 965 primus.

787 1019 1135 1094 Imaginatio
1160 1019 1567 1094 praesignauu,
1597 1035 1736 1078 cum
1765 1018 2018 1079 dicitur:
2050 1021 2259 1095 Gonfiqe

720 1117 939 1188 timore,
989 1113 1057 1171 id
1107 1115 1221 1186 est,
1266 1112 1478 1171 timida
1526 1112 1948 1187 imaginatione
1965 1155 1987 1186 ,
2040 1113 2260 1174 scilicet

720 1208 997 1285 supplicii
1050 1207 1428 1268 districtione.
1483 1208 1593 1279 Qui
1645 1208 1749 1268 tali
1809 1209 2022 1268 timore
2076 1209 2259 1268 confi·

720 1304 899 1380 giur,
935 1303 1241 1378 tripliciter
1268 1302 1652 1377 transfigitur,
1677 1303 1819 1378 quia
1850 1304 2028 1363 timor
2050 1303 2257 1378 hujus-

719 1397 888 1458 modi
942 1397 1282 1472 tripartitur.
1333 1399 1431 1456 Est
1480 1397 1640 1455 enim
1684 1398 1863 1457 timor
1913 1398 2216 1457 horribilis
2239 1442 2259 1471 ,

719 1491 1141 1564 intolerabilis,
1183 1506 1309 1549 non
1346 1489 1711 1549 incredibilis
1722 1510 1740 1564 ;
1792 1491 2020 1551 ratione
2071 1508 2263 1567 poenae

718 1585 984 1661 triplicis,
1011 1584 1368 1661 superioris,
1399 1584 1726 1659 interioris,
1751 1587 1810 1644 et
1834 1587 2157 1646 exterioris.
2182 1592 2260 1646 De

719 1680 916 1755 primo
952 1678 971 1713 ¹
1016 1698 1032 1738 ε
1076 1699 1106 1735 ι
1146 1678 1563 1737 Turbabuntur
1601 1677 1812 1738 timore
1854 1680 2161 1755 horribili,
2206 1687 2263 1743 et

720 1772 1095 1832 mirabuntur
1131 1772 1195 1831 in
1221 1772 1573 1831 subitatione
1600 1773 1909 1848 insperatoe
1934 1775 2139 1834 salutis
2171 1795 2186 1834 ;
2226 1796 2256 1832 »

721 1881 858 1926 ecce
893 1866 1071 1927 timor
1095 1866 1401 1926 horribilis
1424 1866 1651 1925 ratione
1689 1883 1882 1942 poenae
1906 1870 2225 1944 superioris
2239 1914 2258 1944 ,

723 1978 857 2037 quae
876 1962 1090 2021 dicitur
1112 1976 1293 2037 poena
1314 1961 1539 2021 damni.
1560 1964 1637 2020 De
1661 1962 1924 2022 secundo
1941 2004 1962 2035 ,
1989 1963 2094 2021 ubi
2118 1964 2262 2024 dici-

722 2061 820 2115 tur
850 2056 926 2115 de
962 2055 1333 2132 Babyloniis,
1370 2055 1574 2115 audita
1611 2056 2041 2132 decapitatione
2085 2060 2263 2119 Holo-

722 2150 931 2222 fernis,
984 2165 1092 2224 per
1139 2165 1323 2224 quam
1374 2150 1639 2209 innuitur
1679 2150 1862 2226 plaga
1915 2152 2126 2211 mentis
2167 2151 2190 2185 ²
2242 2173 2259 2212 ε

730 2262 760 2300 α
813 2242 1010 2302 Timor
1062 2242 1452 2302 intolerabilis
1509 2242 1721 2303 cecidit
1773 2261 1950 2320 super
2006 2262 2110 2305 eos
2133 2289 2153 2317 ,
2208 2252 2263 2307 et

722 2337 945 2396 turbati
969 2342 1106 2396 sunt
1130 2337 1313 2396 animi
1350 2354 1560 2397 eorum
1591 2338 1769 2398 valde
1803 2357 1819 2397 z
1852 2360 1880 2392 n
1924 2356 2059 2399 ecce
2086 2341 2265 2401 timor

724 2431 1113 2491 intolerabilis
1146 2432 1374 2491 ratione
1398 2447 1589 2507 poenae
1613 2433 1924 2505 interioris,
1953 2452 2087 2510 quae
2116 2435 2263 2495 dici-

725 2529 820 2582 tur
850 2539 1029 2598 poena
1072 2525 1310 2584 vermis.
1353 2528 1433 2584 De
1474 2526 1681 2600 tertio,
1708 2527 1815 2586 ubi
1858 2529 2132 2587 scribitur
2175 2532 2258 2602 ³3:

732 2639 763 2674 ι
786 2622 917 2677 Non
955 2619 1034 2677 sis
1068 2619 1432 2680 incredibilis
1473 2621 1671 2681 timori
1714 2623 1985 2696 Domini3
2016 2644 2046 2680 »
2093 2625 2263 2699 quasi

726 2713 885 2772 dicat
914 2733 929 2771 ε
960 2713 1090 2775 Noli
1136 2714 1219 2773 sic
1248 2731 1372 2774 esse
1413 2716 1689 2775 credulus
1726 2717 1991 2778 humano
2031 2719 2261 2793 timori,

726 2807 895 2885 quod
921 2809 1001 2866 sis
1027 2807 1367 2868 incredulus
1402 2809 1606 2869 divino
1643 2811 1872 2884 timori,
1899 2814 2003 2889 qui
2030 2831 2154 2875 non
2179 2823 2266 2877 est

726 2903 1090 2964 incredibilis
1111 2921 1127 2962 ε
1149 2920 1285 2963 ecce
1306 2905 1484 2964 timor
1508 2920 1632 2964 non
1651 2906 2015 2967 incredibilis
2034 2910 2265 2971 ratione

726 3015 917 3075 poenoe
941 2998 1267 3073 exterioris,
1296 3013 1430 3074 quaa
1459 2999 1671 3060 dicitur
1692 3018 1870 3076 poena
1898 3003 2071 3078 ignis.

1197 3159 1477 3218 Articulus
1512 3160 1791 3219 secundus.

797 3282 1152 3343 sensualitas
1187 3284 1567 3359 consignatur
1578 3329 1599 3360 ,
1640 3301 1777 3344 cum
1812 3288 2051 3360 additur
2078 3308 2095 3350 z
2130 3291 2263 3351 Gar-

725 3394 820 3436 nes
841 3394 1015 3450 meas,
1042 3375 1109 3436 id
1135 3381 1243 3450 est,
1274 3378 1541 3439 carnales
1568 3382 2086 3455 concupiscentias.
2123 3386 2265 3447 Dicit

726 3475 961 3530 autem:
990 3472 1215 3543 camos,
1241 3486 1367 3530 non
1395 3487 1660 3544 carnem,
1689 3477 1754 3533 ut
1779 3474 2035 3536 insinuet
2060 3495 2265 3539 carna-

725 3565 801 3623 lis
818 3564 1300 3639 concupiscentias
1319 3564 1783 3625 dissolutionem.
1817 3571 1883 3626 Et
1905 3573 2067 3644 nota,
2097 3575 2265 3648 quod

725 3659 838 3718 ista
864 3658 1172 3719 dissolutio
1212 3659 1378 3718 sedet
1412 3659 1475 3718 in
1501 3661 1768 3735 quodam
1793 3662 1968 3723 trivio
1999 3683 2015 3723 z
2044 3667 2266 3727 scilicet

727 3754 792 3813 in
813 3753 1012 3813 cordis
1037 3752 1361 3826 voluntate,
1389 3754 1453 3812 in
1479 3754 1599 3814 oris
1625 3757 1962 3831 voracitate,
1989 3759 2054 3818 in
2079 3764 2265 3820 tactus

726 3847 1027 3923 voluptate
1079 3868 1094 3907 ε
1149 3849 1311 3908 unde
1352 3865 1557 3908 carnes
1596 3850 1718 3910 istm
1758 3850 2034 3925 leguntur
2085 3872 2264 3931 super

727 3944 959 4003 montes
996 3941 1293 4014 locandae‚
1338 3943 1539 4017 gladio
1585 3944 1943 4004 devorandae
1961 3987 1982 4018 ,
2009 3963 2047 4005 a
2085 3949 2262 4008 volu-

727 4035 928 4095 cribus
971 4036 1318 4096 lacerandae.
1358 4040 1437 4096 De
1475 4037 1671 4113 primo
1697 4040 1719 4075 ⁸
1749 4059 1764 4096 :
1814 4058 1842 4094 α
1869 4042 2032 4101 Dabo
2059 4059 2264 4104 carnes

727 4133 859 4188 tuas
885 4146 1063 4206 super
1092 4136 1340 4205 montes,
1388 4152 1419 4189 w
1469 4132 1535 4191 id
1575 4137 1682 4204 est,
1735 4133 2150 4196 dissolutiones
2200 4141 2263 4198 in

727 4225 1030 4287 voluntate
1083 4227 1329 4287 latentes
1343 4270 1363 4299 ‚
1418 4226 1633 4287 faciam
1692 4230 2031 4289 eminentes.
2089 4234 2263 4304 Quod

729 4320 889 4379 enim
914 4319 1126 4395 legitur
1153 4321 1228 4379 de
1254 4322 1577 4396 Pharaone,
1606 4324 2019 4384 convenienter
2048 4326 2264 4387 intelli-

490 4419 678 4464 tho·
728 4414 884 4489 gitur
917 4415 993 4474 de
1026 4415 1348 4475 voluntatis
1388 4416 1791 4477 dissolutione.
1839 4418 2065 4478 Pharao
2090 4436 2262 4481 nam-

477 4510 700 4566 mmm
726 4525 845 4584 que
905 4509 1317 4585 interpretatur
1373 4510 1664 4588 dissipans
1732 4528 1914 4586 eum3
1979 4518 2263 4590 AEgyptus

725 4609 923 4665 autem
958 4604 1371 4682 interpretatur
1401 4607 1679 4666 tenebras.
1714 4610 1781 4666 Et
1805 4610 2063 4680 constat,
2092 4612 2262 4685 quod

702 4699 881 4758 dicta
909 4699 1219 4759 dissolutio
1241 4700 1605 4760 voluntatem
1632 4700 1897 4777 dissipat,
1926 4704 2069 4765 etin
2094 4709 2258 4763 tene-

722 4791 848 4852 bris
891 4797 1117 4868 regnat.
1164 4798 1243 4853 De
1285 4795 1547 4858 secundo
1586 4795 1609 4832 ⁸
1658 4815 1672 4853 ε
1731 4816 1761 4852 α
1801 4797 2042 4858 Gladius
2090 4815 2260 4859 meus

720 4886 1034 4948 devorabit
1084 4903 1308 4949 carnes.
1361 4910 1390 4944 n
1450 4891 1677 4967 Quippe
1727 4891 1802 4949 de
1846 4891 2052 4965 lingua
2095 4894 2257 4968 psal-

717 4978 899 5039 limus
936 4982 1007 5040 ⁸:
1056 5000 1086 5038 α
1128 4982 1354 5058 Lingua
1396 4998 1606 5043 eorum
1650 4983 1883 5058 gladius
1935 4989 2187 5046 acutus:
2221 5006 2251 5042 ι»

719 5077 1115 5148 competenter
1140 5093 1284 5151 ergo
1311 5077 1519 5152 lingua
1543 5094 1732 5138 vorax
1758 5083 2001 5139 voratur
2025 5079 2248 5154 gladio.

778 5222 798 5256 ¹
824 5223 966 5288 sap„
995 5236 1046 5289 v,
1074 5229 1123 5276 2.
1150 5252 1212 5265 -
1240 5227 1259 5258 ²
1285 5208 1479 5292 ludim,
1510 5241 1618 5295 nv,
1649 5232 1725 5281 ιτ.
1755 5255 1810 5267 -
1841 5231 1864 5266 ⁸
1888 5228 2068 5295 Recta,
2104 5241 2139 5291 ι,
2171 5231 2248 5279 36.

716 5319 771 5332 —
802 5295 821 5325 ⁴
854 5294 1047 5361 uzecia„
1077 5309 1246 5363 xxm,
1272 5302 1320 5350 5.
1353 5327 1409 5339 -
1429 5301 1452 5338 ⁸
1481 5302 1649 5365 Dent„
1680 5313 1850 5367 xxxu,
1879 5305 1957 5353 42.
1985 5328 2048 5340 —
2072 5302 2092 5332 ⁸
2113 5299 2248 5350 Psal.

712 5377 821 5433 1³1,
848 5369 978 5419 5·-·
1004 5369 1025 5415 '-
1045 5367 1187 5433 Gen„
1213 5381 1301 5435 110,
1330 5374 1379 5424 9.
1396 5399 1460 5413 -
1486 5374 1506 5406 ⁸
1525 5373 1665 5428 Ptol.
1687 5384 1840 5439 xvm,
1870 5377 1949 5427 10.
1976 5397 2039 5412 -—
2062 5373 2083 5404 ⁰
2112 5372 2247 5434 Tob„

1759 406 2169 476 EXPOSITIO
2210 408 2292 477 IN
2332 409 2862 481 PSALTERIUM.

2361 549 2440 606 De
2467 548 2658 622 tertio,
2684 550 2790 609 uhi
2817 551 3092 611 scribitur
3120 552 3197 612 de
3222 553 3512 628 pistorum
3532 551 3815 626 magistro
3833 554 3891 610 ⁷:

2364 659 2394 696 a
2421 643 2785 702 Lacerabant
2832 645 3108 705 volucres
3157 662 3362 705 carnes
3414 651 3545 705 tuas
3583 663 3599 702 ε
3644 666 3674 702 ι»
3718 646 3897 706 talem

2359 751 2601 811 poenam
2629 742 2884 798 meretur
2906 742 3092 799 tactus
3115 739 3413 815 voluptas.

2866 895 3150 953 Articulus
3187 896 3402 952 tertius.

2434 1019 2600 1078 Ratio
2629 1019 2995 1093 designatur,
3043 1036 3180 1079 cum
3212 1018 3485 1078 subditur
3515 1038 3530 1077 ε
3580 1021 3627 1077 Δ
3666 1021 3899 1093 ,iudiciis

2366 1115 2498 1183 tuis,
2526 1129 2705 1187 penes
2729 1113 3018 1173 rationem
3045 1113 3336 1189 repositis.
3363 1113 3539 1172 Plane
3565 1112 3716 1172 ratio
3737 1114 3898 1187 judi-

2366 1206 2458 1264 cia
2484 1207 2772 1281 continet,
2805 1209 3094 1284 quoniam
3119 1209 3201 1267 ad
3243 1208 3437 1283 ipsam
3471 1208 3739 1282 ,iudicare
3763 1225 3899 1284 per-

2365 1300 2525 1358 tinet.
2557 1304 2623 1359 Et
2646 1305 2810 1374 nota,
2838 1300 3008 1377 quod
3033 1301 3238 1361 divina
3273 1301 3499 1375 ,iudicia
3539 1300 3813 1360 dicuntur
3838 1302 3901 1361 in

2366 1393 2661 1469 Scriptura
2712 1396 3075 1471 quandoque
3111 1412 3284 1469 vera,
3324 1396 3688 1472 quandoque
3723 1398 3900 1470 justa,

2368 1489 2731 1565 quandoque
2771 1492 3061 1566 pessima3
3094 1491 3238 1566 quia
3269 1496 3404 1553 sunt
3444 1491 3703 1551 veritatis
3745 1492 3902 1551 indi-

2368 1583 2580 1657 cativa,
2612 1585 2902 1659 aequitatis
2921 1585 3269 1659 judicativa,
3291 1585 3614 1660 iniquitatis
3638 1586 3902 1646 vindica-

2365 1676 2506 1735 tiva.
2562 1680 2641 1735 De
2692 1678 2888 1752 primo
2936 1678 3076 1737 dicit
3116 1678 3419 1738 Psalmista
3456 1680 3480 1715 ⁸
3528 1698 3543 1737 ε
3598 1698 3628 1733 α
3674 1680 3905 1738 Iudicia

2368 1772 2599 1829 Domini
2636 1788 2782 1832 vera
2798 1814 2820 1845 ,
2855 1793 2884 1829 n
2916 1769 3158 1848 propter
3186 1773 3478 1846 ,iudicium
3505 1773 3781 1833 veritatis.
3825 1777 3903 1831 De

2367 1866 2630 1925 secundo
2656 1867 2679 1904 ⁹
2709 1886 2725 1924 ε
2766 1889 2794 1920 ιι
2820 1867 3029 1927 Omnia
3059 1866 3286 1940 judicia
3337 1871 3440 1926 tua
3477 1868 3636 1940 justa
3672 1871 3845 1939 sunt,
3873 1887 3899 1920 ιο

2365 1964 2606 2035 propter
2644 1959 2935 2033 judicium
2972 1961 3278 2036 aequitatis.
3322 1963 3402 2018 De
3445 1961 3612 2021 tertio
3655 1963 3746 2022 ¹⁰:
3790 1985 3818 2016 α
3847 1962 3903 2020 Si

2369 2059 2623 2127 quatuor
2652 2055 2877 2128 judicia
2903 2071 3038 2113 mea
3071 2054 3328 2129 pessima
3344 2097 3365 2128 ,
3396 2055 3697 2129 gladium,
3727 2059 3786 2115 et
3822 2056 3906 2115 fa·

2369 2163 2558 2219 mem,
2605 2164 2674 2206 ac
2709 2149 2928 2208 bestias
2963 2149 3151 2208 malas
3164 2191 3184 2222 ‚
3215 2154 3271 2207 et
3295 2150 3684 2224 pestilentiam
3710 2150 3907 2209 immi·

2368 2256 2500 2299 sero
2522 2241 2585 2299 in
2605 2243 2944 2316 Jerusalem,
2966 2265 2993 2297 »v
3019 2247 3128 2302 etc.
3132 2285 3154 2316 ,
3174 2247 3465 2318 quantum
3481 2245 3562 2304 ad
3583 2244 3905 2305 vindictam

2368 2334 2708 2412 iniquitatis.

2860 2490 3141 2550 Amemus
3167 2496 3414 2564 quartus.

2440 2625 2720 2684 Voluntas
2779 2625 3107 2699 assignatur
3128 2669 3149 2700 ,
3212 2642 3350 2686 cum
3413 2626 3833 2701 superadditur
3887 2644 3903 2683 ε

2376 2721 2588 2791 Timui,
2645 2719 2786 2794 quia
2842 2719 3071 2778 timoris
3126 2719 3358 2778 occasio
3422 2718 3530 2778 fuit
3590 2720 3907 2780 voluntatis

2369 2814 2635 2876 violatio.
2676 2816 2887 2874 Timuit
2929 2831 3190 2890 namque
3225 2815 3549 2890 Propheta,
3583 2832 3660 2874 ne
3682 2817 3909 2889 ‚iudicia

2370 2909 2612 2968 rationis
2638 2909 3000 2969 violarentur
3036 2926 3143 2983 per
3179 2909 3526 2967 violentiam
3562 2909 3906 2982 affectionis,

2372 3002 2605 3062 violatae
2663 3019 2770 3078 per
2833 3002 3177 3062 violentiam
3237 3003 3531 3062 sensibilis
3593 3005 3904 3077 passionis.
4027 3023 4034 3030 ·

2374 3096 2710 3156 sicutenim
2735 3096 2921 3158 Achaz
2944 3113 3047 3156 rex
3064 3097 3217 3156 luda
3240 3097 3457 3156 vastari
3481 3096 3693 3171 timuit,
3717 3114 3906 3174 quan-

2375 3191 2455 3251 do
2483 3191 2650 3265 Syria
2674 3207 2850 3266 super
2876 3190 3152 3268 Ephraim
3186 3190 3508 3265 requievit,
3535 3195 3601 3250 ut
3624 3191 3905 3267 scriptum

2376 3289 2463 3344 est
2490 3286 2564 3358 ¹¹3
2594 3286 2677 3343 sic
2705 3285 3011 3343 Psalmista
3035 3285 3240 3344 timere
3272 3284 3508 3343 videtur
3535 3284 3598 3342 in
3614 3288 3784 3359 parte
3801 3286 3906 3345 ista

2369 3378 2734 3450 judiciorum
2768 3378 3148 3437 rationalium
3168 3377 3525 3450 vastitatem,
3553 3378 3603 3436 si
3636 3379 3905 3439 voluntas

2372 3472 2700 3547 requiescat
2724 3488 2898 3547 super
2920 3472 3373 3531 sensualitatem.
3401 3477 3546 3532 Nam
3561 3472 3774 3546 Achaz,
3803 3474 3905 3549 qui
3990 3487 4102 3531 Αοιιιι

2373 3568 2772 3640 apprehendens
2788 3566 3216 3641 interpretatur,
3245 3566 3399 3624 hene
3423 3565 3740 3625 Psalmistae
3760 3584 3901 3627 con·
3929 3546 4102 3665 3²4}ss

2372 3660 2566 3734 81'11st3
2597 3660 2790 3735 Syria,
2819 3676 2951 3734 quae
2977 3662 3221 3719 sublimis
3241 3702 3261 3731 ‚
3290 3659 3585 3718 affectioni
3613 3662 3905 3735 superiori
3929 3676 4008 3717 m,

2374 3754 2688 3828 competit3
2714 3754 3021 3828 Ephraim,
3055 3769 3187 3828 quoe
3223 3756 3517 3826 frugifera,
3546 3755 3903 3814 sensualitati

2375 3847 2671 3919 convenit,
2701 3863 2773 3906 eo
2794 3847 2958 3921 quod
2976 3847 3050 3905 sit
3073 3846 3354 3919 frugifera
3368 3847 3716 3922 passionum
3738 3849 3903 3923 fruge

2371 3940 2662 4018 pestifera.
2693 3940 3026 3999 Notandum
3047 3940 3246 4015 itaque
3274 3942 3350 3999 de
3376 3942 3646 4016 proesenti
3672 3943 3901 4015 timore,

2373 4036 2541 4118 quod
2564 4036 2853 4110 Propheta
2887 4035 3122 4093 videtur
3160 4035 3422 4094 timuisse
3457 4051 3496 4093 a
3523 4035 3738 4111 triplici
3775 4038 3904 4096 vio-

2372 4131 2626 4202 latione3
2676 4128 2951 4188 videlicet
3014 4144 3052 4186 a
3102 4128 3426 4187 violatione
3477 4130 3867 4189 sensualitatis
3883 4174 3902 4204 ,

2372 4223 2710 4293 voluntatis,
2736 4226 2793 4280 et
2806 4222 3070 4280 rationis.
3099 4224 3294 4281 Prima
3311 4222 3556 4282 violatio
3577 4226 3663 4283 est
3680 4227 3869 4284 activa
3881 4246 3899 4296 3

2372 4319 2614 4391 ultima,
2663 4316 2934 4392 passiva3
2986 4318 3220 4389 media,
3268 4318 3504 4390 passiva
3544 4319 3797 4393 pariter,
3851 4323 3906 4378 et

2372 4412 2602 4470 activa:
2632 4414 2899 4485 respectu
2925 4411 3315 4470 sensualitatis
3357 4415 3444 4470 est
3480 4413 3756 4487 passiva3
3786 4430 3901 4473 res-

2371 4512 2545 4581 pectu
2592 4505 2834 4566 rationis
2853 4547 2873 4576 ‚
2929 4506 3139 4563 activa.
3190 4505 3385 4564 Primo
3436 4505 3622 4565 modo
3664 4508 3905 4567 timebat

2371 4601 2718 4676 Apostolus,
2755 4616 2894 4658 cum
2922 4600 3156 4659 dicebat
3182 4599 3223 4634 ¹¹
3255 4618 3269 4657 ε
3318 4600 3600 4673 «Timeo,
3638 4617 3714 4660 ne
3760 4603 3905 4661 sicut

2370 4710 2611 4770 serpens
2640 4698 2820 4754 Evam
2847 4694 3081 4752 seduxit
3113 4693 3321 4752 astutia
3348 4710 3487 4767 sua,
3516 4694 3598 4754 ita
3633 4711 3898 4755 corrum-

2369 4794 2586 4866 pantur
2627 4804 2830 4847 sensus
2873 4788 3069 4847 vestri.
3119 4811 3150 4847 ι
3201 4789 3355 4859 Quid
3399 4790 3557 4847 enim
3597 4794 3685 4849 est
3722 4793 3901 4849 Evam

2368 4885 2572 4945 seduci
2609 4900 2646 4942 a
2674 4887 2975 4958 serpente,
3013 4884 3128 4942 nisi
3155 4883 3518 4943 voluntatem
3548 4900 3586 4942 a
3619 4884 3898 4943 sensuali-

2367 4982 2484 5037 tate
2501 4980 2531 5035 ⁴?
2558 4978 2819 5037 Secundo
2844 4977 3028 5036 modo
3054 4977 3247 5036 timuit
3260 4977 3408 5052 ipse,
3430 4994 3567 5036 cum
3582 4977 3811 5052 scripsit
3823 4979 3896 5034 ¹³:

2372 5091 2400 5127 α
2425 5072 2623 5130 Timeo
2647 5071 2835 5141 enim,
2863 5088 2938 5129 ne
2966 5072 3142 5144 forte,
3171 5089 3308 5130 cum
3329 5088 3550 5130 venero
3560 5113 3580 5143 ,
3610 5088 3734 5132 non
3758 5089 3895 5148 qua·

2365 5167 2452 5224 les
2492 5165 2664 5239 volo,
2703 5165 3003 5224 inveniam
3030 5181 3138 5224 vos
3167 5184 3182 5223 :
3226 5186 3254 5220 n
3294 5165 3359 5224 in
3398 5182 3520 5240 quo
3560 5165 3796 5225 timetur
3819 5165 3892 5224 ab

2364 5295 2529 5356 111,2.
2570 5317 2625 5327 —
2667 5291 2712 5325 ¹·
2740 5291 2936 5354 Bacch„
2970 5303 3079 5356 x1v,
3120 5294 3199 5342 21.
3227 5319 3290 5331 -—
3336 5293 3375 5328 ¹¹
3418 5293 3539 5356 lea„
3581 5303 3631 5342 vi
3662 5304 3710 5357 1,
3758 5294 3807 5344 2.
3838 5317 3890 5329 -

2370 5366 2411 5403 ¹²
2431 5366 2474 5417 11
2504 5364 2641 5431 Gor„
2669 5376 2745 5429 xi,
2775 5366 2823 5417 3.
2856 5390 2918 5403 -
2950 5365 2990 5401 ¹⁸
3017 5361 3166 5426 lhid„
3198 5375 3293 5430 ιιι,
3321 5366 3400 5419 20.
