4196 6294
605 505 719 566 12⁴2

598 635 882 700 studium
928 635 1310 713 sanctitatiS,
1349 637 1413 698 et
1450 653 1489 698 a
1526 635 1737 699 studio
1788 631 2138 698 sanctitatis

597 743 676 808 ad
705 743 993 807 studium
1035 742 1379 824 sapientise.
1430 744 1518 805 De
1555 742 1795 824 quihus
1836 741 1925 804 ait
1973 738 2138 804 Pro-

597 851 789 934 pheta
824 853 842 887 ¹
876 874 890 916 ε
936 873 967 911 α
1010 850 1363 913 Bonitatem
1401 897 1419 929 ,
1468 854 1531 913 et
1569 849 1970 932 disciplinam
2004 895 2025 927 ,
2073 851 2139 912 et

595 959 924 1023 scientiam
954 960 1105 1022 doce
1137 975 1259 1020 me.
1286 978 1316 1016 n
1354 956 1636 1039 Incipita
1659 974 1949 1035 summ0,
1980 955 2137 1038 quia

594 1066 785 1132 vellet
817 1069 1077 1155 gustare
1094 1072 1117 1106 ⁸
1137 1113 1158 1144 ‚
1191 1086 1221 1124 (1
1241 1083 1437 1147 quam
1463 1065 1673 1129 honus
1699 1069 1764 1129 et
1794 1065 2016 1130 suavis
2041 1069 2138 1129 est

595 1173 924 1240 Dominus.
954 1195 985 1233 1)
1021 1172 1118 1237 Ad
1149 1173 1520 1256 sapientiam
1562 1176 1778 1238 autem
1814 1173 2136 1256 perveniri

595 1300 725 1346 non
751 1286 1003 1365 potest,
1048 1281 1174 1344 nisi
1223 1299 1338 1363 per
1383 1281 1804 1362 disciplinam.
1852 1280 1993 1347 Non
2040 1285 2138 1345 est

595 1407 757 1472 ergo
796 1389 1264 1472 praet'erendum
1307 1388 1608 1452 ultimum
1657 1389 1883 1470 primo.
1931 1388 2137 1452 Malus

596 1501 760 1561 esset
778 1500 1112 1572 mercator,
1137 1496 1254 1577 qui
1280 1498 1582 1559 stannum
1600 1496 1927 1578 praeferret
1949 1514 2132 1561 aur0.

595 1604 717 1682 Qui
743 1620 876 1667 non
904 1603 1161 1685 praefert
1189 1602 1470 1666 scientiae
1506 1603 1901 1666 sanctitatem
1918 1650 1938 1680 ,
1974 1620 2138 1665 nun·

590 1729 788 1796 quam
836 1709 1340 1793 prosperabitur.
1386 1708 1797 1789 Augustinus
1841 1708 2012 1784 dicit,
2056 1707 2135 1774 de

596 1820 874 1887 civitate
906 1819 1022 1885 Dei
1053 1820 1113 1898 ⁸,
1145 1818 1320 1901 quod
1344 1817 1559 1897 angeli
1586 1819 1736 1880 sunt
1764 1816 1917 1881 honi
1945 1816 2134 1899 spiri-

591 1932 717 2007 tus.
748 1925 830 1991 Hi
859 1926 1030 1990 enim
1070 1925 1370 1990 dicuntur
1409 1923 1656 2005 angeli,
1702 1924 1938 1987 scilicet
1961 1941 2130 1986 nun-

590 2034 711 2110 tii,
759 2033 911 2116 quia
962 2032 1039 2097 de
1092 2030 1450 2095 humilitate
1497 2030 1803 2111 gaudent.
1862 2029 2135 2112 Spiritus

591 2158 871 2223 nequam
909 2144 1223 2205 vocantur
1269 2139 1622 2217 daemoneS,
1667 2138 1734 2203 id
1764 2140 1897 2217 est,
1930 2138 2132 2201 scien-

591 2248 727 2314 tes*
756 2297 773 2326 ‚
796 2248 949 2330 quia
980 2247 1079 2323 ‚ab
1123 2246 1292 2310 illius
1326 2251 1494 2311 statu
1522 2246 1748 2310 volunt
1789 2248 2131 2310 nominari.

592 2356 717 2422 Sed
747 2355 1098 2421 verendum
1144 2359 1239 2419 est
1279 2354 1449 2437 quod
1490 2355 1643 2419 dicit
1674 2353 1793 2419 Job
1822 2356 1900 2419 de
1927 2354 2134 2419 Behe-

589 2465 771 2528 moth
790 2464 811 2499 ⁸
841 2481 859 2527 2
889 2484 918 2523 α
939 2461 1191 2527 Sternet
1215 2462 1339 2526 sihi
1368 2480 1603 2526 aurum
1632 2460 1816 2544 quasi
1841 2463 2072 2527 lutum.
2093 2482 2126 2521 n

591 2571 715 2638 Per
741 2570 1066 2636 scientiam
1106 2574 1200 2634 est
1225 2571 1489 2634 tentatio
1513 2570 1714 2634 facilis
1741 2571 1820 2634 ad
1849 2570 2130 2634 ruinam.

591 2678 769 2744 Unde
796 2680 818 2714 ⁶
850 2701 866 2743 :
905 2701 936 2740 ιι
981 2678 1171 2743 Eritis
1211 2679 1377 2743 sicut
1420 2678 1548 2756 Dii,
1580 2680 1849 2743 scientes
1891 2679 2135 2743 bonum

589 2792 655 2852 et
695 2787 935 2850 malum
963 2835 984 2865 ,
1035 2807 1066 2845 1>
1120 2786 1268 2851 dicit
1315 2804 1595 2869 serpens
1654 2786 1826 2851 Unde
1871 2787 2135 2870 quidam

591 2913 890 2977 suprema
932 2905 1180 2959 naturae
1220 2893 1452 2959 volunt
1496 2895 1878 2976 perscrutari
1907 2944 1928 2974 ,
1974 2896 2138 2960 sicut

592 3002 670 3068 de
698 3001 1237 3084 contingentibus,
1267 3001 1498 3066 Beatus
1524 3002 1886 3068 Bernardus
1913 3004 2130 3082 dicit⁷,

593 3100 670 3178 de
691 3109 1011 3178 Gradibus
1040 3110 1385 3193 Superbiae,
1404 3111 1577 3196 quod
1596 3111 1880 3193 primum
1900 3111 2135 3177 vitium

592 3223 688 3283 est
714 3218 1079 3298 curiositas,
1115 3237 1228 3301 per
1256 3219 1425 3301 quod
1447 3211 1700 3283 Lucifer
1730 3220 1991 3284 cecidit:
2020 3239 2135 3302 per

591 3325 714 3389 hoc
753 3326 943 3389 etiam
994 3327 1205 3391 Adam
1249 3327 1494 3391 cecidit.
1551 3328 1883 3411 Appetitus
1930 3328 2136 3410 igitur

594 3434 873 3498 scientiae
921 3435 1380 3500 modificandus
1424 3440 1554 3514 est;
1603 3437 1997 3519 praeferenda
2041 3441 2138 3501 est

592 3542 653 3605 ei
683 3542 992 3624 sapientia
1019 3547 1081 3606 et
1111 3544 1431 3607 sanctitas,
1472 3544 1757 3621 Qualiter
1795 3562 1956 3625 ergo
1997 3552 2135 3607 stu-

590 3648 869 3713 (lendum
918 3653 1012 3713 est
1061 3650 1371 3730 scientiae,
1403 3656 1466 3715 et
1510 3652 1872 3730 sanctitati,
1920 3655 1985 3715 et
2031 3670 2138 3715 sa-

590 3757 883 3838 pientiae?
915 3756 1172 3840 Oportet
1214 3758 1405 3838 scire,
1436 3764 1510 3823 ut
1549 3759 1631 3824 de·
1673 3759 1982 3823 fructibus
2025 3776 2135 3821 sa-

592 3865 849 3947 pientiae
906 3865 1219 3929 habeatur
1241 3913 1258 3942 ,
1319 3870 1382 3930 et
1428 3884 1543 3948 per
1595 3869 1811 3948 portas
1863 3867 2135 3930 civitatis

593 3974 910 4055 possimus
972 3973 1260 4038 introire.
1318 3972 1482 4039 Nam
1544 3959 1850 4057 scriptum
1904 3979 1998 4038 est
2040 3975 2062 4010 ⁸
2115 3996 2130 4038 :

600 4101 631 4140 α
660 4078 867 4142 Labor
910 4080 1247 4143 stultorum
1291 4081 1512 4164 perdet
1554 4099 1698 4160 eos,
1748 4103 1779 4141 1)
1827 4082 1936 4162 qui
1980 4099 2134 4145 nes-

591 4186 770 4249 ciunt
810 4186 879 4248 in
923 4187 1147 4250 urbem
1176 4207 1481 4270 pergere,
1515 4190 1636 4254 hoc
1665 4194 1796 4267 est,
1832 4191 1944 4272 qui
1984 4208 2132 4254 nes-

592 4293 769 4357 ciunt
808 4293 1063 4358 studere
1096 4295 1165 4359 in
1206 4297 1442 4378 quihus
1482 4301 1749 4380 oportet.
1801 4299 1873 4363 In
1915 4299 2137 4365 Genesi

592 4401 853 4480 dicitur,
886 4402 1057 4483 quod
1082 4407 1105 4443 ⁹
1142 4425 1171 4462 α
1199 4404 1437 4468 creavit
1468 4403 1633 4468 Deus
1673 4406 2002 4468 hominem
2024 4454 2039 4481 ,
2072 4410 2138 4469 et

593 4508 805 4592 posuit
832 4509 902 4570 in
930 4509 1253 4591 paradiso,
1283 4514 1358 4574 ut
1396 4514 1801 4592 operaretur,
1834 4517 1895 4576 et
1921 4516 2137 4577 custo-

593 4617 756 4681 diret
785 4615 989 4679 illum.
1022 4637 1051 4674 »
1078 4617 1334 4698 Oportet
1354 4619 1604 4699 operari
1627 4618 1697 4681 in
1724 4637 1903 4683 sacra
1931 4619 2136 4702 Scrip-

590 4725 739 4785 tura
758 4770 776 4800 ,
809 4725 874 4784 et
917 4721 1255 4785 exercitari
1294 4722 1704 4786 intellectum.
1736 4722 1858 4788 Sed
1903 4723 2139 4788 multos

592 4827 810 4891 inveni
863 4828 1282 4892 exercitantes
1339 4846 1570 4909 corpus
1600 4877 1618 4908 ,
1667 4848 1905 4910 paucos
1949 4830 2137 4909 inge-

591 4933 802 4997 nium.
835 4933 987 4999 Haec
1020 4934 1389 4998 exercitatio
1415 4939 1511 4999 est
1537 4935 1796 5017 spiritus
1823 4935 1901 5000 ad
1934 4936 2134 5018 pieta-

591 5044 745 5104 tem.
789 5040 965 5106 Unde
1007 5042 1077 5104 in
1119 5041 1484 5109 Proverbiis
1530 5042 1760 5106 dicitur
1792 5048 1838 5085 ¹⁰
1889 5065 1903 5108 :
1947 5067 1976 5103 a
2019 5042 2141 5108 Per

596 5166 831 5229 agrum
880 5149 1160 5213 hominis
1205 5149 1378 5231 pigri
1432 5150 1729 5229 transivi,
1773 5155 1836 5214 et
1875 5170 1988 5233 per
2032 5151 2136 5217 vi·

657 5275 676 5309 ¹
704 5272 842 5323 Psal.
872 5286 1051 5335 cxvm,
1082 5279 1225 5325 66.-
1259 5274 1278 5304 ²
1306 5274 1440 5324 Psal.
1477 5286 1665 5337 xxxin,
1693 5280 1807 5327 9.-
1835 5277 1856 5311 ⁸
1886 5277 1994 5327 Lib.
2020 5278 2138 5341 xn,

593 5360 640 5395 c.
669 5355 746 5394 11.
764 5371 826 5380 —-
855 5346 872 5375 ⁴
901 5346 1104 5396 Scilicet
1131 5359 1160 5395 a
1177 5359 1308 5396 voce
1329 5359 1496 5409 graeca
1515 5348 1678 5408 Δάῑος,
1698 5349 1972 5409 peritus-.—
1995 5348 2140 5410 Uol»,

592 5429 713 5476 xm,
742 5420 822 5467 2¹.
857 5442 919 5454 -
942 5419 961 5447 ⁰
995 5417 1137 5481 Gen„
1163 5429 1240 5479 111,
1264 5420 1311 5468 5.
1332 5443 1393 5453 —
1422 5418 1439 5447 ²
1468 5419 1639 5481 Rern„
1668 5418 1728 5467 de
1757 5419 1912 5468 crud.
1944 5420 2135 5470 Hamil.

595 5491 642 5537 et
659 5487 937 5551 Superb-
955 5490 973 5519 ⁸
1000 5488 1186 5550 Eccle„
1208 5499 1260 5554 x,
1293 5490 1476 5540 25.—’
1497 5490 1717 5552 Gen.,11,
1746 5492 1890 5541 15.-
1908 5492 1949 5527 ¹⁸
1968 5493 2134 5554 Pron„

1644 495 2319 565 ILLUMlNATlONES
2363 495 2757 563 ECCLESIAE

2248 649 2437 697 neam
2453 680 2472 713 ‚
2503 634 2569 697 et
2609 650 2752 697 ecce
2797 636 3006 698 totum
3041 636 3442 719 repleverant
3480 638 3704 703 urticae
3728 639 3792 702 et

2248 738 2472 821 spinae.
2505 760 2537 799 ι
2573 737 2706 803 Hoc
2731 741 2804 803 fit
2833 741 3088 824 quando
3113 743 3310 808 homo
3333 744 3528 809 habet
3552 745 3789 809 bonam

2247 844 2720 928 dispositionem
2747 895 2765 926 ,
2825 851 2888 910 et
2943 866 3076 911 non
3129 854 3381 914 exercet
3435 868 3580 913 eam
3612 898 3631 926 ,
3680 848 3789 914 sed

2248 955 2541 1016 crescunt
2578 953 2667 1017 ibi
2715 953 2794 1036 (α)
2835 955 3059 1019 urticae
3104 956 3522 1037 malignitatis
3541 1004 3557 1033 ,
3589 956 3789 1039 spinae

2247 1060 2628 1142 cupiditatis
2660 1061 2928 1126 Maceria
2972 1063 3258 1145 lapidum
3301 1065 3620 1130 virtutum
3647 1064 3787 1129 des-

2249 1169 2486 1232 truitur
2513 1175 2769 1252 propter
2788 1171 3267 1253 dissipationem
3299 1175 3786 1255 cogitationum.

2246 1274 2324 1340 Et
2363 1275 2513 1341 hinc
2555 1276 2785 1341 dicitur
2812 1278 2879 1342 in
2918 1279 3274 1346 Proverbiis
3308 1281 3347 1315 ¹¹
3377 1302 3392 1345 ε
3433 1304 3464 1343 α
3492 1280 3792 1363 Praepara

2246 1384 2399 1447 foris
2420 1401 2582 1466 opus
2599 1388 2818 1464 tuum,
2842 1390 2905 1450 et
2934 1387 3274 1468 diligenter
3301 1405 3526 1452 exerce
3550 1405 3788 1469 agrum

2246 1496 2456 1555 tuum.
2496 1513 2528 1551 1>
2556 1492 2778 1557 Modus
2806 1494 3101 1559 studendi
3141 1495 3327 1560 debet
3361 1496 3598 1561 habere
3625 1514 3783 1579 qua-
3866 1518 4029 1561 uoda-

2247 1603 2392 1663 tuor
2433 1601 2864 1681 conditiones,
2897 1603 3133 1667 scilicet
3166 1604 3488 1684 ordinem,
3520 1579 4020 1698 assidui-'‘1³¹,¹,2,¹{³¹¹„,ndi

2245 1708 2465 1783 tatem,
2497 1709 3043 1791 complacentiam,
3074 1713 3780 1776 commensurationem.
3811 1718 3893 1748 ⁰⁰¹¹
3865 1704 3974 1747 '¹⁶¹‘
3844 1704 4027 1809 “¹⁰22

2247 1812 2414 1878 Ordo
2452 1814 2877 1880 diversimode
2923 1819 3196 1883 traditur
3234 1838 3274 1883 a
3317 1820 3585 1884 diversis
3599 1865 3621 1899 ,
3674 1820 3786 1883 sed
3813 1829 3963 1885 quint.

2247 1925 2491 2004 oportet
2520 1922 2808 1987 ordinate
2835 1925 3209 2006 procedere,
3240 1943 3325 1990 116
3360 1926 3439 1991 de
3465 1927 3673 2008 primo
3701 1927 3789 1990 fa-

2247 2028 2415 2092 ciant
2454 2031 2799 2111 posteriuS,
2834 2031 2939 2096 vel
2967 2051 3003 2095 6
3043 2049 3371 2097 converso,
3422 2032 3587 2098 Sunt
3625 2051 3789 2115 ergo

2245 2140 2521 2217 quatuor
2568 2155 2809 2218 genera
2857 2137 3330 2221 Scripturarum
3361 2188 3380 2221 ,
3429 2141 3598 2206 circa
3640 2158 3788 2223 quae

2246 2247 2490 2324 oportet
2519 2245 2809 2309 ordinate
2837 2247 3207 2328 procedere,
3237 2252 3301 2311 et
3328 2249 3633 2313 exerceri.
3657 2249 3790 2314 Pri-

2246 2350 2338 2413 mi
2382 2350 2529 2414 libri
2576 2357 2728 2415 sunt
2771 2372 2969 2417 sacrae
3023 2352 3407 2437 Scripturae3
3462 2356 3531 2419 in
3580 2354 3789 2421 Testa-

2246 2461 2463 2521 mento
2479 2457 2711 2536 Veteri,
2735 2460 3087 2525 secundum
3108 2461 3571 2544 Hieronymum
3594 2466 3664 2543 ¹⁸,
3686 2463 3785 2527 vi·

2248 2565 2415 2645 ginti
2459 2565 2588 2630 duo
2638 2568 2817 2646 libri3
2864 2569 2932 2631 in
2975 2569 3154 2636 Novo
3199 2568 3601 2635 Testamenta)
3647 2576 3789 2635 octo

2245 2676 2416 2737 sunt.
2449 2671 2725 2739 Secundi
2767 2676 2916 2740 libri
2957 2680 3109 2741 sunt
3150 2679 3495 2759 originalia
3538 2684 3785 2745 sancto-

2245 2799 2417 2845 rum.
2449 2780 2682 2862 Tertii,
2712 2784 3040 2849 sententiae
3068 2786 3549 2867 magistrorum.
3582 2787 3790 2865 Quar-

2245 2888 2328 2967 ti,
2378 2887 2813 2953 doctrinarum
2861 2892 3318 2971 mundialium,
3344 2896 3479 2959 sive
3514 2896 3789 2978 philoso-

2247 2997 2545 3078 phorum.
2610 2997 2732 3074 Qui
2789 3018 2947 3082 ergo
3004 3002 3144 3065 vult
3195 3002 3431 3067 discere
3466 3051 3482 3083 ,
3546 3008 3790 3086 quaerat

2245 3104 2573 3168 scientiam
2617 3105 2687 3169 in
2725 3107 2891 3172 fonte
2910 3157 2931 3188 ,
2966 3108 3119 3190 quia
3165 3108 3335 3191 apud
3381 3109 3789 3193 philosophos

2245 3232 2377 3277 non
2423 3218 2519 3278 est
2573 3216 2834 3280 scientia
2887 3218 2966 3280 ad
3020 3219 3292 3294 dandam
3346 3219 3787 3283 remissionem

2245 3326 2648 3404 peccatorum
2683 3344 2700 3399 ;
2747 3342 2865 3386 nec
2905 3324 3076 3406 apud
3120 3342 3406 3388 summas
3448 3326 3788 3407 magistro-

2244 3447 2426 3507 rum,
2458 3429 2614 3512 quia
2648 3430 2739 3493 illi
2777 3431 2858 3494 ab
2886 3432 3315 3512 originalibus
3344 3438 3784 3500 extraxerunt.

2246 3537 2596 3618 Originalia
2647 3543 2862 3602 autem
2903 3558 2943 3602 a
2987 3558 3164 3604 sacra
3210 3539 3560 3623 Scriptura.
3611 3542 3790 3609 Unde

2245 3645 2395 3710 dicit
2423 3645 2868 3727 AugustinuS,
2902 3646 3073 3729 quod
3117 3648 3252 3729 ipse
3294 3648 3496 3732 decipi
3541 3656 3783 3733 potest,

2244 3758 2306 3816 et
2335 3753 2483 3831 alii;
2516 3754 2624 3816 sed
2651 3753 2742 3816 ihi
2771 3757 2864 3817 est
2890 3753 3047 3818 fides
3091 3758 3297 3833 tanta,
3326 3757 3498 3837 quod
3541 3758 3629 3819 ibi
3659 3777 3789 3823 non

2243 3864 2597 3942 potestesse
2613 3860 2914 3943 deceptio.
2934 3861 3011 3926 Et
3025 3862 3177 3926 hinc
3192 3862 3341 3926 dicit
3357 3863 3697 3946 Dionysius
3718 3866 3783 3944 ²⁸,

2246 3969 2323 4034 de
2343 3970 2612 4035 Divinis
2633 3968 3016 4036 Nominibus
3031 4018 3048 4049 ,
3075 3970 3248 4052 quod
3277 3970 3438 4033 nihil
3462 3989 3788 4036 assumen-

2244 4076 2399 4140 dum
2429 4080 2555 4153 est,
2595 4075 2718 4138 nisi
2759 4075 2929 4157 quod
2973 4094 3056 4140 ex
3101 4076 3370 4158 eloquiis
3410 4079 3633 4157 sacris,
3664 4083 3783 4144 etc.

2245 4183 2512 4249 Studere
2566 4182 2749 4247 debet
2804 4183 3033 4247 Christi
3087 4184 3437 4265 discipulus
3491 4188 3560 4251 in
3608 4206 3787 4252 sacra

2246 4289 2603 4372 Scriptura,
2625 4290 2789 4354 sicut
2816 4291 2997 4373 pueri
3026 4290 3233 4372 primo
3261 4291 3596 4358 addiscunt
3619 4314 3657 4359 a
3674 4344 3692 4375 ,
3716 4297 3781 4373 b,

2246 4416 2310 4477 c,
2344 4397 2418 4476 d,
2450 4402 2596 4476 etc.;
2629 4401 2849 4479 postea
2892 4397 3299 4478 syllabicare,
3339 4404 3403 4463 et
3439 4408 3655 4484 postea
3695 4403 3787 4465 le-

2249 4524 2438 4586 gere,
2467 4510 2532 4568 et
2566 4511 2783 4586 postea
2810 4504 2964 4586 quid
2992 4505 3313 4586 significet
3340 4525 3510 4589 parS.
3541 4508 3779 4572 Simili-

2246 4614 2435 4676 ter‘in
2462 4630 2641 4676 sacra
2676 4611 3038 4693 Scriptura,
3073 4630 3242 4694 saepe
3273 4615 3481 4696 primo
3510 4614 3654 4696 quis
3683 4614 3786 4676 de-

2247 4722 2352 4785 bet
2397 4719 2652 4784 studere
2700 4719 2769 4782 in
2807 4722 2990 4783 textu
3016 4767 3037 4797 ,
3080 4723 3145 4783 et
3181 4720 3397 4802 ipsum
3438 4721 3674 4784 habere
3718 4719 3787 4782 in

2247 4831 2590 4909 promptu,
2639 4831 2703 4890 et
2753 4826 3115 4907 intelligere
3166 4827 3338 4909 quod
3395 4827 3619 4891 dicitur
3672 4844 3788 4909 per

2247 4951 2505 5012 nomen,
2536 4950 2668 4996 non
2696 4932 2904 4996 solum
2944 4933 3106 4998 sicut
3141 4933 3436 5011 JudaeuS,
3466 4933 3578 5014 qui
3617 4951 3784 4996 sem-

2249 5039 2587 5123 pertendit
2615 5039 2694 5103 ad
2717 5040 3054 5104 litteralem
3082 5058 3364 5105 sensum.
3400 5036 3551 5103 Tota
3580 5038 3790 5122 Scrip-
3826 5058 4022 5114 seriptu-

2248 5151 2396 5211 tura
2421 5150 2515 5211 est
2543 5147 2726 5229 quasi
2771 5165 2899 5212 una
2937 5147 3199 5212 cithara.
3231 5145 3309 5211 Et
3342 5145 3528 5209 sicuti
3555 5147 3792 5213 chorda
3816 5121 4034 5227 Em*

2250 5331 2394 5376 xxxv,
2415 5320 2492 5367 30.
2494 5342 2559 5355 -
2588 5317 2790 5376 ¹'lbid.,
2821 5320 2967 5367 27.-
2988 5319 3024 5354 ¹²
3053 5317 3264 5368 Hieron.
3272 5315 3534 5382 ,.Proloq,
3555 5317 3609 5368 in
3633 5318 3791 5370 libros

2249 5393 2447 5456 Reman.
2475 5415 2530 5427 --
2564 5389 2605 5424 ¹⁸
2628 5390 2800 5454 Dion„
2824 5389 2886 5440 de
2912 5392 3029 5441 Div.
3054 5390 3221 5455 Nom„
3251 5403 3298 5439 c.
3333 5401 3366 5438 1.

2312 5491 2379 5558 (α)
2407 5488 2544 5541 Edit.
2582 5488 2695 5540 Ven.
2726 5488 2831 5541 tibi.
