4196 6294
128 1638 278 1694 Byssi-

105 4779 236 4825 Nota

1571 474 1934 544 PSALMUS
1975 473 2234 541 CXVIII.

311 610 378 666 Et
401 610 567 680 nota,
594 607 761 683 quod
787 606 937 667 sicut
971 609 1309 670 testificatur
1332 610 1646 687 Scriptura,
1686 612 1854 686 justi-

310 699 508 761 ficatio
536 703 798 761 veterem
820 702 1125 762 hominem
1153 704 1334 778 exuit,
1362 708 1605 764 exutum
1630 706 1847 778 induit,

312 797 369 854 et
410 795 687 855 indutum
718 796 1106 870 superinduit.
1150 799 1321 857 Exuit
1352 816 1497 858 vero
1524 799 1733 859 habitu
1758 799 1849 857 vi-

307 889 483 964 tioso,
503 890 696 948 induit
721 890 928 952 habitu
956 892 1239 965 gratiose,
1266 896 1322 952 et
1347 893 1718 968 superinduit
1741 895 1848 953 ha·

308 983 437 1042 bitu
462 983 744 1056 glorioso.
766 987 846 1042 De
866 985 1063 1059 primo
1086 988 1098 1017 ¹
1125 1004 1139 1043 :
1163 1006 1191 1041 ι
1211 986 1521 1045 Damnavit
1541 991 1850 1062 peccatum

308 1075 372 1135 in
426 1093 601 1138 carne
618 1119 638 1149 ,
691 1081 758 1136 ut
798 1077 1135 1151 justificatio
1190 1079 1336 1154 legis
1387 1081 1732 1156 impleretur
1784 1082 1847 1140 in

305 1171 516 1230 nobis:
537 1191 568 1228 ιι
603 1187 738 1231 ecce
759 1172 1098 1244 ,iustificatio
1127 1190 1348 1233 exuens
1375 1175 1584 1234 habitu
1608 1176 1842 1235 vitioso.

306 1268 385 1325 De
411 1265 675 1325 secundo
697 1269 719 1301 ²
742 1283 758 1323 ε
785 1284 814 1321 α
829 1267 1097 1325 Traditus
1119 1271 1206 1328 est
1220 1273 1461 1345 propter
1485 1269 1700 1329 delicta
1713 1287 1848 1329 nos·

304 1362 415 1432 tra,
452 1363 508 1418 et
550 1361 868 1419 resurrexit
909 1364 1153 1436 propter
1186 1362 1663 1436 justificationem
1706 1379 1848 1423 nos-

304 1459 456 1514 tram
474 1473 488 1512 :
504 1475 532 1510 ιι
565 1472 698 1514 ecce
720 1455 1056 1528 Justificatio
1070 1458 1331 1517 induens
1344 1459 1548 1517 habitu
1565 1460 1842 1533 gratioso.

304 1554 381 1609 De
403 1550 570 1609 tertio
597 1552 620 1587 ⁸
651 1570 666 1608 ε
701 1569 733 1606 a
760 1554 970 1610 Datum
999 1557 1084 1612 est
1116 1553 1203 1612 illi
1218 1597 1237 1626 ,
1258 1574 1287 1607 ιι
1330 1554 1550 1613 scilicet
1582 1571 1843 1630 sponsae,

308 1661 338 1698 α
352 1643 666 1718 byssinum
690 1645 1032 1720 splendens,
1056 1652 1112 1707 et
1141 1648 1465 1707 candidum
1497 1649 1846 1724 :byssinum

216 1794 230 1807 ,
303 1736 463 1795 enim
476 1737 923 1811 justificationes
948 1745 1084 1799 sunt
1111 1746 1483 1801 sanctorum:
1510 1763 1540 1798 ιι
1567 1759 1702 1802 ecce
1727 1743 1850 1816 jus-

303 1830 542 1889 tificatio
589 1831 1021 1907 superinduens
1063 1835 1272 1894 habitu
1317 1836 1600 1910 glorioso.
1651 1836 1845 1895 Primo

302 1923 488 1983 modo
522 1925 773 1983 sumitur
803 1926 867 1984 in
895 1928 1224 2003 preposite.

947 2088 1203 2155 Epilogus.

372 2205 463 2265 Ait
517 2221 659 2280 ergo
708 2208 1000 2283 Propheta
1015 2251 1033 2281 ,
1085 2212 1372 2285 tanquam
1426 2226 1501 2270 ex
1552 2212 1848 2273 charitatis

302 2299 572 2361 intrantis
596 2317 896 2376 persona:
925 2305 1267 2364 Emotabunt
1307 2308 1459 2364 labia
1482 2323 1602 2365 mea
1649 2326 1664 2365 ε
1711 2325 1848 2368 ecce

301 2395 461 2455 labia
502 2397 818 2471 charitatiS,
858 2413 980 2472 qua
1021 2399 1170 2457 nihil
1212 2400 1481 2474 charius3
1522 2406 1796 2475 Hymnum
1827 2425 1845 2462 ε

303 2506 436 2550 ecce
479 2491 740 2566 hymnus
781 2492 1138 2551 charitativae
1178 2493 1514 2568 hilaritatis,
1541 2512 1663 2571 qua
1697 2497 1847 2556 nihil

297 2583 623 2657 jucundius
639 2603 661 2657 3
698 2586 836 2644 Cum
869 2587 1114 2644 docum-ts
1161 2604 1282 2646 me.-
1311 2604 1444 2648 ecce
1477 2591 1846 2664 proesentatio

303 2678 595 2750 veritatis,
625 2696 745 2754 qua
771 2679 920 2738 nihil
949 2680 1164 2739 clarius
1180 2701 1200 2754 3
1231 2685 1649 2756 ‚iustificationes
1673 2691 1797 2743 tuas
1828 2705 1847 2743 ε

305 2789 438 2834 ecce
494 2775 823 2835 absentatio
844 2819 865 2848 ,
909 2777 1009 2835 vel
1053 2776 1277 2837 ablatio
1321 2778 1644 2854 iniquitatis
1662 2823 1684 2852 ,
1729 2796 1851 2855 qua

305 2868 453 2928 nihil
478 2869 757 2930 amarius.

837 3086 1168 3132 meremus
1203 3089 1302 3132 ¹11.

378 3252 504 3309 172.
519 3250 906 3309 Pronuntiabit
918 3253 1107 3324 linqua
1123 3267 1242 3310 mea
1260 3253 1527 3324 eloquium
1546 3258 1718 3324 tumn,
1738 3258 1849 3313 etc.

309 3344 564 3403 Audistis
618 3344 719 3403 Dei
773 3344 1116 3403 charitatem
1177 3345 1491 3404 intrantem
1520 3367 1538 3420 3
1599 3347 1851 3406 audiatis

310 3437 651 3498 charitatem
692 3438 948 3513 proximi
991 3439 1422 3514 impetrantem.
1457 3440 1565 3517 Illa
1602 3442 1852 3501 charitas

309 3536 394 3591 est
425 3531 921 3606 contemplativa3
949 3534 1059 3592 ista
1084 3532 1334 3592 charitas
1362 3538 1447 3593 est
1471 3535 1663 3594 activa
1698 3555 1714 3593 ε
1746 3536 1851 3595 illa

306 3641 592 3700 sponsum
635 3626 967 3695 osculatur,·
1023 3627 1134 3685 ista
1184 3627 1422 3687 familiae
1472 3628 1790 3689 famulatur
1830 3648 1846 3689 ε

306 3718 412 3777 illa
445 3719 871 3779 beatitudinem
921 3721 1212 3795 intuetur3
1279 3722 1392 3781 ista
1437 3723 1685 3781 miseriae
1739 3723 1852 3781 mi-

306 3816 548 3871 seretur.
615 3812 776 3871 Unde
840 3820 1171 3886 con‘gruum
1241 3813 1353 3872 fuit
1410 3815 1587 3875 valde
1606 3858 1625 3888 ‚
1682 3816 1848 3891 quod

305 3905 439 3978 illa,
485 3922 619 3981 quoe
667 3906 1007 3976 miseretur,
1050 3907 1471 3981 repromissam
1511 3910 1845 3968 misericor-

308 4000 471 4059 diam
495 4001 574 4060 ab
615 4016 686 4059 eo
717 4005 1205 4075 consequeretur,
1233 4002 1336 4077 qui
1363 4004 1846 4064 misericordibus

306 4093 774 4153 misericordiam
794 4093 1123 4168 pollicetur.
1149 4098 1266 4154 Hac
1293 4096 1369 4154 de
1390 4114 1569 4156 causa
1596 4099 1848 4158 charitas

305 4188 416 4247 ista
443 4187 797 4247 describitur
823 4203 861 4245 a
885 4187 1350 4265 Psalmographo
1378 4192 1849 4252 misericordiam

304 4281 581 4356 proximo
611 4280 1054 4356 repromittens,
1082 4285 1140 4340 et
1163 4284 1634 4344 misericordiam
1669 4303 1707 4345 a
1734 4289 1845 4363 Do-

304 4374 471 4433 mino
510 4373 932 4449 repromissam
970 4374 1282 4435 admittens
1298 4420 1317 4449 ,
1347 4378 1497 4436 sicut
1524 4384 1696 4438 sonat
1725 4381 1851 4441 haec

304 4468 498 4527 littera
528 4487 542 4526 ε
571 4469 953 4526 Pronuntiabit
967 4510 985 4537 ,
1015 4472 1123 4527 etc.
1137 4511 1158 4540 ,
1185 4470 1301 4529 hoc
1332 4474 1451 4543 est,
1478 4471 1685 4544 lingua
1712 4475 1850 4535 cha-

305 4562 490 4622 ritatis
534 4562 811 4636 proximo
856 4563 1152 4623 nuntiabit
1192 4565 1500 4640 eloquium
1551 4567 1848 4642 veritatis;

310 4657 600 4733 quoniam
643 4656 844 4715 omnia
884 4672 993 4731 per
1044 4658 1320 4733 pietatem
1374 4660 1657 4719 mandata
1673 4702 1693 4732 ‚
1743 4678 1852 4737 per

309 4751 646 4827 aequitatem
685 4753 820 4807 sunt
850 4755 1259 4810 consummata
1289 4771 1305 4809 ε
1345 4768 1480 4811 ecce
1509 4753 1678 4811 vides
1705 4771 1852 4830 qua-

60 4846 270 4951 &⁸⁰ss
309 4850 447 4905 tuor
471 4845 713 4903 virtutes
739 4843 819 4901 ad
853 4843 1033 4917 hujus
1058 4860 1261 4903 versus
1288 4845 1576 4905 fabricam
1603 4864 1851 4907 concur-

269 4932 283 4947 '
309 4942 503 4998 rentes
529 4957 544 4996 :
575 4936 853 4996 videlicet
882 4937 1248 5012 charitatem,
1290 4941 1625 5013 veritatem,
1662 4941 1850 5017 pieta-

310 5037 428 5092 tem
442 5076 463 5105 ,
498 5032 834 5108 aequitatem
873 5048 890 5089 ε
922 5047 1174 5106 quarum
1202 5034 1397 5108 prima
1435 5035 1848 5109 pronuntiem,

312 5126 576 5186 secunda
634 5126 1034 5201 praenuntians
1050 5168 1071 5199 ,
1118 5127 1284 5186 tertia
1354 5127 1648 5187 mandans
1668 5171 1688 5201 ,
1744 5130 1851 5188 sed

313 5226 525 5296 quarta
551 5235 992 5280 consummans.

376 5348 396 5383 ¹
426 5348 582 5410 Rom„
605 5359 718 5411 vm,
743 5347 891 5398 3.-²
920 5344 1069 5411 ibid„
1090 5357 1163 5408 xv,
1191 5348 1337 5399 25.-
1366 5349 1386 5380 ⁸
1417 5348 1586 5414 apoc..
1606 5360 1717 5411 nx,
1738 5352 1851 5401 8.-

313 5419 336 5454 b
359 5419 526 5484 prov„
553 5431 673 5483 xxv,
705 5422 780 5471 15.
810 5444 873 5457 -
902 5419 926 5454 ⁸
966 5416 1146 5482 teeti„
1173 5429 1250 5483 v1,
1290 5421 1337 5471 5.
1383 5445 1444 5457 -
1470 5421 1492 5456 ⁸
1535 5420 1718 5481 Exti„
1761 5432 1851 5486 u,

3376 474 3494 548 1539

2452 673 2731 731 Articulum
2756 677 2990 748 primus.

2025 800 2287 861 Primum
2329 800 2634 860 denotavit
2675 800 3174 877 Psalmographus
3225 801 3428 861 dicens
3476 820 3492 860 ε

1956 895 2339 954 Pronuntiabit
2373 896 2565 967 linqua
2600 911 2719 952 mea
2750 914 2765 952 ε
2801 895 2927 953 haec
2962 900 3049 954 est
3073 896 3282 968 lingua
3306 894 3496 954 chari-

1954 990 2107 1064 tatis,
2138 1005 2273 1064 quoe
2309 989 2573 1064 loquitur
2615 988 2822 1063 lingua
2857 991 3079 1063 carnis,
3108 989 3258 1050 sicut
3292 990 3498 1063 lingua

1953 1083 2212 1143 hominis
2243 1083 2537 1142 interioris
2569 1083 2824 1157 loquens
2866 1099 2976 1158 per
3018 1084 3289 1159 lingum
3342 1088 3497 1142 exte-

1952 1176 2145 1237 rioris.
2180 1179 2314 1236 llaeo
2351 1176 2559 1250 lingua
2596 1176 2884 1252 promittit
2904 1178 3174 1236 nuntiare
3205 1176 3495 1253 proximis
3538 1174 3732 1281 3383}

1954 1270 2262 1346 eloquium
2287 1272 2567 1330 veritatis.
2593 1275 2659 1330 Et
2680 1275 2823 1330 nota
2845 1270 2922 1329 de
2946 1271 3153 1346 lingua
3174 1270 3492 1345 charitatis,
3546 1300 3604 1342 fl,
3630 1299 3708 1343 ω,

1955 1365 2123 1440 quod
2163 1365 2376 1425 dicitur
2401 1367 2464 1424 in
2500 1365 2805 1440 scripturis
2833 1365 3030 1424 mollis
3050 1406 3071 1437 ,
3110 1365 3405 1437 eucharis,
3436 1368 3495 1424 et
3564 1362 3684 1417 plex-

1952 1460 2188 1533 suavis;
2235 1460 2378 1534 quia
2418 1460 2702 1520 nimirum
2742 1459 2942 1519 mollis
2988 1463 3076 1519 est
3119 1459 3199 1518 ad
3243 1474 3494 1534 suppor-

1953 1553 2232 1624 tandum,
2260 1555 2527 1613 eucharis
2575 1554 2654 1614 ad
2698 1553 3164 1624 exhortandum,
3191 1552 3390 1612 suavis
3416 1554 3493 1611 ad

1955 1645 2431 1706 confortandum.
2488 1650 2566 1706 De
2603 1649 2801 1722 primo
2838 1650 2860 1684 ¹·
2902 1667 2917 1707 :
2968 1669 2996 1703 ι
3036 1647 3258 1721 Lingua
3291 1646 3492 1705 mollis

1954 1741 2282 1814 confringet
2319 1741 2597 1800 duritiam
2646 1760 2662 1800 ε
2699 1761 2728 1796 ιι
2775 1741 3006 1816 quoties
3039 1741 3198 1799 enim
3242 1739 3493 1799 charitas

1951 1846 2060 1905 per
2112 1830 2455 1905 patientiam
2509 1831 2767 1889 devincit
2809 1831 3128 1890 fraternam
3181 1828 3491 1904 impatien-

1952 1923 2133 1997 tiam,
2161 1925 2332 1983 toties
2366 1924 2495 1984 haec
2528 1924 2805 1984 mollities
2840 1924 3157 1998 confringit
3189 1924 3487 1983 duritiam.

1952 2022 2032 2077 De
2075 2018 2338 2078 secundo
2390 2019 2414 2055 ⁸
2472 2039 2487 2078 ε
2548 2038 2581 2074 α
2631 2019 2855 2093 Lingua
2905 2019 3173 2079 eucharis
3218 2019 3284 2077 in
3324 2019 3490 2077 bono

1951 2113 2195 2174 homine
2247 2113 2601 2174 abundabit.
2658 2135 2688 2171 ιι
2744 2118 2897 2173 Bene
2943 2114 3085 2173 dicit
3139 2134 3169 2169 α
3215 2114 3281 2173 in
3324 2116 3490 2174 bono

1950 2207 2217 2280 homine,
2239 2230 2266 2263 ιι
2295 2209 2436 2283 quia
2460 2209 2668 2282 lingua
2694 2209 2952 2282 gratiosa
2977 2209 3040 2266 in
3065 2208 3306 2267 homine
3324 2209 3489 2268 bono

1954 2302 2326 2360 abundanter
2342 2302 2672 2373 fructificat,
2690 2302 2753 2360 in
2779 2302 2941 2361 malo
2969 2317 3092 2360 non
3118 2302 3491 2361 mediocriter

1954 2396 2330 2455 scandalizat.
2358 2400 2525 2464 Nam,
2552 2395 2879 2454 secundum
2910 2395 3329 2469 Gregorianum
3363 2395 3490 2454 elo-

1956 2489 2166 2565 quium
2197 2508 2213 2547 :
2249 2510 2278 2544 α
2317 2491 2493 2563 Cujus
2517 2490 2639 2548 vita
2665 2488 3017 2564 despicitur,
3043 2492 3223 2548 restat
3257 2493 3325 2549 ut
3366 2490 3492 2562 eJus

1956 2582 2295 2658 praedicatio
2326 2586 2756 2643 contemnatur.
2795 2604 2825 2640 ιι
2856 2587 2935 2642 De
2962 2584 3132 2643 tertio
3160 2586 3182 2621 ⁰
3213 2602 3228 2640 ε
3265 2603 3295 2638 α
3317 2583 3492 2645 Tihiae

1957 2682 2014 2736 et
2063 2677 2408 2753 psalterium
2454 2693 2701 2737 suavem
2756 2677 3082 2738 melodiam
3132 2677 3351 2737 faciunt
3360 2720 3382 2752 ,
3437 2682 3496 2739 et

1955 2786 2134 2846 super
2179 2776 2427 2847 utraque
2468 2772 2679 2846 lingua
2723 2773 2920 2832 suavis
2963 2792 2979 2832 ε
3023 2793 3054 2828 ιι
3103 2772 3248 2848 quia
3284 2788 3496 2832 revera

1955 2865 2324 2939 praestantior
2370 2869 2455 2924 est
2503 2865 2804 2925 fructuosa
2853 2867 3110 2926 suavitas
3162 2865 3489 2941 labiorum,

1957 2975 2143 3035 quam
2198 2959 2387 3019 otiosa
2438 2960 2696 3019 suavitas
2757 2960 2951 3019 omnis
3007 2962 3239 3034 generis
3303 2960 3493 3019 musi-

1958 3068 2185 3112 corum.

2424 3126 2708 3184 Artictdus
2741 3125 3020 3185 secundus.

2027 3242 2364 3301 Secundum
2408 3241 2782 3314 subnotavit,
2810 3242 3177 3315 subjiciens:
3208 3245 3496 3316 Eloquium

1958 3339 2139 3410 tuum3
2166 3336 2283 3395 hoc
2301 3339 2408 3407 est,
2435 3336 2694 3395 veritatis
2709 3336 3038 3413 eloquium,
3062 3336 3232 3413 quod
3255 3336 3497 3396 interius

1954 3431 2379 3507 praenuntiatur
2434 3430 2499 3489 in
2545 3429 2746 3489 animo
2764 3473 2784 3504 ,
2838 3430 3190 3506 priusquam
3243 3430 3496 3491 exterius

1953 3524 2368 3600 pronuntietur
2390 3524 2688 3599 proximo.
2723 3524 2824 3583 llic
2861 3529 3054 3599 potest
3079 3525 3299 3597 notari,
3329 3525 3496 3600 quod

1953 3617 2212 3677 veritatis
2256 3617 2563 3692 eloquium
2611 3620 2989 3692 comparatur
3030 3617 3193 3691 igni,
3232 3618 3388 3692 rori,
3438 3623 3498 3678 et

1953 3712 2118 3772 melli
2148 3730 2163 3770 z
2197 3711 2481 3787 quoniam
2508 3711 2838 3783 illuminat,
2868 3715 2924 3770 et
2949 3711 3297 3784 inflammat,
3319 3712 3493 3771 intel-

1953 3807 2251 3877 lectivam,
2296 3810 2354 3866 et
2398 3805 2731 3866 affectivam
2776 3806 3103 3882 potentiam
3117 3826 3136 3879 ;
3191 3805 3498 3880 refrigerat

1956 3901 2532 3978 concupiscentiam3
2598 3901 2868 3960 dulcorat
2922 3900 3359 3959 conscientiam.
3415 3904 3494 3960 De

1953 3997 2151 4071 primo
2183 3996 2206 4034 '¹
2246 4013 2262 4053 ε
2314 4015 2344 4050 α
2378 3996 2631 4070 ignitum
2680 3995 2987 4070 eloquium
3022 3999 3189 4053 tuum
3219 4013 3234 4051 :
3270 4013 3299 4048 ιι
3358 4010 3492 4052 ecce

1955 4090 2214 4149 veritatis
2258 4089 2568 4164 eloquium
2609 4088 2940 4163 igniforme.
2988 4090 3068 4147 De
3110 4088 3373 4147 secundo
3409 4088 3433 4124 ⁸
3476 4108 3491 4146 ε

1961 4203 1991 4238 α
2019 4184 2184 4242 Fluat
2206 4186 2271 4241 ut
2295 4199 2394 4242 ros
2421 4184 2723 4258 eloquium
2748 4198 2982 4241 meum:
3011 4201 3042 4238 ιι
3074 4197 3209 4242 ecce
3235 4181 3495 4241 veritatis

1957 4277 2265 4352 eloquium
2293 4277 2620 4336 roriforme.
2655 4279 2730 4333 De
2765 4277 2933 4334 tertio
2962 4277 2984 4311 ⁹
3015 4295 3029 4333 ε
3065 4296 3094 4331 α
3119 4275 3368 4351 Eloquia
3397 4278 3495 4334 tua

1956 4386 2135 4444 super
2172 4370 2293 4429 mel
2328 4371 2418 4430 ori
2459 4385 2635 4429 meo:
2664 4390 2696 4426 ιι
2727 4385 2862 4430 ecce
2895 4369 3153 4429 veritatis
3186 4368 3495 4443 eloquium

1956 4465 2330 4525 melliforme.

2464 4537 2740 4594 Aramaua
2771 4538 2982 4594 tertius.

2026 4654 2280 4711 Tertium
2335 4652 2677 4725 annotavit,
2734 4651 3019 4726 adjiciens
3054 4670 3070 4710 z
3114 4653 3260 4721 Quia
3312 4654 3497 4709 omnia

1955 4747 2215 4805 mandata
2257 4752 2356 4805 tua
2383 4765 2398 4804 :
2437 4747 2565 4806 hoec
2594 4749 2731 4805 sunt
2755 4746 3038 4806 mandata
3063 4745 3314 4821 pietatis.
3344 4745 3498 4804 Licet

1958 4844 2155 4900 autem
2206 4840 2484 4899 universa
2536 4839 2819 4899 mandata
2870 4839 3201 4915 nuncupari
3262 4838 3500 4897 valeant

1957 4934 2242 4994 mandata
2302 4933 2533 5008 pietatis
2589 4934 2818 4993 ratione
2872 4933 3118 5007 originis
3134 4975 3153 5005 ‚
3211 4931 3497 5007 quoniam

1959 5028 2366 5088 universaliter
2419 5028 2711 5102 originata
2753 5029 2890 5087 sunt
2942 5044 3015 5086 ex
3065 5025 3280 5102 pietate
3330 5041 3497 5085 man-

1958 5122 2191 5194 dantis3
2248 5123 2354 5182 illa
2407 5129 2604 5182 tamen
2656 5122 2951 5198 praecipue
3014 5120 3307 5180 censenda
3361 5126 3498 5180 sunt

1956 5219 2241 5280 mandata
2276 5218 2509 5293 pietatis
2547 5217 2774 5278 ratione
2803 5216 3057 5289 ordinis,
3097 5233 3231 5292 quae
3268 5216 3495 5292 specia-

1955 5349 2039 5471 ἓ.
2059 5345 2322 5471 -ῑέερωι,
2352 5346 2472 5408 hoc,
2503 5348 2611 5399 uo.
2640 5372 2694 5383 -
2718 5346 2742 5382 ⁸
2769 5346 2938 5412 nent„
2962 5355 3128 5410 mn,
3160 5347 3207 5395 2.
3230 5369 3291 5383 -
3318 5344 3339 5374 ·
3357 5342 3494 5399 Paul.

2026 5432 2076 5483 c,
2196 5452 2208 5465 .
