4196 6294
755 335 873 395 648

755 465 1083 532 troversiae
1099 514 1116 546 ,
1148 468 1211 529 et
1235 466 1330 529 est
1374 461 1635 528 assertio
1667 465 1839 526 certa
1876 465 1938 526 et
1964 462 2153 526 firma
2171 509 2189 541 ‚
2229 465 2294 526 et

756 572 934 638 nulla
973 571 1220 636 firmior
1263 573 1511 655 potest,
1554 573 1618 635 et
1654 568 1776 633 hoc
1811 568 1892 632 ad
1939 568 2290 633 faciendam

755 683 992 744 certam
1020 679 1237 743 fidem.
1285 677 1387 743 Sic
1415 677 1638 759 igitur,
1683 676 1939 759 quando
1965 694 2082 740 nos
2106 675 2289 740 volu-

755 805 901 852 mus
927 790 1165 851 certam
1186 788 1391 851 facere
1412 786 1606 851 fldem
1628 785 1930 864 audienti,
1954 786 2287 867 juramus:

756 895 844 959 sic
895 894 1061 960 Deus
1085 898 1325 960 nostrae
1362 893 1720 958 infirmitati
1747 891 2250 957 condescendens
2270 941 2287 972 ‚

749 1006 929 1086 jurat
953 1004 1211 1087 quidem
1235 1052 1254 1083 ‚
1284 1012 1357 1068 ut
1382 1006 1668 1067 nostram
1698 1002 1893 1066 fldem
1939 1000 2161 1065 reddat
2187 1017 2288 1064 so-
2322 1028 2327 1033 ·

757 1111 974 1176 lidam.
1006 1111 1188 1189 Quod
1209 1111 1505 1193 objicitur
1518 1128 1675 1192 ergo
1701 1132 1716 1174 :
1746 1132 1777 1171 α
1796 1109 1976 1187 Quod
1994 1108 2288 1190 amplius,

757 1237 798 1282 a
840 1218 1010 1283 malo
1053 1221 1177 1295 est;
1215 1241 1246 1278 n
1293 1217 1656 1301 exponitur,
1700 1217 1871 1300 quod
1915 1219 2011 1280 est
2048 1234 2088 1279 a
2124 1215 2292 1279 malo

759 1344 1002 1408 poenae,
1032 1345 1162 1392 non
1198 1327 1512 1410 jurantiS,
1546 1326 1656 1391 sed
1684 1327 1823 1408 ejus
1865 1326 1967 1389 cui
2008 1325 2082 1388 fit
2103 1326 2291 1405 jura-

758 1438 1049 1500 mentum
1067 1485 1083 1514 ,
1135 1435 1204 1501 id
1237 1440 1367 1514 est,
1412 1439 1669 1518 propter
1715 1433 2100 1498 dubietatem
2129 1433 2290 1513 eJus.

757 1543 955 1607 Aliter
982 1546 1199 1608 tamen
1230 1543 1564 1608 dicendum
1587 1591 1604 1619 ‚
1630 1542 1801 1625 quod
1827 1541 2136 1606 Dominus
2160 1556 2293 1602 non

758 1649 1048 1733 prohibet
1073 1650 1163 1713 ibi
1182 1652 1627 1732 juramentum
1673 1654 1981 1732 tanquam
2009 1646 2290 1722 malum;

758 1757 870 1820 sed
909 1758 1062 1840 quia
1102 1757 1392 1822 homines
1432 1760 1582 1822 sunt
1617 1757 1803 1839 proni
1840 1756 1918 1820 ad
1950 1755 2289 1820 dicendum

756 1864 989 1929 falsum
1011 1915 1028 1947 ,
1073 1865 1368 1949 prohibet
1416 1865 1798 1949 pronitatem
1840 1864 1915 1928 ad
1937 1863 2293 1946 =iurandum

757 1972 1016 2053 passim,
1037 1992 1120 2038 ne
1140 1973 1482 2056 aliquando
1511 1972 1703 2037 simul
1728 1971 2010 2036 incidant
2029 1971 2097 2034 in
2122 1989 2295 2035 men-

758 2078 1010 2144 dacium
1035 2084 1098 2145 et
1111 2082 1555 2162 juramentum
1580 2080 1651 2144 in
1680 2080 1788 2144 Dei
1815 2080 2285 2160 contemptum:

757 2192 821 2250 et
845 2186 998 2269 quia
1027 2186 1193 2251 Deus
1221 2186 1478 2251 mentiri
1505 2205 1638 2251 non
1669 2189 1904 2269 potest,
1946 2204 2078 2250 non
2106 2185 2294 2250 habet

757 2296 897 2359 haec
939 2296 1102 2359 ratio
1150 2296 1361 2360 looum
1416 2295 1487 2358 in
1531 2293 1678 2359 Deo.
1729 2295 1910 2372 Quod
1953 2294 2290 2376 objicitur,

757 2404 926 2486 quod
973 2420 1105 2468 non
1144 2406 1349 2485 potest
1392 2402 1683 2481 mentiri,
1725 2402 1866 2466 dico
1889 2450 1909 2481 ,
1957 2402 2129 2484 quod
2178 2403 2293 2466 etsi

749 2514 1193 2593 jnramentum
1222 2510 1409 2574 addat
1448 2528 1642 2592 super
1682 2510 2094 2575 assertionem
2139 2510 2290 2573 sim-

756 2616 986 2702 plicem
1007 2667 1026 2698 ‚
1070 2618 1423 2683 secundum
1457 2636 1596 2681 rem
1646 2616 1854 2697 addit,
1904 2635 2033 2681 non
2077 2621 2294 2682 tamen

758 2726 1108 2790 secundum
1131 2729 1412 2789 nostram
1434 2724 2067 2808 approximationem,
2090 2729 2164 2789 ut
2180 2726 2290 2787 fir-

761 2834 925 2898 mior
938 2832 1122 2897 nobis
1148 2831 1231 2896 sit
1254 2832 1432 2912 fldeS‚
1454 2835 1517 2897 et
1537 2833 1890 2897 ostenditur
1904 2832 1984 2896 ad
1992 2851 2111 2897 nos
2130 2833 2296 2896 mira

759 2940 1065 3022 dignatio,
1107 2938 1285 3016 Quod
1340 2939 1666 3022 objicitur,
1707 2940 1878 3022 quod
1922 2958 2050 3003 non
2091 2943 2295 3022 potest

760 3047 960 3111 alium
991 3046 1339 3124 adducere;
1379 3046 1517 3110 dico
1554 3045 1725 3128 quod
1751 3095 1768 3124 ,
1812 3046 1971 3110 sicut
2012 3047 2147 3129 ipse
2173 3048 2294 3113 sibi

759 3155 940 3219 testis
967 3157 1063 3220 est
1082 3203 1103 3235 ,
1137 3155 1291 3238 quia
1317 3173 1434 3219 sua
1460 3154 1727 3234 veritas,
1758 3155 1846 3218 ita
1870 3155 2007 3238 ipse
2049 3175 2164 3239 per
2191 3175 2289 3220 se-

759 3264 1103 3345 metipsum
1137 3263 1354 3342 jurat;
1406 3265 1469 3325 et
1513 3266 1608 3325 est
1653 3262 1968 3344 optimum
2007 3263 2295 3328 testimo-

758 3369 942 3433 nium
960 3416 978 3447 ‚
1004 3368 1157 3452 quia
1180 3369 1296 3432 lux
1321 3385 1388 3432 se
1409 3370 1476 3432 et
1499 3368 1624 3432 alia
1650 3370 2029 3434 manifestat.
2061 3370 2148 3435 De
2176 3372 2296 3436 hoc

761 3476 956 3541 etiam
984 3479 1081 3540 est
1109 3475 1445 3555 dubitatio,
1476 3478 1628 3559 quia
1654 3478 1841 3543 dicit:
1878 3479 2000 3553 Qui
2016 3481 2295 3548 custodit

756 3588 1168 3666 praeceptum,
1197 3599 1327 3649 non
1354 3586 1714 3665 experietur
1731 3584 2084 3668 quidquam
2111 3587 2289 3655 mali.

761 3685 988 3751 Contra
1019 3708 1036 3749 ι
1069 3685 1236 3751 infra
1264 3689 1349 3766 (v.
1384 3687 1478 3768 14)
1510 3686 1697 3751 dicit:
1730 3689 1902 3755 Sunt
1918 3688 2121 3771 justi,
2151 3695 2299 3773 qui-

763 3793 877 3859 bus
911 3792 1085 3859 mala
1121 3794 1511 3876 proveniunt
1532 3841 1550 3871 ‚
1595 3797 1788 3876 quasi
1827 3811 2015 3878 opera
2053 3804 2300 3883 eqeriut

763 3900 1132 3982 impiorum.
1175 3899 1543 3982 Respondeo
1577 3923 1591 3966 :
1627 3905 1722 3966 est
1746 3904 2022 3985 experiri
2054 3907 2297 3972 malum

764 4007 937 4089 quod
962 4009 1328 4090 permanet,
1362 4011 1425 4071 et
1449 4008 1691 4072 malum
1714 4001 1884 4092 quod
1911 4015 2138 4077 transit
2167 4034 2183 4078 ε
2214 4016 2301 4080 lo-

764 4114 986 4197 quitur
1009 4115 1087 4179 de
1105 4114 1495 4198 experientia
1521 4115 1671 4179 mali
1693 4115 1825 4197 hic,
1857 4119 2029 4200 quod
2049 4138 2301 4206 semper

766 4225 1020 4299 manet,
1048 4240 1179 4287 non
1207 4224 1349 4304 eJus
1374 4223 1547 4304 quod
1572 4224 1819 4287 transit.

848 4330 1127 4408 Quaestio
1154 4330 1347 4393 etiam
1373 4334 1469 4394 est
1492 4330 1570 4394 de
1590 4331 1739 4407 hoc,
1772 4333 1945 4414 quod
1962 4335 2155 4400 dicit:
2181 4339 2306 4412 Qui

768 4436 1050 4506 custodit
1073 4442 1489 4520 proeceptum,
1538 4456 1686 4502 cum
1729 4441 1933 4505 multa
1973 4444 2102 4507 sint
2138 4465 2301 4529 prae-

769 4549 951 4628 cepta
985 4544 1392 4610 custodienda
1411 4592 1432 4624 ,
1475 4562 1672 4626 quare
1717 4546 1868 4611 dicit
1914 4558 2306 4636 praeceptum

770 4651 1206 4734 singulariter.
1243 4649 1555 4717 Praeterea
1589 4653 1881 4734 possibile
1916 4662 2011 4721 est
2061 4658 2309 4743 aliquos

770 4777 1025 4826 servare
1052 4763 1370 4842 praecepta
1395 4759 1611 4824 divina
1650 4760 1913 4842 timore,
1962 4764 2128 4830 sicut
2172 4787 2302 4833 ser-

770 4867 1007 4932 vabant
1027 4866 1232 4932 Judaei
1252 4886 1269 4947 3
1290 4869 1356 4931 et
1380 4869 1596 4931 tamen
1623 4868 1779 4933 tales
1795 4888 1929 4935 non
1954 4874 2303 4942 salvantur.

770 4973 1139 5058 Respondeo
1194 4974 1534 5040 dicendum
1557 5024 1578 5054 ‚
1622 4977 1794 5059 quod
1832 4980 1946 5043 etsi
1992 4992 2307 5069 praecepta

769 5082 975 5146 multa
1008 5086 1160 5147 sunt
1197 5100 1310 5165 per
1346 5082 1776 5149 diversitatem
1811 5089 2049 5168 operis,
2090 5095 2305 5158 tamen

770 5190 1081 5254 unitatem
1123 5189 1360 5253 habent
1382 5239 1398 5268 ,
1459 5193 1522 5253 et
1577 5190 1646 5253 in
1700 5197 2169 5275 comparatione
2224 5201 2305 5266 ad

772 5295 1172 5366 mandantem
1194 5345 1214 5382 ,
1252 5301 1316 5360 et
1354 5297 1423 5364 in
1456 5301 1927 5381 comparatione
1966 5305 2045 5368 ad
2092 5306 2304 5376 obser-

1759 323 2173 391 EXPOSlTIO
2218 325 2295 391 IN
2337 325 2929 393 ECCLESIASTEN.

2398 464 2656 528 vantem
2674 511 2692 541 ‚
2741 464 2805 525 et
2845 462 2913 525 in
2958 462 3426 544 comparatione
3470 462 3557 527 ad
3595 463 3800 528 finem.
3825 466 3904 532 Ad

2402 570 2839 649 mandantem,
2871 569 3026 652 quia
3066 588 3239 633 unus
3275 572 3398 647 est,
3447 570 3566 652 qui
3610 572 3899 654 praecipit:

2399 681 2462 742 et
2488 677 2626 741 ideo
2652 678 2765 759 qui
2790 677 3258 759 transgreditur
3284 695 3496 740 unum
3525 678 3869 744 mandalum
3885 729 3900 759 ,

2398 802 2536 848 non
2571 790 2779 867 potest
2821 804 2960 850 esse
3021 785 3327 850 obediens
3364 784 3703 849 mandanti
3732 810 3747 850 ε
3785 789 3905 869 quia

2398 911 2570 957 unus
2588 897 2702 972 est,
2716 893 2827 975 qui
2848 893 3123 983 mandat.
3149 893 3220 957 In
3238 894 3714 976 comparatione
3726 894 3800 959 ad
3814 896 3903 960 ob-

2400 1003 2762 1064 servantem
2791 1003 2888 1065 est
2913 988 3164 1080 ufiitaS,
3195 1002 3346 1084 quia
3379 1020 3520 1066 uno
3547 1001 3839 1084 principio
3858 1007 3905 1066 et
4009 1049 4017 1063 .

2398 1107 2731 1188 regulante
2775 1110 2994 1173 omnia
3040 1110 3369 1187 observat,
3414 1110 3586 1174 sicut
3614 1109 3902 1187 charitate,

2399 1232 2547 1296 quae
2571 1217 2788 1279 omnia
2814 1216 3033 1280 vincit.
3066 1215 3236 1282 Unde
3284 1217 3451 1281 sicut
3484 1216 3755 1281 charitas
3774 1263 3791 1295 ,
3815 1222 3904 1279 aut

2400 1339 2622 1386 omnes
2647 1324 2896 1405 diligit,
2926 1328 3040 1388 aut
3064 1325 3318 1389 nullum
3340 1348 3356 1404 ;
3388 1325 3485 1388 sic
3510 1325 3725 1388 omnia
3750 1342 3906 1387 man-

2401 1429 2548 1494 data
2570 1431 2893 1509 observat,
2923 1436 3035 1497 aut
3060 1432 3336 1496 nullum.
3369 1431 3445 1495 In
3473 1431 3906 1514 comparatione

2401 1538 2481 1602 ad
2521 1540 2720 1602 finem
2746 1544 2840 1603 est
2865 1541 3077 1604 unitas
3098 1588 3114 1617 ,
3160 1540 3310 1623 quia
3337 1539 3690 1623 praemium
3734 1556 3905 1603 unum

2402 1645 2686 1724 debetur,
2716 1652 2780 1711 et
2802 1664 2918 1730 pro
2948 1666 3079 1712 uno
3109 1648 3377 1729 praemio
3404 1652 3565 1712 sunt
3600 1646 3903 1710 observan-

2401 1754 2501 1818 da.
2536 1753 2699 1830 Quia
2736 1772 2897 1836 ergo
2949 1755 3068 1818 ista
3104 1755 3334 1838 triplex
3363 1755 3691 1820 concurrit
3731 1754 3906 1817 unitas

2398 1861 2469 1924 in
2515 1861 2725 1925 debita
2775 1862 3173 1926 observantia
3233 1862 3687 1927 mandatorum
3718 1909 3735 1938 ,
3792 1860 3903 1924 ideo

2402 1972 2568 2033 recte
2595 1970 2744 2033 dicit
2775 1993 2791 2034 ε
2827 1969 2960 2052 Qui
2983 1970 3265 2038 custodit
3285 1974 3713 2053 praeceptum,
3739 1973 3841 2031 etc.

2481 2081 2543 2141 9.
2574 2077 2723 2142 Hoec
2746 2080 2964 2146 omnia
2987 2077 3421 2154 consideravi,
3440 2082 3567 2142 etc.
3594 2077 3734 2158 Egit
3746 2092 3902 2157 supra

2403 2183 2481 2247 de
2525 2185 2807 2249 vanitate
2847 2186 3214 2268 pronitatis;
3245 2185 3351 2249 hic
3384 2185 3535 2266 agit
3561 2186 3640 2249 de
3668 2184 3904 2248 vanitate

2404 2291 2755 2356 securitatis
2787 2312 2803 2356 :
2833 2298 2896 2357 et
2921 2293 3226 2375 quoniam
3250 2294 3390 2357 haec
3416 2294 3673 2359 vanitas
3695 2291 3900 2374 pericu·

2402 2400 2537 2465 losa
2563 2405 2697 2479 est,
2731 2400 2883 2483 quia
2909 2401 3173 2484 impellit
3198 2401 3540 2465 hominem
3560 2400 3643 2464 ad
3668 2398 3898 2480 culpam,

2403 2512 2539 2579 sive
2586 2507 2811 2594 ipsum'
2837 2512 3184 2596 impulsum
3231 2512 3508 2591 detinet;
3554 2512 3695 2576 ideo
3733 2509 3899 2592 primo

2403 2620 2659 2703 ponitur
2715 2620 2964 2684 vanitas
2999 2668 3018 2698 ‚
3080 2619 3354 2684 secundo
3398 2619 3703 2685 vanitatis
3732 2632 3897 2680 reme-

2405 2730 2605 2809 dium,
2636 2730 2726 2792 ibi
2754 2732 2773 2766 ¹
2808 2730 2968 2804 :Qui
2998 2729 3163 2810 fodit
3181 2731 3455 2810 foveam,
3476 2733 3599 2794 etc.
3629 2726 3901 2793 Securitas

2404 2836 2610 2901 oritur
2636 2836 3012 2919 dupliciter:
3038 2838 3247 2920 primo
3270 2836 3510 2901 scilicet
3537 2854 3618 2901 ex
3644 2850 3901 2918 apparen-

2404 2944 2493 3008 tia
2520 2946 2798 3009 defectus
2826 2945 3260 3009 retributionis
3284 2947 3522 3026 justae3
3556 2942 3815 3007 secundo
3837 2957 3899 3003 ex

2404 3052 2771 3134 apparentia
2798 3051 3072 3115 defectus
3097 3050 3435 3137 regiminis
3475 3048 3893 3133 providentiae:

2405 3163 2469 3224 et
2494 3160 2612 3224 hoc
2641 3159 2992 3224 secundum
3018 3160 3307 3240 tangitur
3329 3159 3420 3222 ibi
3449 3162 3473 3195 ²
3505 3159 3711 3225 :Verti
3734 3173 3814 3222 me
3834 3152 3901 3220 ad

2406 3266 2628 3346 aliud,
2671 3273 2731 3334 ei
2760 3265 2926 3344 vidi,
2957 3269 3075 3332 etc.
3109 3265 3461 3330 Retributio
3498 3270 3713 3331 autem
3744 3261 3897 3347 justi-

2406 3374 2513 3437 tiae
2539 3379 2797 3456 apparet
2822 3374 3088 3437 deficere
3115 3376 3371 3455 propter
3412 3363 3730 3437 malorum
3754 3366 3900 3434 exal-

2405 3482 2749 3558 tationem;
2786 3482 3043 3562 propter
3084 3478 3401 3542 bonorum
3433 3478 3897 3563 depressionem;

2406 3592 2661 3670 propter
2703 3592 3122 3668 utrorumque
3168 3586 3708 3651 indistinctionem
3738 3603 3752 3648 :
3781 3585 3901 3646 sunt

2407 3695 2611 3777 igitur
2662 3695 2765 3757 hic
2807 3697 2936 3757 tres
2979 3696 3208 3774 parteS.
3275 3692 3498 3758 Primo
3552 3690 3868 3757 ostenditur
3885 3732 3900 3762 ,

2408 3804 2727 3886 quomodo
2755 3800 3109 3866 securitatis
3152 3801 3400 3865 vanitas
3445 3802 3654 3866 oritur
3679 3817 3753 3863 ex
3790 3811 3902 3877 pro-

2410 3912 2689 3975 motione
2736 3908 3087 3985 malorum;
3137 3907 3412 3974 secundo
3433 3955 3452 3984 ,
3498 3904 3800 3990 quomodo
3840 3916 3904 3963 ex

2409 4017 2810 4101 depressione
2830 4015 3170 4093 bonorum,
3190 4013 3279 4076 ibi
3308 4015 3393 4094 (v.
3425 4012 3525 4092 11⁶)
3555 4014 3703 4078 :Est
3728 4007 3903 4076 atalia

2411 4128 2668 4192 vanitas
2693 4140 2883 4206 super
2914 4126 3171 4199 terram,
3197 4125 3345 4200 etc.;
3378 4121 3564 4186 tertio
3584 4170 3602 4200 ‚
3631 4114 3904 4203 quomodo

2411 4232 2619 4297 oritur
2644 4249 2726 4295 ex
2757 4227 3227 4294 indistinctione
3254 4227 3524 4290 istorum
3560 4231 3622 4291 et
3646 4224 3899 4296 illorum,

2411 4341 2500 4404 ihi
2533 4342 2616 4423 (v.
2649 4339 2743 4421 16)
2768 4359 2784 4402 ε
2813 4339 2894 4405 Et
2921 4337 3196 4419 apposui
3217 4351 3323 4402 cor
3347 4352 3589 4414 mum,
3622 4341 3694 4402 ut
3719 4332 3905 4398 scirem

2413 4448 2818 4530 sapientiam,
2858 4449 2973 4507 etc.
3014 4443 3207 4508 Ortus
3237 4443 3441 4524 igitur
3477 4440 3813 4520 securitatis
3839 4450 3903 4498 ex

2414 4556 2727 4619 malorum
2755 4551 3133 4617 exaltatione
3154 4550 3278 4614 hoc
3303 4551 3526 4615 ordine
3543 4546 3896 4615 describitur.

2414 4661 2628 4727 Primo
2653 4661 3018 4724 insinuatur
3059 4657 3375 4722 malorum
3412 4656 3789 4730 sublimitas3
3819 4666 3897 4712 se·

2415 4770 2621 4834 cundo
2651 4786 2807 4834 vero
2825 4816 2842 4847 ‚
2874 4765 3193 4850 quomodo
3226 4783 3310 4829 ex
3342 4764 3466 4830 hoc
3495 4765 3693 4828 oritur
3723 4754 3898 4839 impiis

2414 4876 2766 4942 securitatis
2791 4876 3071 4952 vanitas;
3105 4874 3288 4938 tertio
3311 4921 3329 4951 ,
3358 4873 3672 4957 quomodo
3697 4887 3770 4935 ex
3800 4867 3897 4929 hoe

2413 4987 2658 5051 elicitur
2683 4985 2999 5048 bonorum
3027 4982 3283 5046 utilitas.
3314 4980 3528 5046 Primo
3552 4980 3740 5063 igitur
3764 4970 3889 5037 insi-

2412 5098 2650 5158 nuatur
2678 5090 2996 5155 malorum
3024 5088 3415 5169 sublimitas,
3450 5106 3641 5173 quam
3663 5077 3898 5148 conside·

2413 5203 2579 5266 ravit
2605 5201 3005 5267 Ecclesiastes
3034 5217 3153 5263 sua
3177 5197 3466 5280 diligenti
3491 5188 3889 5263 consideratio·

2480 5328 2671 5390 ¹lnfra,
2701 5341 2754 5401 x,
2786 5331 2834 5380 8.
2857 5353 2917 5366 —
2942 5328 2962 5359 ²
2989 5326 3145 5392 lutra,
3172 5336 3246 5390 rx,
3283 5328 3362 5378 11.
