4196 6294
872 416 992 480 642

873 549 1192 616 Praeterea
1202 548 1652 638 nimissapiens
1662 539 1854 623 nemo
1864 562 1959 623 est
1972 578 1990 624 ε
2005 575 2167 640 ergo
2181 572 2414 639 neopo-

870 660 991 720 test
1009 674 1145 722 esse
1164 677 1359 741 :ergo
1377 678 1567 726 nemo
1581 667 1786 745 potest
1797 665 1942 749 plus
1955 684 2196 750 sapere,
2212 682 2411 748 quam

869 782 1126 830 necesse
1168 770 1285 831 est.
1321 765 1446 832 Sed
1473 774 1692 835 contra
1720 794 1736 835 ε
1768 770 1987 837 Virtus
2023 767 2305 837 consistit
2342 770 2410 834 in

866 872 1233 955 medietate,
1267 878 1332 939 et
1359 879 1789 961 corrumpitur
1814 898 1930 962 per
1965 880 2365 962 superfluum
2387 928 2403 959 ,

866 978 1027 1043 sicut
1060 998 1177 1064 per
1220 982 1713 1050 diminutionem
1744 1008 1758 1050 ε
1791 1005 1953 1069 ergo
2001 988 2164 1052 sicut
2203 989 2407 1069 potest

863 1103 999 1152 esse
1012 1094 1342 1170 peccatum
1368 1091 1434 1154 in
1455 1093 1833 1160 remittendo
1857 1095 2071 1173 11111115,
2101 1095 2189 1158 ita
2214 1094 2281 1157 in
2300 1093 2408 1157 ni-

863 1197 987 1261 mis
1000 1200 1344 1283 puniendo.
1380 1200 1748 1286 Respondeo
1778 1204 2117 1270 dicendum
2148 1204 2228 1268 ad
2255 1204 2399 1282 hoc,

859 1305 1031 1386 quod
1054 1308 1266 1388 justus
1290 1326 1425 1372 uno
1467 1310 1656 1373 modo
1704 1315 1798 1375 est
1839 1311 2048 1392 idem,
2078 1312 2249 1394 quod
2276 1312 2402 1375 ha-

858 1411 1017 1476 bens
1058 1412 1250 1478 talem
1292 1416 1596 1481 virtutem
1615 1466 1631 1496 ,
1663 1421 1728 1482 et
1774 1418 1863 1483 sic
1897 1420 2245 1484 attenditur
2280 1439 2401 1483 ex-

857 1539 1069 1586 cessus
1096 1522 1368 1605 justitiae
1412 1542 1524 1606 per
1562 1544 1887 1591 accessum
1939 1528 2018 1591 ad
2060 1527 2347 1592 medium
2377 1551 2392 1590 :

854 1633 918 1692 et
942 1628 1031 1692 ita
1056 1648 1190 1694 non
1217 1634 1421 1713 potest
1459 1651 1596 1697 esse
1639 1633 1729 1697 ihi
1766 1635 2175 1717 superfluitas
2195 1684 2213 1716 ,
2243 1636 2398 1718 quia

853 1754 1044 1802 nemo
1062 1742 1268 1820 potest
1294 1757 1432 1805 esse
1462 1741 1657 1805 nimis
1681 1741 2031 1823 virtuosuS,
2056 1761 2174 1806 nec
2201 1743 2397 1807 nimis

852 1846 1146 1912 accedere
1190 1848 1268 1913 ad
1306 1849 1612 1914 medium.
1662 1850 1804 1916 Alio
1833 1852 2025 1916 modo
2046 1854 2261 1934 justus
2305 1852 2397 1917 di-

851 1954 1039 2035 citur,
1069 1959 1418 2023 secundnm
1452 1961 1623 2043 quod
1653 1961 1945 2026 nominat
1976 1967 2192 2026 actum
2220 1962 2393 2027 illius

849 2062 1136 2146 virtutis,
1168 2068 1278 2150 qui
1310 2070 1406 2133 est
1429 2069 1683 2152 punire,
1719 2074 1782 2134 et
1811 2070 1901 2135 sic
1927 2089 2226 2135 excessus
2250 2074 2392 2154 ejus

847 2187 979 2235 non
1016 2175 1362 2240 attenditur
1403 2195 1518 2259 per
1563 2195 1886 2242 accessum
1935 2178 2016 2243 ad
2058 2179 2342 2243 medium
2363 2229 2384 2259 ,

845 2279 977 2344 imo
1021 2282 1102 2346 ad
1147 2285 1547 2367 superfluum
1590 2308 1606 2350 ι
1653 2305 1826 2351 1111115
1887 2286 2121 2351 dicitur
2174 2289 2389 2369 magis

837 2389 1054 2470 justus
1073 2440 1091 2469 ,
1121 2392 1236 2474 qui
1264 2393 1477 2475 magis
1502 2394 1720 2477 punit,
1751 2398 1815 2458 et
1843 2396 2124 2459 maxime
2153 2397 2383 2479 punire

842 2515 974 2561 non
993 2502 1089 2562 est
1114 2501 1359 2565 bonum
1390 2524 1407 2567 ε
1438 2506 1501 2566 et
1526 2503 1617 2566 sic
1646 2504 2029 2581 intelligitur
2049 2506 2118 2568 in
2141 2504 2378 2570 littera.

841 2604 1021 2681 Quod
1045 2608 1344 2691 ohJicitur
1370 2611 1648 2675 secundo
1666 2659 1685 2691 ,
1715 2611 1886 2694 quod
1918 2611 2227 2696 quidquid
2256 2614 2383 2680 Deo

835 2717 1162 2797 convenit,
1194 2737 1447 2783 summe
1487 2718 1718 2783 dicitur
1738 2768 1755 2799 ,
1778 2738 2007 2784 verum
2050 2725 2147 2784 est
2185 2722 2264 2785 de
2306 2742 2381 2787 eo

835 2826 1005 2908 quod
1029 2825 1315 2890 absolute
1351 2827 1584 2891 dicitur
1608 2876 1624 2905 ,
1658 2830 1720 2891 et
1750 2828 1920 2909 quod
1947 2829 2237 2892 nominat
2263 2847 2379 2911 per

836 2935 1101 2999 modum
1129 2935 1408 3013 habituS‚
1438 2934 1789 3000 secundum
1819 2937 1988 3017 quod
2019 2936 2173 3001 dicit
2196 2938 2378 3001 effec-

832 3046 973 3106 tum
998 3044 1068 3106 in
1101 3063 1234 3109 non
1263 3062 1536 3124 summe,
1569 3044 1734 3108 sicut
1761 3043 1929 3107 Deus
1956 3061 2089 3107 non
2119 3063 2375 3109 summe

832 3152 1055 3235 punit,
1104 3172 1224 3217 nec
1273 3170 1524 3218 summe
1570 3153 1850 3236 perficit;
1898 3153 2008 3216 sed
2059 3159 2373 3235 quatenus

831 3260 1147 3325 convenit.
1179 3261 1359 3338 Quod
1395 3261 1709 3344 qnaeritur
1747 3261 1826 3324 de
1874 3261 2185 3343 sapientia
2210 3311 2226 3342 ,
2272 3263 2369 3327 di-

830 3368 1103 3452 cendum
1130 3369 1302 3452 quod
1329 3369 1587 3433 habitus
1614 3369 1940 3451 sapientiae
1971 3370 2152 3433 nullo
2179 3370 2370 3435 modo

829 3478 1033 3558 potest
1058 3494 1196 3540 esse
1225 3476 1465 3540 nimius
1484 3526 1502 3556 ‚
1533 3476 1643 3541 sed
1674 3477 1743 3539 in
1779 3480 1944 3540 actu.
1978 3475 2363 3556 Notandum,

829 3583 1000 3664 quod
1027 3586 1123 3648 est
1161 3582 1396 3665 triplex
1417 3631 1435 3661 ,
1468 3601 1849 3665 cognoscere
1877 3632 1893 3664 ,
1944 3588 2248 3665 gustare,
2303 3589 2367 3650 et

827 3690 1134 3754 scrutari:
1160 3695 1422 3772 gustare
1450 3694 1513 3755 et
1538 3708 1919 3772 cognoscere
1941 3710 2134 3757 nemo
2162 3697 2367 3775 potest

825 3798 1039 3877 nimie,
1070 3798 1179 3863 sed
1209 3798 1588 3881 perscrutari
1612 3797 1773 3862 bene
1801 3803 2004 3881 potest
2026 3800 2257 3879 nimis3
2302 3803 2366 3865 e't

824 3907 987 3971 ratio
1014 3907 1213 3990 hujus
1238 3911 1365 3986 est,
1397 3907 1549 3988 quia
1574 3908 1991 3988 perscrutatio
2020 3907 2222 3973 nimia
2251 3909 2361 3973 de-

823 4015 998 4080 ducit
1013 4015 1094 4079 ad
1119 4015 1567 4097 insipientiam.
1593 4014 1716 4079 Sed
1739 4015 1990 4079 dilectio
2007 4034 2138 4080 non
2158 4021 2363 4100 potest

822 4139 958 4186 esse
984 4121 1184 4186 nimia
1215 4122 1283 4186 in
1314 4121 1472 4200 Deo,
1505 4121 1657 4205 quia
1684 4140 1937 4186 summe
1967 4121 2354 4203 diligendus

900 4229 1221 4306 Quaeritur
1247 4229 1325 4294 de
1353 4229 1494 4309 hoc,
1525 4229 1697 4312 quod
1727 4229 1959 4293 dicitur
1988 4251 2003 4292 ε
2047 4230 2202 4299 Noli
2225 4247 2358 4298 esse

817 4338 1089 4417 stultae,
1135 4353 1212 4402 ne
1259 4338 1562 4403 moriaris
1595 4338 1672 4402 in
1726 4342 1992 4419 tempore
2041 4354 2173 4404 non
2220 4345 2353 4405 tuo.

817 4448 1081 4526 Contra,
1130 4446 1362 4511 dicitur
1408 4446 1426 4479 ¹
1479 4468 1494 4509 :
1547 4468 1578 4507 α
1612 4444 2002 4510 constituisti
2048 4448 2356 4512 terminos

815 4555 981 4637 ejuS‚
1011 4552 1122 4635 qui
1142 4552 1457 4636 praeteriri
1486 4570 1618 4616 non
1642 4555 1939 4634 poterunt
1970 4574 1985 4616 z
2015 4573 2046 4612 1>
2073 4571 2235 4633 ergo
2253 4553 2352 4620 vi-

816 4662 1019 4740 detur,
1053 4661 1222 4745 quod
1249 4665 1508 4744 propter
1532 4661 1882 4725 bonitatem
1921 4679 2052 4725 non
2083 4666 2354 4743 possunt

814 4769 1044 4850 augeri
1075 4791 1090 4833 ε
1126 4786 1288 4851 ergo
1316 4787 1437 4833 nec
1475 4773 1732 4852 propter
1759 4767 2069 4832 malitiam
2116 4769 2346 4835 minui.

813 4876 880 4941 Si
907 4877 1029 4941 hoc
1050 4895 1280 4942 verum
1309 4881 1424 4956 est,
1447 4878 1768 4959 quomodo
1792 4876 1980 4955 Deus,
2004 4875 2353 4957 permittit’

811 5002 1013 5049 annos
1038 4984 1268 5067 longos
1295 4985 1367 5048 in
1393 4983 1760 5067 Scriptura?
1782 4984 1938 5049 Item
1958 4985 2033 5049 de
2055 4983 2344 5066 Ezechia,

807 5092 1127 5173 quomodo
1152 5091 1318 5157 Deus
1342 5094 1522 5158 auxit
1549 5094 1668 5157 sibi
1695 5111 1898 5158 annos
1926 5093 2342 5175 quindecim?

808 5196 964 5262 Item
991 5198 1355 5281 abbreviat,
1385 5205 1459 5265 ut
1495 5202 1724 5267 dicitur
1753 5206 1776 5241 ⁸
1808 5224 1823 5266 ε
1866 5224 1898 5263 α
1924 5199 2059 5265 Viri
2086 5199 2347 5282 sangui-

869 5359 887 5394 ¹
915 5359 1027 5418 Iob,
1063 5373 1169 5425 xw,
1199 5365 1313 5412 5.-
1339 5363 1361 5395 ¹
1391 5363 1453 5413 lv
1492 5362 1629 5427 neq..
1649 5375 1744 5426 xx,
1772 5366 1886 5412 6.-
1909 5361 1932 5396 ⁸
1963 5360 2102 5412 Psal.
2128 5373 2231 5425 mv,
2261 5363 2341 5411 28.

804 5453 858 5465 —
887 5431 949 5480 ⁴1
980 5433 1144 5493 loun„
1171 5445 1211 5498 1,
1238 5437 1283 5485 8.
1314 5459 1376 5471 —
1404 5435 1421 5464 ⁸
1448 5433 1556 5497 lob,
1586 5446 1715 5497 xvll,
1745 5438 1795 5484 2.

1885 418 2294 488 EXPOSITIO
2336 415 2417 483 IN
2458 412 3059 484 EGCLESIASTEN.

2520 571 2701 632 num,
2734 556 2798 616 et
2826 553 3023 619 dolosi
3049 571 3181 618 non
3202 554 3604 622 dimidiabunt
3623 557 3736 624 dies
3759 576 3889 626 suos.
3911 583 3932 623 1

2519 659 2891 743 Respondeo
2913 660 3279 743 dicendum,
3301 663 3469 747 quod
3492 664 3640 728 mori
3656 665 3714 729 in
3727 670 3935 751 tempore

2517 787 2634 833 suo
2680 772 2773 832 est
2814 767 3148 851 tripliciter
3193 792 3208 832 :
3250 789 3382 834 uno
3428 770 3599 835 modo
3636 771 3699 835 in
3729 776 3937 855 tempore

2515 894 2653 941 suae
2693 875 2947 954 salutiS,
2977 875 3058 940 ad
3094 895 3291 958 quam
3333 881 3733 960 unusquisque
3755 882 3933 944 ordina·

2515 987 2620 1047 tus
2662 988 2757 1048 est
2784 1003 2803 1049 :
2835 984 2927 1048 sic
2964 985 3329 1049 moriuntur
3356 1004 3566 1052 omnes
3594 988 3731 1051 honi
3758 987 3812 1050 in
3832 992 3938 1052 tcm-

2510 1109 2665 1173 pore
2685 1110 2832 1170 su03
2856 1095 2920 1156 et
2945 1092 3105 1157 nulli
3123 1092 3297 1171 mali,
3318 1094 3465 1176 quia
3479 1112 3768 1176 nunquam
3779 1094 3935 1158 adhoc

2510 1199 2921 1281 perveniunt,
2954 1199 3032 1264 de
3057 1200 3331 1265 finaliter
3353 1202 3531 1266 malis
3557 1201 3702 1266 dico,
3726 1200 3938 1265 Secundo

2508 1308 2733 1387 modo,
2774 1308 2938 1372 mori
2973 1308 3040 1371 in
3069 1312 3356 1391 tempore
3397 1328 3541 1389 suc,
3577 1309 3776 1374 scilicet
3796 1311 3937 1372 morie

2505 1416 2819 1494 naturali,
2860 1433 3007 1498 quae
3048 1417 3305 1499 quidem
3340 1422 3435 1481 est
3459 1435 3570 1500 per
3605 1416 3939 1498 consumptio-

2505 1544 2655 1589 nem
2683 1526 2938 1590 humidi
2984 1525 3298 1606 radicaliS,
3345 1530 3410 1591 et
3452 1528 3539 1591 sic
3570 1526 3871 1590 moriuntur
3894 1524 3941 1587 in

2502 1636 2787 1715 tempore
2815 1651 2932 1698 suo
2966 1651 3149 1698 senes
3175 1635 3580 1719 etdecrepiti.
3611 1634 3790 1699 Tertio
3812 1631 3943 1696 modo

2502 1740 2668 1804 mori
2698 1740 2767 1803 in
2790 1744 3079 1823 tempore
3107 1759 3225 1805 suo
3243 1788 3259 1820 ,
3308 1746 3403 1806 est
3445 1742 3564 1805 sibi
3588 1761 3625 1806 a
3655 1741 3766 1805 Deo
3791 1738 3946 1822 praefi·

2499 1852 2669 1928 nito,
2692 1852 3044 1915 secundum
3070 1851 3538 1934 praescientiam
3563 1851 3825 1927 divinam,
3842 1866 3943 1930 quae

2498 1977 2835 2041 nunquam
2895 1959 3152 2024 fallitur.
3217 1960 3392 2026 Istud
3446 1979 3629 2025 nemo
3676 1956 3942 2042 praevenit,

2496 2084 2688 2130 nemo
2716 2068 3077 2149 pertransit.
3112 2068 3329 2133 Primo
3355 2069 3547 2135 modo
3577 2067 3714 2131 mali
3739 2064 3945 2129 moriun-

2496 2179 2604 2239 tur
2630 2174 2699 2238 in
2736 2178 3018 2259 tempore
3046 2195 3178 2240 non
3216 2195 3375 2256 suo;
3407 2175 3678 2242 secundo
3704 2172 3884 2249 mod0‚
3904 2173 3947 2233 et

2495 2279 2646 2345 boni
2664 2331 2681 2362 ‚
2717 2286 2779 2346 et
2823 2284 3011 2364 mali,
3057 2283 3169 2367 qui
3209 2285 3579 2350 moriuntur
3618 2285 3795 2347 morte
3831 2277 3944 2343 acei-

2493 2389 2766 2470 dentali;
2794 2393 2982 2456 tertio
3011 2392 3234 2471 mod0‚
3266 2392 3509 2457 nullus.
3538 2391 3814 2474 Loquitur
3834 2401 3943 2465 ergo

2492 2498 2598 2562 hic
2626 2498 3026 2564 Ecclesiastes
3047 2550 3063 2580 ‚
3106 2504 3169 2565 et
3211 2500 3575 2584 Scriptura,
3608 2500 3877 2582 quantum
3894 2489 3945 2553 ad

2490 2608 2771 2689 primum
2820 2607 3123 2687 modum3
3170 2610 3280 2673 sed
3322 2609 3444 2681 Job
3482 2605 3761 2686 intelligit
3797 2616 3945 2683 quan·

2488 2717 2627 2779 tum
2651 2716 2728 2779 ad
2750 2717 3035 2781 tertium.
3060 2716 3365 2781 Similiter
3383 2719 3467 2783 de
3488 2714 3740 2782 Ezechia
3757 2709 3945 2781 dicitur,

2486 2823 2658 2905 quod
2688 2822 2994 2887 Dominus
3022 2826 3297 2891 mutavit
3327 2825 3685 2891 consilium.

2570 2930 2726 2995 Item
2775 2934 3086 3015 quaeritur
3128 2934 3207 2998 de
3250 2933 3437 3013 hoc„
3460 2932 3629 3016 quod
3671 2927 3840 2995 dicit:
3866 2919 3948 2999 (Μ

2486 3038 2665 3105 timet
2690 3039 2889 3105 Deum
2905 3088 2926 3121 ,
2953 3041 3130 3106 nihil
3152 3041 3428 3124 neqliqit
3460 3060 3483 3106 .·
3515 3039 3624 3105 sed
3649 3036 3751 3121 qui
3772 3030 3945 3118 peccat,

2482 3145 2721 3230 aliquid
2758 3147 3086 3230 negligit:
3137 3168 3299 3232 ergo
3344 3152 3573 3216 nullus
3613 3146 3721 3231 qui
3762 3140 3946 3227 peccat,

2480 3254 2663 3318 timet
2704 3255 2905 3320 Deum
2932 3275 2959 3319 >z
3003 3257 3114 3322 sed
3163 3277 3290 3322 non
3340 3263 3440 3322 est
3470 3260 3682 3342 justus
3722 3250 3819 3336 qui
3857 3260 3951 3309 non

2477 3368 2690 3445 peccet
2720 3387 2736 3443 ;
2790 3383 2952 3447 ergo
3004 3385 3139 3431 non
3196 3371 3292 3430 est
3336 3368 3559 3449 ¹iustus
3582 3413 3601 3445 ,
3653 3362 3757 3446 qui
3791 3355 3951 3421 timeat

2479 3468 2703 3535 Deum.
2736 3471 2894 3537 Item
2921 3474 3260 3555 quaeritur,
3288 3477 3517 3538 utrum
3554 3466 3773 3554 aliquis
3798 3463 3955 3546 iusim

2475 3579 2670 3660 possit
2698 3598 2836 3644 esse
2862 3580 2997 3646 sine
3025 3586 3317 3664 peccat03
3351 3586 3417 3646 et
3452 3579 3627 3665 quod
3660 3592 3812 3650 non,
3834 3564 3957 3633 vido·

2475 3690 2583 3751 tur
2617 3706 2730 3770 per
2775 3688 2841 3752 id
2881 3690 3053 3773 quod
3097 3690 3325 3754 dicitur
3370 3690 3518 3770 1115,
3569 3690 3634 3753 et
3672 3683 3844 3750 etiam
3880 3690 3960 3758 9⁹¹

2472 3794 2628 3859 illud
2656 3796 2677 3830 ⁸
2714 3819 2729 3860 z
2771 3820 2802 3858 α
2826 3797 2893 3862 Si
2929 3797 3310 3877 dixerimus„
3340 3798 3498 3880 quia
3526 3795 3839 3879 peccatum
3866 3795 3959 3845 11011

2472 3902 2806 3985 habemus,
2836 3906 2957 3989 ipsi
2982 3924 3100 3971 nos
3124 3907 3512 3972 seducimus.
3537 3929 3569 3967 1>
3601 3899 3773 3982 Quod
3795 3899 3961 3960 autem

2470 4013 2699 4093 possit,
2738 4013 2992 4078 videtur
3033 4031 3147 4096 per
3191 4014 3348 4079 illud
3395 4016 3645 4080 dictum
3683 4013 3750 4075 ⁸:
3788 4032 3818 4071 (ι
3847 4003 3954 4072 Nou

2467 4120 2753 4202 peccavi,
2787 4122 2946 4186 etin
2975 4122 3518 4188 amaritudinibus
3562 4124 3836 4187 moratur
3858 4128 3966 4179 ocu⁴
4098 4103 4099 4130 ³

2466 4226 2568 4292 lus
2609 4247 2812 4294 meus.
2844 4253 2874 4290 1)
2911 4230 3072 4295 Item
3114 4231 3169 4294 si
3215 4249 3348 4296 non
3388 4235 3646 4314 potest,
3691 4238 3754 4296 et
3793 4221 3966 4292 nunus

2466 4340 2680 4418 peccat
2704 4337 2773 4400 in
2809 4355 2886 4402 eo
2931 4339 3103 4421 quod
3142 4339 3347 4404 vitare
3380 4357 3519 4405 non
3561 4341 3797 4424 potest,
3824 4345 3963 4411 5180·

2547 4443 2917 4527 Respondeo
2962 4446 3335 4525 dicendum,
3385 4449 3570 4530 quod
3621 4443 3969 4529 negligentia

2466 4569 2599 4615 uno
2645 4554 2835 4618 modo
2860 4553 3165 4636 importat
3202 4559 3685 4639 contemptum,
3717 4557 3778 4619 et
3799 4551 3880 4614 sic
3900 4545 3969 4607 δῖ
4098 4629 4099 4632 ,

2464 4664 2794 4740 peccatum
2833 4662 3102 4726 mortale
3118 4712 3136 4743 ‚
3190 4668 3255 4728 et
3290 4664 3381 4727 515
3424 4663 3815 4746 intelligitur
3849 4654 3967 4724 him

2463 4765 2587 4829 alio
2606 4766 2818 4846 mod0‚
2841 4768 3377 4853 qualemcumque
3391 4770 3891 4835 commistionem
3910 4758 3969 4838 (Β)

2463 4872 2981 4958 circumstantiae,
3014 4881 3078 4941 et
3104 4878 3194 4942 sic
3220 4878 3509 4959 veniale,
3538 4884 3611 4944 et
3637 4877 3849 4943 nullus
3870 4870 3975 4934 sim

2458 4983 2603 5047 hoc.
2636 4983 2942 5050 Similiter
2983 4986 3322 5052 dicendum
3367 4988 3444 5052 de
3491 4989 3798 5071 peccato,
3838 4970 3975 5064 quod

2459 5089 2598 5154 sine
2626 5093 2882 5156 mortali
2908 5093 3130 5174 multi3
3154 5095 3290 5159 sine
3310 5095 3551 5160 veniali
3580 5094 3804 5159 nullus
3827 5092 3977 5154 utens

2455 5197 2657 5263 libero
2686 5201 2985 5282 arbitrio,
3014 5202 3139 5266 nisi
3166 5204 3244 5268 de
3273 5202 3549 5286 ChristO,
3581 5207 3654 5270 et
3678 5203 3760 5270 de
3782 5193 3979 5267 Beati&

2455 5306 2616 5371 sima
2636 5306 2905 5390 Virgine
2937 5311 3276 5377 credimus.

2519 5433 2588 5496 (a)
2617 5435 2764 5486 Edit.
2792 5437 2909 5488 Ven.
2941 5439 3373 5492 commissionem.
