4196 6294
1628 410 1997 478 PSALMUS
2039 410 2301 477 CXVIII.

3451 425 3570 488 349

363 550 519 625 phus
545 548 628 608 ait
653 547 778 607 ita'
812 566 827 607 ε
857 567 885 602 α
907 548 1231 625 Exquisivit
1255 553 1312 609 te
1338 548 1519 608 facies
1543 563 1697 607 mea.
1723 569 1752 600 n
1776 550 1914 618 Quas
2024 552 2200 620 nota,
2241 548 2408 622 quod
2442 550 2715 623 judicum
2751 557 2838 612 est
2870 554 3108 623 sedere,
3157 555 3266 613 sed
3303 554 3570 615 diverso·
3628 564 3809 611 sudine-

365 648 453 701 est
478 643 656 702 facies
683 642 809 715 illa,
838 643 950 700 nisi
978 645 1251 719 superior
1278 642 1524 702 rationis
1546 640 1749 713 facies,
1775 657 1910 716 quae

363 742 448 797 est
473 738 819 796 divinorum
844 737 1254 810 speculativa?
1295 740 1372 795 De
1411 736 1673 794 secundo
1708 736 1910 809 psallit

362 833 654 908 Propheta
678 832 701 866 ²
732 852 746 890 :
783 853 811 887 α
839 836 901 891 ln
930 837 1052 891 toto
1080 834 1262 892 corde
1292 849 1430 891 meo
1462 831 1750 905 exquisivi
1782 835 1905 888 te.»

362 930 469 985 Per
495 927 692 985 cordis
730 927 1074 986 totalitatem
1111 943 1428 1002 possumus
1468 925 1735 1000 accipere
1775 939 1909 999 per-

361 1018 576 1079 fectam
618 1020 1020 1092 voluntatem,
1060 1022 1203 1095 quia
1253 1020 1586 1078 secundum
1643 1017 1909 1078 Philoso-

360 1114 549 1188 phum
589 1116 633 1185 ⁸,
681 1119 846 1171 totum
889 1117 947 1173 et
984 1118 1286 1187 perfectum
1330 1114 1540 1171 idem:
1571 1112 1706 1170 licet
1755 1111 1908 1170 illud

358 1207 612 1265 verbum
639 1207 808 1264 aliter
831 1208 1017 1282 possit
1043 1207 1298 1282 exponi,
1338 1207 1487 1264 sicut
1523 1205 1793 1279 superius
1820 1208 1909 1263 est

359 1317 723 1374 expressum.
768 1301 869 1359 Hic
918 1301 1076 1360 enim
1102 1304 1292 1359 totum
1326 1299 1643 1374 exponitur
1685 1298 1903 1357 collec-

355 1394 503 1467 tive3
533 1395 642 1452 sed
668 1395 939 1468 superius
967 1395 1237 1453 divisive.
1276 1398 1355 1452 De
1384 1394 1554 1453 tertio
1583 1393 1726 1451 dicit
1750 1393 1906 1451 Psal-

357 1488 722 1562 mographus
740 1488 797 1545 ¹⁶:
829 1491 1051 1546 «Deum
1077 1488 1370 1563 exquisivi
1388 1488 1666 1546 manibus
1688 1486 1898 1558 meiS,»

354 1580 419 1638 id
446 1585 560 1655 est,
591 1580 970 1640 manualibus
996 1581 1229 1656 pietatis
1258 1580 1563 1640 exercitiis.
1593 1638 1601 1645 ,

1009 1744 1263 1810 Epilogus.

425 1866 515 1923 Ait
559 1881 701 1938 ergo
738 1866 929 1939 justus
965 1869 1209 1940 propter
1252 1866 1678 1924 contumeliam
1714 1869 1772 1924 et
1806 1883 1903 1924 ca-

353 1958 644 2017 lumniam
695 1958 1011 2034 prolapsus
1062 1959 1126 2016 in
1174 1960 1600 2034 impatientiam
1618 2001 1640 2030 ,
1699 1964 1903 2034 petens

356 2052 636 2110 divinitus
658 2053 1034 2126 impatientiae
1062 2070 1204 2124 suae,
1227 2056 1515 2127 tanquam
1539 2053 1903 2114 infirmitatis

351 2148 656 2222 pessimae,
683 2146 1043 2204 medicinam
1075 2165 1089 2203 z
1124 2147 1300 2217 Aufer
1327 2165 1362 2204 α
1388 2165 1498 2219 me,
1526 2153 1768 2223 propter
1795 2149 1905 2207 im-

351 2240 694 2315 patientiam
719 2244 1019 2298 causatam
1044 2241 1109 2298 in
1131 2258 1225 2298 me
1244 2282 1263 2312 ,
1294 2242 1687 2315 pertinentem
1707 2242 1787 2300 ad
1816 2242 1899 2300 af·

348 2334 567 2391 sectum
595 2355 611 2406 ;
666 2335 1026 2407 opprobrium
1050 2379 1068 2400 ,
1121 2338 1410 2408 quantum
1456 2335 1538 2392 ad
1585 2338 1901 2394 contume-

350 2428 491 2486 liam
508 2472 521 2491 .
552 2427 932 2503 impatientias
960 2444 1201 2486 causam
1224 2472 1242 2499 ,
1273 2428 1619 2487 attinentem
1648 2428 1728 2487 ad
1756 2429 1899 2487 affa-

348 2525 506 2593 tum;
534 2524 608 2579 Ec
637 2527 1023 2593 contemptum,
1060 2527 1350 2596 quantum
1379 2522 1459 2580 ad
1485 2522 1854 2581 calumniam
1877 2565 1897 2594 ,

349 2615 719 2673 contumelias
739 2631 1004 2687 causam,
1032 2620 1393 2689 spectantem
1416 2616 1496 2674 ad
1520 2616 1896 2691 despectum3

349 2710 495 2776 Quia
518 2713 835 2767 testimonia
858 2713 956 2766 tua
987 2713 1283 2782 exquisivi,
1304 2714 1597 2784 quantum
1626 2710 1706 2767 ad
1726 2710 1896 2783 justi-

347 2803 510 2869 tiam,
544 2802 856 2861 calumniae
904 2804 1280 2862 occasionem
1333 2819 1458 2861 non
1500 2803 1701 2862 datam
1722 2846 1741 2877 ,
1790 2804 1898 2862 sed

349 2899 678 2969 acceptam,
709 2896 1120 2971 respicientem
1148 2896 1442 2955 effectum.

888 3119 1225 3164 msmutus
1262 3118 1362 3164 vn.

420 3281 506 3334 23.
530 3278 745 3335 Etenim
760 3277 1015 3334 sederunt
1027 3280 1323 3349 principes,
1345 3275 1576 3333 etc.viri
1595 3275 1738 3348 justi
1765 3275 1895 3333 ani-

346 3389 481 3430 mus
512 3371 829 3446 tepefactus
851 3376 1094 3446 propter
1122 3371 1548 3445 inspectionem
1577 3375 1633 3427 et
1658 3370 1899 3443 despec-

347 3466 570 3523 tionem
596 3464 918 3522 laudabilis
946 3468 1131 3536 actua,
1154 3463 1423 3522 adhibito
1451 3463 1719 3522 remedio
1742 3464 1897 3522 circa

346 3559 798 3634 tepefactionem
825 3561 884 3616 et
927 3557 1405 3632 despectionem3
1443 3558 1542 3615 hic
1581 3557 1897 3617 adhibetur

342 3652 678 3712 remedium
705 3651 861 3710 circa
907 3653 1335 3727 inspectionem
1353 3696 1373 3720 ,
1402 3651 1750 3710 meditando
1778 3651 1895 3710 mi-

342 3747 659 3805 serabilem
702 3746 1106 3820 inspectorum
1138 3745 1514 3804 abusionem.
1555 3746 1718 3803 Unde
1754 3761 1894 3820 pro·

341 3838 495 3900 fecto
521 3842 583 3898 in
611 3841 884 3915 praesenti
912 3839 1207 3898 versiculo
1226 3845 1506 3898 notantur
1532 3839 1897 3914 inspectores

341 3934 702 4006 inordinati,
750 3937 807 3992 et
845 3933 1109 4008 perversi
1159 3933 1369 3992 ordine
1409 3949 1731 4008 perverso,
1770 3933 1895 3991 sive

340 4029 688 4102 retrogrado
712 4071 732 4099 ,
758 4033 1044 4103 tanquam
1086 4028 1334 4100 curiosi,
1364 4027 1760 4100 murmurosi,
1797 4026 1894 4086 fu-

340 4122 513 4194 riosi,
555 4126 612 4180 et
648 4121 938 4194 injuriosi.
980 4121 1198 4191 Quaeris
1243 4120 1593 4195 quomodo?
1633 4119 1893 4188 Curiosi,

342 4215 730 4290 suspicand03
761 4214 1161 4286 murmurosi,
1192 4213 1590 4272 mordicando
1599 4233 1618 4286 3
1655 4213 1894 4285 furiosi,

342 4310 602 4368 alienum
636 4311 735 4382 jus
777 4310 892 4367 sibi
931 4309 1343 4381 vendicand03
1391 4308 1700 4382 injuriosi,
1731 4308 1894 4379 ,alie-

342 4419 485 4463 nam
505 4403 791 4477 Justitiam
820 4402 1128 4462 temerarie
1152 4401 1508 4475 judicando.

841 4566 1128 4623 Articulus
1158 4567 1392 4636 primus.

415 4693 816 4764 inspectorum
844 4689 1202 4762 injuriositas
1228 4689 1503 4749 elucescit
1519 4733 1538 4762 ,
1566 4707 1707 4749 cum
1733 4689 1891 4748 Psal-

322 4785 517 4846 ‚mista
541 4783 874 4859 praemittit:
898 4786 1113 4840 Etenim
1139 4785 1427 4853 sederunt,
1456 4800 1526 4842 ac
1554 4784 1604 4842 si
1632 4783 1889 4842 diceret:

340 4880 471 4937 Non
498 4881 585 4936 est
621 4875 897 4935 mirabile
924 4876 973 4934 si
1003 4876 1435 4951 despexerunt,
1480 4879 1623 4953 quia
1650 4878 1894 4936 misera·

342 4972 540 5030 biliter
574 4972 976 5047 inspexerunt.
1014 4972 1232 5028 Etenim
1280 4972 1563 5038 sederunt,
1604 4976 1892 5045 tanquam

335 5065 567 5139 jndices
586 5086 605 5141 ;
635 5066 741 5124 sed
779 5068 999 5124 temere
1045 5064 1353 5137 sederunt,
1400 5065 1542 5142 quia
1583 5064 1892 5124 temerarie

335 5160 704 5234 judicantes,
745 5163 801 5218 et
827 5159 1037 5218 alienoe
1058 5159 1295 5233 ,iustitiae
1320 5159 1792 5235 praejudicantes.
1822 5160 1892 5217 Et

416 5289 432 5322 ¹
455 5286 587 5337 Psal.
614 5297 768 5350 xxvi,
803 5288 851 5336 8.
881 5311 946 5324 -
972 5286 996 5321 ²
1021 5284 1162 5335 Psal.
1198 5284 1325 5349 hoc,
1365 5288 1443 5338 ¹0.
1479 5310 1541 5325 —-
1578 5287 1599 5317 ³
1624 5285 1800 5351 Arist„
1828 5285 1892 5337 de

344 5357 492 5424 cml„
525 5357 612 5411 lib.
647 5361 683 5408 t.
710 5382 775 5398 -
800 5356 823 5392 δ
857 5356 994 5408 Psal.
1031 5367 1212 5419 mvi,
1238 5358 1289 5407 3.
1312 5380 1375 5397 -
1398 5357 1422 5393 ⁸
1448 5358 1517 5409 m
1542 5357 1685 5422 neg„
1709 5370 1807 5423 vn,
1834 5361 1883 5411 8.

2021 656 2159 699 rum
2199 641 2618 703 diversimode.
2648 646 2903 716 Quidam
2939 647 3147 705 sedent
3180 649 3261 706 ad
3294 650 3564 722 judican-
3605 625 3794 731 ⁴2:35²?

2023 734 2171 792 dum
2203 734 2486 807 justitiam
2504 780 2524 807 ,
2569 738 2982 815 dissipandum
3009 740 3325 814 malitiam,
3353 760 3567 802 conso-
3596 750 3803 795 dicuntur

2020 826 2272 885 landum
2299 829 2610 902 tristitiam,
2630 834 3111 907 persequendum
3131 834 3564 897 innocentiam:
3596 813 3765 862 “⁶⁰⁸⁸

2020 936 2283 994 quorum
2308 922 2568 996 primum
2592 927 2846 1000 pertinet
2877 928 2957 985 ad
2993 927 3229 999 J'ustitiae
3267 930 3567 990 sincerita-

2019 1017 2172 1085 tem;
2210 1016 2540 1075 secundum
2557 1060 2577 1090 ,
2613 1019 2694 1076 ad
2720 1021 3125 1094 severitatem3
3168 1023 3401 1082 tertium
3426 1068 3443 1097 ,
3483 1026 3564 1084 ad

2017 1106 2329 1181 pietatem3
2355 1115 2654 1183 quartum,
2686 1113 2764 1171 ad
2784 1114 3168 1190 impietatem.
3190 1120 3268 1175 De
3295 1116 3491 1192 primo
3507 1121 3561 1178 ⁸:

2022 1201 2233 1259 «Fecit
2259 1203 2541 1264 Salomon
2568 1205 3033 1281 domunculam,
3067 1211 3130 1267 in
3158 1227 3279 1286 qua
3319 1213 3566 1272 sedebat

2016 1295 2096 1354 ad
2128 1295 2556 1370 judicandum,
2587 1320 2616 1354 ι)
2647 1301 2868 1360 scilicet
2896 1303 3182 1375 justitiam
3222 1323 3237 1362 ε
3269 1321 3403 1364 ecce
3440 1308 3562 1364 sin-

2016 1391 2245 1449 ceritaS.
2280 1395 2357 1450 De
2387 1393 2651 1453 secundo
2671 1397 2729 1453 ⁶:
2761 1415 2789 1450 nt
2811 1399 2934 1454 Rex
2952 1441 2972 1469 ‚
3002 1398 3108 1473 qui
3134 1398 3298 1458 sedet
3321 1399 3385 1457 in
3409 1401 3562 1461 solio

2008 1482 2220 1555 judicii
2239 1528 2259 1558 ,
2309 1485 2558 1562 dissipat
2601 1505 2779 1548 omne
2816 1491 3048 1548 malum
3090 1490 3303 1551 intuitu
3338 1509 3448 1552 suo
3482 1513 3497 1551 ε
3528 1516 3557 1551 ι»

2016 1593 2152 1635 ecce
2168 1579 2467 1638 severitas.
2489 1584 2567 1641 De
2587 1583 2758 1642 tertio
2773 1586 2795 1621 ⁷
2818 1603 2832 1641 :
2866 1603 2895 1638 α
2911 1586 3057 1643 Cum
3075 1585 3365 1660 sederem,
3386 1591 3560 1663 quasi

2012 1686 2155 1743 rex,
2192 1672 2601 1734 circumstante
2645 1678 2902 1737 exercitu
2920 1721 2941 1751 ‚
2981 1695 3146 1737 eram
3184 1684 3384 1740 tamen
3411 1698 3559 1740 moe-

2011 1766 2266 1825 rentium
2296 1769 2634 1828 consolator
2663 1790 2728 1828 :n
2760 1787 2894 1830 ecce
2921 1772 3128 1847 pietas.
3160 1777 3238 1832 De
3269 1780 3480 1850 quarto
3502 1778 3558 1834 ⁸:

2018 1880 2047 1913 α
2075 1862 2234 1920 Sedit
2278 1864 2601 1921 Demetrius
2649 1866 2780 1940 (qui
2833 1866 3249 1942 interpretatur
3305 1870 3561 1929 nimium
3643 1892 3800 1935 nemo·

2012 1957 2407 2031 persequens)
2436 1974 2618 2033 super
2644 1960 2850 2019 sedem
2875 1962 3046 2034 regni
3073 1964 3165 2021 sui
3192 1981 3257 2021 :a
3291 1980 3427 2024 ecce
3454 1965 3562 2024 im·
3589 1953 3717 1999 ΜΨ·

2054 2047 2221 2106 ietaS.

2011 2064 2053 2122 p
2489 2124 2767 2182 Articulus
2800 2126 3078 2184 secundus.

2084 2237 2399 2297 Furiositas
2446 2239 2789 2313 innotescit,
2830 2259 2969 2300 cum
2997 2244 3289 2319 Propheta
3314 2249 3560 2322 subjun-

2009 2331 2093 2403 git
2122 2350 2137 2388 ε
2164 2333 2465 2407 Principes.
2496 2336 2624 2404 Quo
2652 2338 2871 2409 pacto?
2898 2352 3021 2393 non
3051 2337 3126 2397 de
3150 2339 3316 2412 jure,
3344 2342 3452 2399 sed
3483 2343 3557 2401 de

2006 2424 2195 2497 fact03
2225 2441 2350 2485 non
2377 2427 2680 2487 ordinaria
2701 2429 3144 2503 jurisdictione,
3176 2434 3283 2491 sed
3314 2438 3560 2496 temera-

2006 2519 2096 2578 ria
2123 2522 2529 2595 usurpatione.
2572 2524 2738 2581 Unde
2774 2540 2898 2582 non
2933 2530 3019 2584 est
3045 2527 3317 2587 mirabile
3339 2572 3359 2601 ,
3390 2530 3439 2588 si
3467 2548 3558 2590 se-

2008 2612 2223 2671 derunt
2249 2614 2586 2686 ,iudicantes
2634 2617 2950 2692 injuriose,
2997 2620 3101 2694 qui
3144 2622 3281 2679 facti
3319 2621 3557 2683 fuerunt

2005 2707 2305 2782 principes
2344 2708 2586 2769 furiose.
2635 2715 2702 2769 Et
2747 2716 2891 2771 nota
2934 2714 3010 2771 de
3057 2714 3278 2773 talibus
3320 2716 3554 2777 furiosis
3628 2730 3793 2773 princi·

2005 2798 2375 2889 principibus
2384 2843 2404 2873 ,
2433 2804 2616 2878 gquod
2656 2811 3074 2879 comparantur
3100 2809 3253 2867 ursis
3291 2812 3551 2870 esurien-
3580 2793 3796 2910 {122tiss

2004 2891 2164 2949 tibus
2184 2934 2202 2962 ‚
2233 2893 2507 2954 leonibus
2532 2898 2935 2972 rugientibus,
2980 2907 3037 2960 et
3077 2902 3234 2977 lupis
3270 2905 3552 2980 rapienti·
3581 2917 3667 2961 hu·
3680 2929 3801 2960 oom-

2005 2984 2140 3045 bus,
2184 2988 2409 3048 Habent
2434 2990 2594 3050 enim
2622 2993 3068 3054 similitudinem
3101 3014 3378 3058 ursorum
3422 3017 3555 3060 esu·
3581 2982 3793 3036 parentur

2003 3080 2316 3157 rientium,
2364 3089 2611 3160 propter
2653 3088 2944 3149 furiosum
3000 3091 3393 3170 desiderium3
3435 3096 3555 3156 leo·

2002 3190 2152 3235 num
2180 3179 2577 3254 rugientium,
2614 3188 2858 3258 propter
2882 3185 3174 3246 furiosum
3203 3189 3548 3266 eloquium3

2001 3269 2287 3345 luporum
2312 3273 2670 3349 rapientium
2687 3318 2708 3348 ,
2734 3282 2975 3354 propter
3005 3280 3297 3341 furiosum
3330 3287 3550 3345 exerci-

2003 3364 2173 3424 tium.
2222 3368 2300 3425 De
2325 3368 2523 3443 primo
2550 3370 2572 3405 ⁹
2605 3388 2620 3426 :
2657 3392 2686 3425 ι
2714 3372 2890 3431 Ursus
2937 3374 3242 3448 esuriens,
3278 3377 3584 3453 princeps,

2002 3458 2222 3533 impius
2262 3477 2439 3536 super
2479 3463 2775 3538 populum
2820 3482 3189 3542 pauperem:
3220 3489 3249 3523 n
3287 3487 3421 3529 ecce
3449 3473 3546 3530 fu-

2002 3551 2163 3611 riosa
2189 3556 2499 3614 voracitas.
2530 3559 2607 3614 De
2636 3559 2899 3618 secundo
2923 3562 2968 3598 ¹⁰
2999 3582 3013 3615 =
3053 3583 3082 3614 α
3107 3561 3404 3639 Principes
3424 3566 3551 3639 ejus

2002 3645 2067 3704 in
2103 3647 2304 3706 medio
2348 3650 2509 3721 eJuS,
2545 3653 2716 3727 quasi
2743 3652 2947 3712 leones
2980 3657 3320 3729 rugientes:
3351 3679 3379 3715 n
3415 3676 3548 3717 ecce

2001 3739 2229 3801 furiosa
2254 3743 2583 3805 minacitas,
2615 3750 2693 3806 De
2722 3748 2888 3807 tertio
2910 3749 2953 3786 ¹¹
2983 3768 2999 3806 ε
3035 3771 3064 3804 α
3090 3753 3384 3828 Principes
3422 3755 3550 3826 eJus

2002 3833 2067 3893 in
2083 3837 2285 3894 medio
2307 3838 2497 3912 illius,
2520 3843 2694 3915 quasi
2719 3842 2846 3919 lupi
2866 3845 3162 3919 rapientes
3188 3849 3458 3922 praedam
3481 3868 3540 3907 :n

2002 3942 2140 3989 eece
2166 3929 2392 3993 furiosa
2419 3935 2731 4009 rapacitas.

2509 4095 2784 4152 Articulus
2822 4098 3034 4153 tertius.

2072 4217 2511 4276 Murmurositas
2537 4235 2788 4293 quaeque
2811 4220 3094 4295 clarescit,
3125 4238 3263 4281 cum
3289 4224 3544 4284 Psalmo·

2002 4312 2266 4386 graphus
2304 4311 2431 4387 ipse
2468 4314 2801 4374 subnectit:
2833 4317 2907 4372 Et
2939 4317 3223 4375 adversum
3251 4336 3333 4376 me
3362 4322 3544 4392 loque-

2000 4405 2218 4463 bantur.
2247 4405 2508 4465 Adversa
2544 4407 2765 4466 locutio
2795 4412 2882 4466 est
2907 4411 3405 4469 murmurantium
3435 4412 3544 4470 ob·

1999 4495 2294 4558 locutoria
2320 4500 2691 4560 mordicatio.
2723 4504 2789 4560 Et
2823 4507 2997 4575 nota,
3031 4504 3194 4577 quod
3235 4504 3548 4579 loquenles

1999 4609 2376 4654 murmurose
2407 4596 2734 4671 loquuntur
2756 4598 2937 4669 male,
2965 4614 3194 4672 aspere,
3216 4602 3273 4657 et
3291 4603 3542 4658 temere:

1999 4689 2159 4746 male
2204 4689 2449 4764 quidem
2500 4694 2745 4765 propter
2793 4691 3221 4765 malignitatem
3271 4694 3546 4753 materia-

1999 4780 2151 4853 lem,
2193 4783 2335 4856 quia
2372 4783 2702 4857 loquuntur
2746 4784 2822 4842 de
2857 4785 3050 4859 malo;
3100 4801 3306 4860 aspere
3348 4793 3546 4846 autem

1999 4878 2245 4954 propter
2272 4876 2646 4950 asperitatem
2669 4877 3004 4952 formalem,
3029 4880 3173 4955 quia
3194 4896 3319 4938 non
3345 4880 3544 4940 solum

1997 4967 2329 5044 loquuntur
2375 4969 2448 5027 de
2492 4970 2688 5043 malo,
2736 4972 2843 5029 sed
2888 4973 3063 5030 etiam
3113 4973 3275 5031 malo
3324 4975 3511 5033 modo
3523 4996 3542 5050 ;

1997 5065 2218 5121 temere
2245 5078 2388 5123 vero
2415 5066 2662 5139 propter
2687 5065 3072 5125 temeritatem
3099 5066 3373 5140 finalem,
3405 5069 3546 5142 quia

1999 5237 2054 5250 -
2079 5211 2103 5247 ⁸
2124 5212 2290 5268 Pron..
2315 5224 2410 5277 xx,
2435 5214 2485 5264 8.
2508 5236 2571 5250 —
2597 5213 2614 5244 ⁷
2636 5212 2743 5273 lob,
2773 5226 2920 5280 xxix,
2949 5218 3029 5266 25.
3054 5243 3118 5254 —
3145 5218 3164 5248 ⁸
3190 5218 3208 5267 1
3239 5217 3422 5280 Maeli„
3451 5228 3544 5284 vn,

1996 5290 2044 5336 ι.
2085 5310 2149 5323 -
2186 5284 2209 5319 ⁹
2249 5286 2415 5346 va„
2454 5295 2650 5350 xxviii,
2699 5289 2779 5338 ¹5.
2806 5309 2872 5325 -
2915 5289 2952 5320 ¹·
2986 5288 3229 5354 saphon„
3267 5301 3357 5352 ιιι,
3400 5293 3449 5342 3.
3479 5315 3545 5329 -

2001 5357 2036 5391 ¹¹
2058 5356 2259 5419 emta„
2286 5367 2419 5420 uu,
2445 5359 2528 5409 27.
