4196 6294
747 419 868 484 ⁴³16

743 551 1096 627 gradientes.
1124 553 1205 611 De
1234 549 1424 611 oculis
1456 549 1802 611 ardentibus
1848 549 2186 609 invenimus
2214 548 2234 582 ¹
2264 566 2280 605 z

748 666 781 702 ιι
806 649 952 706 Cum
978 645 1263 706 elevasset
1284 661 1391 705 rex
1404 644 1617 704 faciem
1644 661 1845 717 suam,
1866 647 1925 704 et
1943 642 2286 704 ardentibus

746 741 934 801 oculis
958 740 1223 800 furorem
1248 739 1503 814 pectoris
1543 739 1857 798 indicasset
1877 780 1898 812 ,
1926 739 2133 813 regina
2158 753 2285 796 cor-

743 835 909 894 ruit.
893 854 908 871 ·
933 856 963 892 n
994 834 1092 894 hic
1131 833 1634 893 considerandum
1672 837 1787 906 est,
1819 832 1954 908 quis
1987 846 2129 904 rex,
2155 848 2287 906 quae

745 928 990 1003 regina,
1015 929 1119 1005 qui
1164 927 1438 988 ardentes
1482 927 1676 1000 oculi,
1703 944 1835 1003 quse
1879 927 2071 985 ruina.
2111 926 2287 985 Plane

747 1021 815 1082 in
839 1037 1027 1095 regno
1055 1021 1225 1098 quod
1250 1023 1401 1080 intra
1428 1036 1538 1080 nos
1573 1024 1688 1094 est,
1713 1036 1823 1080 nec
1849 1037 1978 1093 rex,
2002 1035 2115 1078 nec
2140 1019 2290 1093 regi·

749 1117 1082 1175 nadeest:
1127 1116 1402 1191 quisrex
1446 1115 1591 1189 ille,
1633 1115 2167 1185 nisivisanimoe,
2194 1112 2291 1171 cui

752 1209 960 1269 datum
980 1211 1067 1269 est
1099 1209 1231 1268 aliis
1254 1209 1486 1268 viribus
1525 1209 1818 1284 imperare
1835 1210 1865 1266 ἳ
1891 1211 1995 1268 aut
2036 1224 2169 1282 quae
2203 1221 2293 1265 re-

750 1303 920 1378 gina,
947 1303 1060 1362 nisi
1084 1301 1269 1362 virtus
1288 1303 1574 1362 virtutum
1593 1303 1877 1362 domina?
1895 1302 2047 1363 Talis
2080 1318 2188 1362 rex
2206 1304 2293 1360 est

751 1398 1019 1473 superior
1043 1397 1374 1473 appetitus3
1403 1397 1535 1456 talis
1565 1399 1806 1471 regina,
1831 1398 2103 1472 superior
2122 1396 2292 1455 hahi-

750 1493 863 1550 tus.
878 1491 1255 1566 Superiorem
1277 1491 1605 1566 appetitum
1623 1491 1877 1550 dicimus
1888 1488 2257 1550 voluntatem
2268 1491 2302 1562 ς’

705 1629 726 1642 .
752 1584 1117 1661 superiorem
1141 1585 1416 1644 habitum
1441 1585 1759 1644 asserimus
1785 1584 2149 1643 charitatem.
2171 1587 2292 1643 Rex

751 1681 854 1742 ille
892 1697 1018 1741 non
1060 1682 1391 1755 incongrue
1431 1686 1679 1740 vocatur
1721 1684 2037 1754 Assuerus,
2066 1680 2134 1738 id
2169 1685 2292 1751 est,

748 1779 958 1838 beatus
972 1797 991 1852 3
1030 1778 1175 1853 quia
1215 1778 1425 1836 beatus
1466 1777 1601 1836 talis
1640 1775 1964 1851 appetitus,
1991 1776 2087 1834 cui
2114 1791 2294 1851 copu—

750 1872 907 1933 latur
930 1870 1400 1947 inseparabiliter
1421 1870 1553 1941 talis
1577 1869 1832 1929 habitus.
1857 1869 2011 1928 Talis
2031 1885 2293 1945 namque

748 1965 957 2039 regina
1003 1979 1128 2024 non
1177 1964 1435 2024 absurde
1479 1967 1855 2037 nuncupatur
1907 1963 2256 2022 abscondita
2272 2007 2288 2031 ‚

750 2059 894 2133 quia
913 2058 1188 2133 praefatus
1213 2058 1452 2118 habitus
1479 2057 1726 2118 habenti
1748 2073 1873 2116 non
1912 2060 1999 2116 est
2034 2056 2289 2130 agnitus.

750 2151 905 2223 Quid
929 2156 1130 2212 autem
1169 2168 1279 2227 per
1318 2151 1593 2211 ardentes
1635 2151 1843 2211 oculos
1880 2151 2295 2211 accommoda·

748 2245 863 2304 tius
888 2244 1207 2322 accipiam,
1251 2262 1435 2321 quam
1479 2244 1905 2320 speculativam
1940 2247 2000 2303 et
2037 2245 2292 2304 activam

746 2337 990 2399 rationis
1033 2339 1486 2415 perspicaciam,
1521 2338 1876 2398 candentem
1900 2342 1956 2397 et
1980 2337 2292 2397 cadentem

718 2422 858 2509 'per
883 2432 1179 2492 sensibilis
1202 2432 1496 2507 passionis
1518 2432 1951 2492 vehementiam
1964 2434 1995 2489 ‘i
2019 2434 2166 2491 Cum
2188 2448 2294 2491 au-

748 2529 870 2585 tem
895 2525 979 2583 sic
1002 2525 1128 2598 regi
1157 2525 1445 2598 succedit,
1472 2525 1681 2599 regina
1702 2525 1981 2598 concidit3
2004 2525 2293 2600 quoniam

747 2619 833 2679 sic
856 2620 1134 2680 voluntas
1159 2620 1425 2693 excedit,
1454 2619 1624 2696 quod
1660 2619 1914 2678 charitas
1942 2619 2178 2678 excidit.
2212 2622 2291 2678 De

748 2713 935 2773 oculis
962 2713 1374 2773 deficientibus
1400 2713 1653 2788 legimus
1679 2711 1741 2771 ²:
1776 2731 1804 2767 α
1828 2712 1990 2773 Oculi
2014 2712 2292 2771 deficien-

746 2809 871 2880 tes,
903 2812 960 2865 et
983 2806 1185 2866 anima
1217 2807 1477 2866 esuriens
1505 2806 1605 2865 dat
1630 2806 1738 2864 tibi
1764 2805 2017 2880 gloriam
2034 2851 2054 2880 ,
2083 2827 2114 2863 ιι
2147 2807 2293 2882 quia

746 2917 914 2961 mens
942 2901 1198 2973 oculata,
1218 2899 1498 2960 divinitus
1523 2900 1813 2959 illustrata
1828 2943 1847 2973 ,
1878 2901 2158 2960 deficiens
2184 2917 2293 2977 per

746 2993 1190 3067 contritionem,
1219 2994 1481 3053 esuriens
1502 2993 2018 3068 justificationem,
2042 2995 2145 3055 dat
2172 2999 2290 3056 Deo

747 3090 1002 3166 gloriam
1027 3106 1136 3166 per
1163 3090 1356 3166 culpae
1397 3089 1849 3149 confessionem.
1886 3093 1965 3149 De
1989 3090 2177 3149 oculis
2202 3091 2291 3150 vi-

749 3185 1024 3245 dentibus
1050 3185 1382 3261 reperimus
1398 3186 1470 3222 ⁸·
1455 3202 1534 3243 ,α
1563 3186 1745 3243 Erunt
1771 3183 1930 3243 oculi
1969 3183 2056 3242 tui
2081 3184 2291 3245 viden-

747 3284 836 3339 tes
876 3283 1299 3356 praeceptorem
1338 3284 1548 3353 tuum,
1576 3282 1635 3339 et
1668 3295 1842 3338 aures
1886 3281 2003 3338 tuoe
2050 3279 2294 3339 audient

747 3374 1002 3435 verbum
1046 3378 1184 3450 post
1219 3378 1452 3449 tergum
1493 3372 1786 3433 monentis
1816 3391 1833 3430 z
1870 3373 1995 3432 hoec
2023 3378 2110 3432 est
2154 3374 2252 3433 via
2270 3418 2289 3448 ,

746 3469 1049 3529 ambulate
1088 3469 1153 3526 in
1194 3484 1284 3528 ea.
1313 3487 1344 3524 r
1376 3468 1564 3539 Quod·
1595 3468 1846 3543 pertinet
1881 3469 1961 3526 ad
1999 3468 2292 3528 rationem

749 3562 979 3622 divinas
1004 3562 1169 3636 leges
1197 3562 1624 3635 consulentem,
1656 3564 1714 3620 et
1731 3563 2059 3623 secundum
2086 3578 2292 3622 earum

747 3657 1061 3718 consilium
1087 3656 1347 3716 actiones
1380 3654 1657 3730 proprias
1684 3654 2056 3730 dirigentem.

1210 3813 1505 3871 Articulus
1539 3811 1818 3870 secundus.

817 3942 1117 4011 Quantum
1138 3938 1220 3998 ad
1245 3938 1596 4009 secundum,
1621 3937 1929 4011 adjicitur:
1954 3941 2289 4009 Defecerant.

749 4036 864 4093 ista
883 4033 1133 4093 defectio
1159 4037 1245 4091 est
1268 4034 1540 4108 aspectus
1563 4030 1803 4090 omissio
1821 4074 1840 4104 ,
1862 4033 2029 4105 cujus
2057 4033 2291 4092 occasio

749 4124 845 4186 est‘
859 4126 1099 4187 affectus
1134 4125 1403 4186 remissio
1433 4144 1448 4184 ε
1481 4125 1624 4200 quia
1655 4126 1802 4184 dum
1843 4127 2078 4186 affectio
2125 4126 2293 4202 spiri-

751 4221 926 4281 tualis
950 4221 1283 4293 remittitur,
1312 4225 1436 4280 tam
1473 4220 1864 4296 speculativa,
1895 4237 2080 4297 quam
2123 4238 2294 4297 prac-

750 4316 865 4376 tica
887 4316 1038 4376 ratio
1065 4317 1223 4376 circa
1250 4316 1578 4391 spiritualia
1606 4316 1951 4391 consopitur
1971 4334 1987 4374 ε
2007 4316 2294 4375 deficiunt

750 4409 951 4485 itaque
992 4409 1237 4469 rationis
1276 4410 1432 4469 oculi
1463 4453 1484 4482 ,
1525 4409 1669 4486 quia
1713 4409 1926 4469 desunt
1965 4408 2295 4467 affectionis

750 4506 992 4568 stimuli.
1021 4510 1090 4565 Et
1113 4510 1290 4580 nota,
1320 4506 1488 4582 quod
1513 4505 1619 4565 iste
1658 4504 1919 4564 defectus
1953 4505 2293 4581 frequenter

752 4603 1025 4660 causatur
1050 4616 1125 4660 ex
1159 4600 1351 4659 tribus
1382 4600 1637 4660 exterius
1677 4599 2088 4658 deficientibus
2107 4642 2123 4666 .
2158 4616 2294 4675 quae

751 4697 889 4754 sunt
942 4693 1218 4770 exempla
1245 4737 1266 4766 ,
1324 4694 1566 4770 eloquia
1584 4736 1606 4767 ,
1652 4696 1711 4752 et
1756 4692 1978 4752 auxilia
2015 4711 2031 4751 ;
2073 4692 2296 4753 scilicet

751 4788 1027 4863 exempla
1056 4787 1314 4861 virtutis,
1352 4787 1597 4863 eloquia
1633 4786 1928 4846 veritatis:
1967 4789 2024 4845 et
2068 4786 2293 4846 auxilia

750 4881 1001 4957 pietatis.
1021 4881 1216 4941 Prima
1232 4881 1787 4956 defectiogfiguratur
1805 4882 1827 4917 ⁸
1851 4899 1866 4939 z
1896 4902 1926 4935 «ι
1947 4879 2295 4940 Defecerant

650 4970 653 4975 ’
755 4973 914 5034 oculi
948 4990 1158 5034 eorum
1175 5018 1196 5049 ,
1214 4996 1244 5028 n
1267 4975 1488 5035 scilicet
1513 4991 1877 5049 onagrorum
1892 5016 1913 5045 ,
1945 4994 1977 5030 ι
2004 4974 2149 5050 quia
2168 4989 2293 5033 non

755 5071 882 5127 erat
903 5067 1132 5127 herba:
1163 5089 1193 5125 ιο
1225 5069 1310 5133 sic
1337 5068 1620 5145 deficiunt
1645 5060 1804 5129 oculi
1834 5068 2078 5128 rationis
2106 5073 2166 5128 et
2199 5066 2296 5126 sti·

753 5160 904 5250 muli
929 5162 1255 5223 affectionis
1270 5153 1348 5222 in
1372 5163 1605 5241 multiS,
1637 5162 1927 5240 quoniam
1953 5176 2078 5222 non
2107 5177 2293 5238 appa-

821 5280 2296 5357 ¹recelamr,¹0.-1-2113112·uc.,u,113.-¹⁸11a.‚1mt,

756 5316 2295 5424 soa-‘Jerem.,x1v,s.-⁵Pea1.'hoc,82.—·Thren.,

1793 409 2207 500 Exposi‘rlo
2247 408 2330 504 m
2371 409 2897 479 PsALTEamM.

2389 550 2481 607 ret
2506 548 2570 607 in
2594 549 2863 625 partibus
2889 551 3009 610 suis
3024 552 3215 611 herba
3240 553 3477 626 viridis,
3502 553 3569 610 id
3587 555 3708 625 est,
3734 568 3917 613 exem-

2389 642 2494 717 pla
2515 643 2762 703 virtutis.
2779 646 3050 705 Secunda
3069 645 3315 707 defectio
3332 646 3710 706 decantatur⁸
3731 667 3746 705 ε
3781 668 3811 704 ι
3826 651 3920 707 De·

2389 734 2652 796 iecerunt
2678 739 2834 797 oculi
2858 741 2977 799 mei
3003 741 3066 798 in
3093 741 3403 817 eloquium
3428 747 3598 801 tuum
3627 760 3695 800 ε»
3720 743 3802 800 sic
3829 745 3920 801 de-

2390 830 2515 889 ficit
2538 832 2688 891 ratio
2717 833 2873 894 circa
2899 835 3208 910 mysteria,
3254 840 3310 894 et
3334 836 3567 896 affectio
3596 837 3756 896 circa
3780 837 3920 896 desi-

2394 924 2594 999 deria,
2645 928 2788 1001 quia
2829 929 3111 988 deficiunt
3152 930 3532 1006 eloquiorum
3576 932 3920 1004 magisteria.

2391 1017 2580 1078 Tertia
2620 1019 2868 1080 defectio
2927 1022 3240 1083 denotatur
3284 1043 3300 1081 z
3351 1045 3378 1076 «
3407 1024 3753 1084 Defecerunt
3770 1068 3791 1098 ,
3845 1026 3925 1083 in-

2394 1112 2555 1187 quit,
2600 1113 2759 1172 oculi
2802 1116 2988 1174 nostri
3035 1117 3116 1175 ad
3160 1118 3450 1176 auxilium
3496 1134 3720 1177 vanum
3739 1161 3759 1190 ‚
3800 1136 3926 1177 cum

2392 1207 2815 1281 respiceremus
2859 1210 3059 1269 attenti
3088 1211 3169 1269 ad
3212 1215 3480 1285 gentem,
3523 1229 3660 1287 quae
3712 1213 3926 1272 salvare

2394 1313 2506 1359 nos
2541 1315 2665 1360 non
2702 1305 2932 1377 poterat
2969 1322 2984 1362 ε
3015 1325 3044 1358 n
3086 1305 3170 1362 sic
3207 1305 3488 1364 deficiunt
3523 1307 3587 1365 in
3633 1307 3927 1366 nonnullis

2394 1394 2638 1454 rationis
2674 1398 3038 1472 perspicacia
3075 1440 3096 1471 ,
3151 1401 3210 1458 et
3256 1400 3584 1460 affectionis
3627 1401 3885 1461 efficacia
3907 1445 3925 1474 ,

2396 1488 2539 1563 quia
2564 1489 2778 1550 desunt
2800 1491 2861 1550 in
2891 1492 3258 1552 desolatione
3287 1493 3516 1553 solatia.

2894 1652 3177 1709 Articulus
3217 1655 3431 1711 tertius.

2468 1776 2761 1844 Quantum
2804 1774 2887 1835 ad
2921 1777 3156 1835 tertium
3173 1820 3194 1848 ,
3240 1777 3555 1836 scribitur:
3596 1781 3668 1837 In
3704 1783 3929 1839 salutare

2399 1871 2551 1925 tuum
2568 1885 2589 1941 3
2610 1868 2726 1927 hoc
2745 1869 2832 1927 est
2845 1869 3157 1944 praemium
3174 1870 3428 1929 salutare
3440 1913 3460 1944 ,
3483 1872 3929 1944 considerabile,

2397 1963 2576 2036 atque
2606 1962 3003 2021 desiderabile
3029 1981 3044 2020 ε
3078 1964 3245 2039 quod
3271 1968 3432 2024 tanto
3457 1965 3830 2025 desideratur
3853 1967 3931 2025 in-

2396 2056 2610 2115 tentius
2628 2098 2649 2129 ,
2678 2060 2900 2131 quanto
2930 2057 3335 2117 consideratur
3377 2060 3650 2119 attentius
3665 2103 3682 2119 .
3711 2063 3781 2119 Et
3803 2065 3932 2119 nota

2395 2147 2471 2208 de
2517 2148 2863 2223 hujusmodi
2913 2151 3155 2210 salutari
3177 2193 3199 2223 ,
3227 2153 3396 2227 quod
3431 2153 3629 2228 ipsum
3659 2155 3933 2228 contingit

2395 2241 2698 2317 tripliciter
2736 2245 3124 2320 contemplari
3155 2263 3169 2302 :
3201 2245 3397 2320 primo
3441 2263 3550 2329 per
3579 2251 3782 2306 cream
3804 2248 3930 2306 visi-

2396 2335 2573 2408 bilia,
2600 2337 2772 2411 quasi
2798 2339 3081 2398 Creatoris
3114 2339 3401 2413 vestigia,
3434 2340 3517 2399 ad
3542 2341 3807 2401 increata
3828 2342 3932 2400 ias-

2396 2428 2543 2503 tigia
2586 2432 3041 2490 conscendendo
3054 2450 3074 2505 3
3137 2434 3402 2493 secundo
3417 2474 3438 2505 ,
3487 2450 3598 2508 per
3645 2439 3932 2495 creaturas

2396 2521 2724 2582 invisibiles
2736 2566 2759 2597 ,
2784 2529 3070 2600 tanquam
3094 2528 3380 2586 creatoris
3397 2527 3721 2603 imagineS,
3752 2530 3832 2596 ad
3858 2530 3936 2587 di-

2396 2616 2676 2677 vinorum
2702 2618 3040 2678 altitudines
3068 2621 3477 2694 ascendendo3
3509 2623 3685 2682 tertio
3719 2628 3935 2683 creatu-

2395 2724 2528 2769 ram
2554 2727 2797 2770 omnem
2809 2753 2830 2784 ,
2864 2716 2989 2771 tam
3010 2713 3308 2773 visibilem
3336 2732 3517 2789 quam
3542 2717 3900 2776 invisibilem
3914 2759 3933 2791 ,

2396 2804 2868 2864 transcendendo
2898 2848 2920 2879 ,
2979 2810 3048 2865 et
3095 2807 3363 2866 divinam
3428 2809 3750 2882 caliginem
3811 2827 3935 2869 cum

2397 2901 2595 2974 Moyse
2635 2901 3048 2961 subintrando.
3086 2902 3320 2962 Primus
3346 2906 3798 2980 contemplandi
3822 2921 3936 2963 mo·

2400 2995 2512 3054 dus
2541 3000 2734 3071 potest
2770 2997 2887 3056 dici
2915 2998 3169 3057 carnalis
3192 3042 3212 3071 ‚
3242 2999 3386 3074 quia
3412 3016 3537 3060 non
3562 3001 3751 3060 utitur
3784 3002 3935 3078 puri-

2396 3092 2513 3150 tate
2538 3090 2783 3150 rationis
2804 3131 2826 3164 ,
2874 3092 2980 3151 sed
3020 3091 3276 3154 admittit
3311 3094 3764 3155 crassimdinem
3797 3095 3933 3154 ima-

2397 3184 2715 3258 ginationis
2724 3205 2742 3259 3
2762 3186 3058 3246 secundus
3077 3191 3272 3263 potest
3288 3189 3407 3247 dici
3426 3190 3775 3264 terminalis,
3799 3206 3936 3266 quo-

2397 3279 2563 3339 niam
2600 3280 2666 3337 in
2691 3280 2799 3338 illo
2848 3281 3193 3353 negociatur
3236 3283 3366 3341 sola
3409 3284 3558 3342 ratio
3578 3325 3598 3355 ,
3635 3285 3721 3343 ad
3765 3299 3936 3360 quam

2398 3373 2744 3433 terminatur
2775 3373 3163 3448 imaginati03
3194 3375 3399 3435 tertius
3429 3380 3625 3451 potest
3650 3378 3775 3437 dici
3797 3379 3936 3436 fina-

2398 3467 2504 3540 lis,
2532 3481 2645 3541 pro
2675 3483 2748 3526 eo
2777 3468 2946 3542 quod
2973 3468 3201 3542 attingit
3226 3469 3314 3527 illi
3340 3470 3448 3528 fini
3476 3487 3582 3530 seu
3609 3472 3783 3531 finali
3809 3471 3935 3530 cali·

2398 3554 2523 3635 gini
2544 3603 2561 3631 ,
2612 3561 2717 3636 qui
2771 3564 2858 3620 est
2909 3561 3046 3619 finis
3100 3563 3636 3638 circumscriptivus
3687 3565 3936 3625 universi

2400 3653 2579 3714 creati
2605 3654 2865 3713 luminis.
2898 3658 2977 3713 De
3000 3656 3230 3730 primo⁷
3254 3675 3269 3713 ε
3293 3676 3323 3712 α
3342 3657 3575 3716 Videbit
3591 3660 3790 3718 omnis
3809 3673 3935 3718 caro

2398 3747 2655 3808 salutare
2697 3748 2815 3806 Dei.
2845 3768 2875 3824 p
2907 3749 3060 3808 Talis
3097 3765 3236 3808 caro
3273 3755 3360 3811 est
3395 3751 3649 3810 carnalis
3687 3757 3936 3812 contem-

2397 3841 2582 3916 platio
2601 3882 2621 3913 ,
2669 3841 2732 3899 in
2778 3858 2900 3916 qua
2938 3858 3064 3901 non
3107 3848 3390 3917 operatur
3424 3861 3577 3918 pura
3613 3847 3798 3920 ratio,
3840 3844 3938 3904 sed

2400 3940 2757 4011 cooperatur
2786 3936 3151 4009 imaginatio.
3184 3940 3264 3995 De
3304 3938 3570 3997 secundo
3611 3940 3842 3999 canitur
3878 3940 3933 3996 ⁸:

2407 4048 2437 4083 α
2460 4029 2745 4087 Viderunt
2785 4045 2993 4089 omnes
3041 4030 3276 4089 termini
3322 4035 3488 4090 terras
3533 4032 3794 4092 salutare
3844 4030 3936 4090 Dei

2398 4123 2600 4181 nostri.
2634 4142 2663 4178 s
2694 4123 2946 4182 Termini
2970 4126 3137 4182 terrai
3159 4129 3296 4183 sunt
3321 4124 3660 4184 terminales
3686 4130 3937 4186 contem-

2399 4218 2693 4293 plationes
2727 4212 3043 4292 cujuslibet
3087 4218 3395 4292 terrigenae
3416 4262 3437 4291 ,
3477 4220 3539 4277 in
3576 4220 3798 4295 quibus
3823 4235 3936 4278 non

2401 4314 2681 4387 operatur
2705 4311 3085 4386 imaginatio,
3123 4313 3231 4370 sed
3270 4328 3424 4386 pura
3449 4312 3598 4373 ratio
3623 4356 3641 4385 ,
3679 4331 3817 4389 quae
3860 4317 3937 4371 est

2399 4405 2840 4479 imaginationis
2884 4405 3242 4463 terminatio.
3288 4408 3369 4464 De
3413 4406 3584 4465 tertio
3612 4407 3678 4464 ⁹:
3716 4430 3745 4461 «
3774 4405 3935 4464 Vide·

2399 4498 2552 4558 bunt
2586 4514 2794 4558 omnes
2829 4498 2978 4556 fines
3021 4502 3189 4556 terrae
3235 4501 3487 4559 salutare
3529 4500 3629 4558 Dei
3665 4502 3865 4561 nostri.
3903 4519 3930 4552 n

2401 4592 2513 4662 Qui
2539 4595 2677 4651 sunt
2703 4592 2851 4650 fines
2874 4597 3044 4650 terroe
3052 4633 3074 4664 ,
3114 4592 3228 4650 nisi
3253 4591 3462 4652 finales
3490 4593 3933 4670 contemplatio·

2400 4703 2506 4746 nes
2532 4686 2843 4759 cuiuslibet
2885 4686 3168 4745 terrestris
3202 4702 3473 4760 personae
3494 4730 3514 4761 ,
3543 4688 3789 4747 rationis
3822 4692 3930 4746 ter·

2401 4780 2597 4839 minos
2629 4784 2995 4838 transeuntes
3007 4822 3026 4851 ,
3054 4784 3112 4837 et
3145 4778 3413 4839 divinam
3440 4782 3756 4857 caliginem
3795 4781 3930 4840 sub·

2403 4875 2651 4934 euntes?
2679 4875 2809 4931 Haec
2835 4876 2921 4933 est
2948 4873 3142 4947 caligo
3166 4917 3183 4948 ,
3211 4875 3288 4933 de
3315 4891 3435 4949 qua
3472 4876 3556 4933 sic
3582 4877 3784 4936 scribit
3810 4875 3933 4933 Dio-

2402 4967 2606 5043 nysius
2633 4966 2678 5004 ¹⁰
2705 4984 2722 5024 z
2758 4984 2789 5022 α
2814 4966 3022 5025 Divina
3047 4966 3238 5041 caligo
3268 4971 3355 5027 est
3400 4968 3807 5028 inaccessibile
3848 4969 3933 5027 lu·

2402 5076 2572 5134 men,
2591 5059 2655 5118 in
2674 5076 2795 5134 quo
2812 5060 3080 5120 habitare
3103 5065 3252 5119 Deus
3275 5062 3490 5121 dicitur
3501 5082 3520 5136 3
3549 5066 3607 5121 et
3629 5060 3933 5121 invisibilis

2402 5153 2650 5230 quidem
2690 5153 2972 5226 existens,
3009 5160 3251 5230 propter
3287 5154 3671 5215 excedentem
3714 5156 3935 5215 clarita·

2404 5293 2480 5343 iv,
2508 5284 2585 5335 Π.
2615 5308 2679 5321 -
2704 5284 2722 5315 ’
2755 5283 2893 5345 Luc„
2920 5293 3003 5348 ιιι,
3034 5284 3082 5333 6.
3106 5308 3168 5321 -
3193 5283 3216 5319 ⁸
3244 5280 3383 5334 Psal.
3417 5294 3581 5349 xcvn,
3608 5286 3656 5336 3.
3684 5310 3746 5323 -
3771 5282 3792 5314 ·
3817 5281 3931 5341 lea„

2405 5365 2501 5421 nn,
2532 5357 2609 5406 to.
2633 5379 2696 5392 —
2725 5354 2771 5391 ¹⁸
2799 5353 2974 5418 Dion„
3001 5352 3073 5404 ad
3094 5353 3304 5407 Dor-oth.
