4196 6294
427 600 652 654 Ecclesia
670 599 726 651 in
742 600 845 651 hoe
872 597 1070 663 psalmo
1089 611 1181 648 sex
1210 596 1507 649 nominibus
1532 598 1747 662 appella-

422 679 526 725 tur.
552 672 686 734 Quid
712 671 778 722 sit
802 670 1053 735 prolepsis
1081 670 1172 736 (α).
1201 669 1521 722 Poenitentiae
1555 684 1747 736 angus-

422 745 493 796 tia
520 743 862 809 quadruplex.

359 818 587 880 Domine,
616 816 749 865 Deus
770 813 953 865 salutis
983 829 1124 874 meoe,
1151 814 1338 865 Psalm.
1380 816 1457 865 87.
1489 816 1743 879 interpre-

424 889 545 939 tatio
588 886 801 952 mystica
826 885 971 936 vocis
1011 885 1268 936 Msheleth
1299 884 1387 948 (α).
1431 886 1742 937 innocentiae

420 961 536 1011 duas
562 956 761 1024 species
796 956 884 1023 (ὁ).
923 958 999 1008 ΒΘ
1036 957 1219 1023 triplici
1257 958 1575 1010 rectitudinis
1623 971 1739 1021 spe-

422 1046 519 1083 cie.

357 1103 606 1154 Memoria
627 1102 786 1153 trium
811 1100 1048 1152 habenda
1072 1100 1164 1166 (α).
1195 1100 1343 1161 Quod
1378 1104 1514 1152 Deus
1541 1101 1741 1152 sanavit

1831 459 2095 528 INDEX.

1807 744 1898 795 262

1803 1031 1894 1082 262

418 1174 640 1241 quinque
680 1186 873 1239 genera
902 1172 1186 1224 bominum.
1232 1173 1459 1232 Quatuor
1500 1172 1740 1223 attributa
1833 1212 1836 1217 .

416 1247 677 1311 praecipue
727 1244 1072 1297 manifestavit
1132 1245 1270 1296 Deus
1331 1244 1388 1296 in
1438 1245 1534 1296 ista
1586 1258 1737 1296 sana-

416 1318 554 1369 tione
584 1318 668 1382 (c).

351 1389 723 1441 Misericordiae
764 1389 1007 1452 Domini,
1056 1387 1240 1440 Psalm.
1286 1390 1365 1438 88.
1400 1389 1474 1438 De
1517 1389 1739 1452 quatuor

413 1462 685 1525 generibus
711 1460 985 1511 malorum.
1008 1459 1358 1512 confessionis
1381 1464 1598 1524 quatuor
1618 1473 1738 1509 con-

412 1533 649 1585 ditiones.
678 1536 754 1584 De
797 1532 1055 1598 requisitis
1090 1533 1158 1582 ad
1198 1546 1376 1583 veram
1403 1531 1737 1582 humilitatem

411 1610 529 1669 post
552 1610 837 1670 peccatum.
893 1606 967 1656 De
1011 1604 1174 1654 tribus
1215 1603 1489 1654 virtutibus
1525 1616 1650 1668 quas
1682 1603 1737 1653 in

411 1675 652 1740 praisenti
670 1676 921 1742 attingere
947 1689 1240 1738 possumus.

349 1746 424 1797 De
451 1747 719 1812 multiplici
754 1747 888 1798 oleo.
918 1748 992 1797 De
1018 1746 1286 1810 multiplici
1319 1746 1524 1797 throno.
1554 1748 1629 1796 ΒΘ
1653 1744 1737 1796 tri-

411 1818 508 1868 bus
533 1818 900 1870 munitionibus
925 1819 1221 1869 Judoeorum
1256 1817 1342 1880 (a).
1368 1820 1442 1868 De
1470 1816 1736 1883 multiplici

408 1890 597 1954 gladio.
623 1893 698 1943 De
722 1890 884 1941 tribus
906 1890 1393 1941 commutationibus
1421 1890 1624 1941 Christi.

346 1960 574 2024 Domine,
604 1964 858 2027 resuqium
882 1963 1047 2027 factus
1066 1978 1135 2022 es,
1165 1962 1353 2013 Psalm.
1380 1965 1459 2013 89.
1484 1963 1731 2022 Quaenam

404 2034 660 2100 praecipue
687 2035 921 2086 divinum
949 2049 1196 2098 sponsum
1228 2035 1608 2086 commendent.

344 2107 419 2157 De
445 2106 553 2157 vita
576 2106 803 2159 humana
833 2107 922 2171 (a).
956 2108 1104 2171 Legis
1143 2106 1336 2171 Moysis
1373 2110 1425 2156 et
1469 2108 1735 2171 Evangelii

405 2178 680 2229 discrimen
724 2181 817 2241 (a).
864 2178 1012 2237 Quod
1061 2179 1197 2228 Deus
1236 2177 1363 2228 nihil
1407 2192 1525 2228 cum
1556 2179 1733 2229 labore

405 2249 539 2300 fecit.
598 2251 843 2301 creatura
894 2250 1166 2300 mutationi
1237 2249 1467 2313 subjecta
1522 2255 1733 2314 propter

403 2320 518 2372 tria.
537 2321 742 2385 Triplici
766 2322 830 2372 de
857 2335 1011 2372 causa
1024 2320 1261 2370 homines
1280 2320 1436 2370 modo
1463 2321 1635 2372 minus
1657 2322 1733 2371 vi-

403 2397 550 2453 vunt,
576 2407 730 2457 quam
758 2398 877 2444 ante
905 2392 1172 2443 diluvium.
1203 2394 1276 2443 De
1304 2393 1592 2456 quindecim
1620 2407 1734 2458 gra-

402 2464 553 2515 dibus
573 2466 753 2530 templi
776 2465 1051 2517 salomnis.
1075 2466 1150 2515 De
1174 2463 1597 2529 multiplicatione
1621 2466 1724 2517 uni·

402 2536 520 2587 tatis
547 2537 611 2586 ad
636 2536 934 2588 ternarium.

341 2611 415 2671 De
447 2610 761 2674 plenitudine
791 2609 1057 2675 multiplici
1089 2607 1177 2675 (a).
1226 2610 1300 2659 ΒΘ
1347 2608 1532 2673 triplici
1579 2608 1726 2661 trini-

404 2684 507 2732 tate
538 2681 623 2745 (a).

340 2752 437 2814 Qui
465 2751 663 2802 habitat
701 2753 756 2802 in
802 2752 1056 2817 acb'utorio
1082 2750 1344 2802 Altissimi
1365 2787 1380 2812 ,
1412 2750 1601 2802 Psalm.
1647 2753 1725 2802 90.

400 2824 672 2875 piscatoris
699 2827 751 2874 et
774 2823 1032 2875 venatoris
1060 2822 1353 2873 discrimen.
1385 2823 1615 2874 Verbum
1652 2837 1729 2873 as-

396 2908 579 2959 perum
623 2894 809 2960 triplex
869 2898 955 2958 (α).
1012 2894 1251 2945 Ecclesiae
1310 2894 1727 2957 persecutionum

398 2966 717 3032 quadruplex
745 2982 928 3032 genus.
958 2966 1189 3018 Christus
1222 2965 1301 3016 leo
1334 2965 1520 3029 victor,
1545 2966 1725 3017 diabo-

396 3036 476 3088 lus
500 3039 583 3089 leo
612 3038 780 3090 victus
806 3042 858 3089 et
878 3038 1187 3088 vincenduS.

333 3110 524 3175 Homo,
536 3110 747 3175 vitulus,
758 3111 861 3173 leo,
874 3111 1061 3175 aquila.
1083 3110 1285 3175 Triplex
1299 3109 1492 3160 malum
1499 3110 1727 3162 hominis

397 3183 451 3232 in
469 3184 566 3233 hac
591 3183 713 3234 vita.
749 3183 992 3234 Diabolus
1018 3183 1100 3233 leo
1130 3186 1182 3233 et
1207 3183 1361 3233 draco
1392 3183 1486 3246 (a).
1515 3183 1725 3250 Capitis,

395 3254 564 3305 cordis
583 3260 636 3304 et
655 3254 849 3319 pedum
887 3268 1068 3304 sensus
1093 3253 1339 3318 mysticus
1366 3252 1459 3318 (a).

327 3326 526 3375 Bonum
553 3329 627 3375 esi
652 3326 881 3390 confiteri
923 3327 1153 3389 Domino,
1187 3325 1374 3376 Psalm.
1419 3328 1502 3376 91.
1535 3326 1608 3377 De
1636 3326 1723 3378 tri-

394 3396 513 3461 plici
539 3397 754 3448 sabbato
776 3401 830 3449 et
855 3397 1049 3462 quiete.

328 3467 408 3517 De
435 3467 625 3531 duplici
653 3468 992 3519 confessione.
1030 3466 1150 3518 Tria
1175 3470 1294 3517 sunt
1321 3481 1436 3532 quoe
1462 3467 1722 3519 fastidium

394 3543 657 3602 generant.
681 3542 804 3591 Tres
826 3539 1025 3603 species
1050 3539 1416 3603 temperantiae.
1441 3539 1646 3602 Triplex
1668 3540 1723 3591 in

391 3609 599 3660 homine
621 3610 819 3661 vitium.
841 3612 916 3661 De
936 3609 1119 3674 triplici
1138 3610 1385 3661 remedio.
1411 3613 1486 3661 De
1510 3611 1715 3675 hyeme,

392 3684 567 3731 testate
595 3685 646 3732 et
673 3685 920 3733 autumno
950 3681 1153 3746 generis
1179 3681 1389 3731 humani
1409 3683 1497 3745 (a).
1527 3682 1718 3746 Iniqui-

390 3752 509 3803 tatis
534 3757 640 3804 tres
659 3754 880 3818 species3
912 3758 1018 3804 tres
1045 3766 1251 3816 quoque
1277 3752 1476 3817 species
1499 3756 1714 3817 peccati.

393 3825 559 3885 Quare
586 3825 755 3889 ,iustus
783 3825 967 3888 palmae
998 3829 1343 3889 comparetur.

1797 1676 1890 1725 263

1796 2039 1886 2088 264

1792 2541 1882 2590 265

1786 3042 1879 3092 266

1785 3401 1875 3452 267

324 3894 572 3945 Dominus
592 3896 839 3960 reynavit,
866 3897 1085 3946 decorem
1099 3896 1299 3945 indutus
1315 3897 1405 3959 est,
1427 3895 1614 3948 Psalm.
1636 3901 1715 3949 92.
1813 3916 1818 3920 ·

390 3966 494 4017 Cur
519 3966 573 4016 in
593 3967 803 4018 hebraea
828 3967 1079 4031 scriptura
1105 3966 1358 4017 elementa
1379 3967 1564 4032 viginti
1591 3970 1713 4020 du0.

322 4039 403 4088 De
431 4037 698 4100 multiplici
724 4038 909 4089 decore
937 4039 1046 4088 Dei.
1076 4040 1148 4088 De
1176 4038 1444 4102 multiplici
1461 4040 1581 4090 sede
1603 4042 1714 4092 Dei.

391 4110 465 4160 De
491 4108 757 4175 multiplici
775 4109 1109 4173 plenitudine.
1139 4109 1384 4160 Fluminis
1416 4111 1713 4175 significatio

387 4180 670 4245 multiplex.
692 4179 988 4232 Testimonii
1008 4179 1170 4230 divini
1183 4180 1292 4231 laus
1307 4182 1490 4246 triplex
1511 4182 1600 4247 (α).
1621 4186 1717 4235 Ra-

389 4251 555 4302 tiones
573 4252 804 4318 mysticae
825 4254 1018 4316 quartoe
1036 4249 1178 4302 ferite
1197 4254 1249 4301 et
1270 4253 1602 4305 institutionis
1622 4256 1712 4307 de-

388 4321 641 4374 cimarum
673 4324 761 4386 (a).

318 4395 458 4446 Deus
474 4395 725 4445 ultionum
754 4394 1014 4459 Dominus,
1043 4395 1230 4446 Psalm.
1252 4397 1330 4447 93.
1355 4397 1430 4448 ΒΘ
1448 4397 1712 4464 multiplici

386 4466 579 4518 ultione
612 4467 725 4518 Dei.

317 4537 501 4590 Sancti
527 4537 766 4589 dicuntur
795 4537 971 4588 lumen
1005 4536 1370 4601 multipliciter.
1403 4540 1479 4590 De
1522 4539 1710 4605 duplici

382 4608 693 4662 infirmitate.
721 4611 795 4661 De
822 4610 983 4660 tribus
1009 4608 1308 4659 differentiis
1331 4608 1590 4662 bonorum
1607 4650 1620 4675 ‚
1660 4617 1712 4665 et

386 4680 450 4730 de
477 4681 694 4732 totidem
734 4681 1005 4733 malorum.
1051 4683 1126 4731 De
1157 4680 1344 4744 triplici
1384 4683 1707 4735 necessitate.

381 4753 426 4800 Α
454 4752 720 4815 multiplici
747 4752 1038 4803 infirmitate
1064 4751 1301 4802 liberavit
1323 4765 1419 4802 nos
1442 4752 1686 4807 Christus.

322 4823 519 4884 Venite,
537 4824 815 4875 exultemus
841 4825 1077 4889 Domino,
1108 4824 1295 4876 Psalm.
1327 4826 1404 4874 94.
1432 4827 1597 4885 Quare
1625 4828 1709 4879 bic

379 4894 610 4958 psalmus
633 4896 687 4945 in
716 4895 999 4960 Epiphania
1020 4910 1129 4946 non
1149 4895 1214 4945 ad
1237 4893 1601 4960 invitatorium,
1616 4900 1708 4951 sed

380 4969 503 5029 post
527 4970 728 5016 sextum
749 4967 1002 5031 psalmum
1031 4967 1247 5031 legatur.

233 5070 244 5081 .
311 5037 489 5097 Quare
519 5039 931 5103 praeoccupanda
956 5039 1112 5090 facies
1138 5038 1344 5090 Domini
1373 5039 1455 5102 (o).
1484 5042 1706 5106 Populus

377 5106 545 5159 fidelis
566 5109 752 5160 dicitur
779 5110 891 5161 ovis
911 5114 1123 5175 propter
1145 5111 1258 5162 tria.
1291 5108 1471 5161 Tribus
1499 5126 1563 5164 ex
1589 5129 1707 5165 cau-

381 5178 725 5315 zifigfflari
750 5185 922 5246 potest
948 5196 1039 5234 cor
1065 5181 1287 5233 hominis
1317 5181 1402 5248 (α).
1433 5184 1508 5235 ΒΘ
1538 5185 1703 5238 multi-

1780 3974 1868 4026 268

1775 4474 1865 4525 269

1769 4975 1859 5026 270

369 5416 439 5473 (α)
468 5418 563 5459 Boo
588 5428 676 5460 non
709 5415 873 5460 babent
891 5418 987 5460 cot
1016 5417 1124 5462 edit.
1156 5440 1208 5452 —
1241 5417 1298 5474 (ὁ)
1332 5416 1446 5463 Goet.
1477 5418 1586 5463 edit.
1618 5423 1685 5467 ΒΘ
1720 5423 1860 5469 tribus

306 5477 550 5544 speciebus
565 5479 712 5528 mnes.
723 5478 959 5538 ·-(c)1oem
967 5482 1035 5527 De
1042 5482 1231 5537 quatuor
1239 5480 1382 5548 modis
1390 5483 1595 5531 mandi.
1602 5506 1656 5520 -
1667 5485 1732 5543 (d)
1745 5485 1856 5534 Goet.

1973 618 1976 627 ¹
2009 597 2219 650 Coniate
2244 600 2535 663 Domino...,
2562 600 2724 652 omnis
2742 600 2898 663 terra,
2927 595 3113 649 Psalm.
3140 597 3218 648 95.
3237 597 3396 648 Terra

2060 670 2184 734 quid
2216 672 2430 738 mystice
2459 672 2725 738 significet.

2007 742 2253 803 Quaenam
2292 744 2546 808 praecipue
2591 743 2846 794 Christum
2890 740 3256 792 commendent
3302 740 3389 802 (α).

2066 815 2447 879 Praepositionis
2476 816 2531 865 In
2563 816 2776 866 diversae
2805 813 3144 877 acceptiones.
3163 813 3392 873 Quatuor

2063 885 2244 936 litteris
2260 887 2483 938 nominis
2507 888 2669 938 Adam
2699 900 2904 937 crucem
2930 885 3170 949 figurant.

2003 957 2246 1007 Dominus
2271 960 2518 1022 reqnam‘t,
2555 958 2767 1018 exultet,
2811 956 2999 1007 Psalm.
3039 958 3118 1005 96.
3162 954 3391 1006 Christus

2060 1030 2330 1093 malorum,
2352 1032 2577 1095 aequexac
2592 1030 2869 1091 bonorum,
2900 1026 3160 1092 quomodo
3182 1041 3272 1076 rex
3294 1030 3381 1088 (α).

2063 1104 2139 1152 ΒΘ
2158 1101 2573 1168 multipliciigne.
2587 1103 2753 1162 Quare
2771 1100 3022 1151 miracula
3042 1099 3138 1150 Dei
3154 1099 3389 1151 dicantur

2061 1173 2263 1239 fulgura
2290 1176 2377 1239 (α).
2935 1174 2945 1185 “

2003 1244 2214 1297 Cantate
2241 1248 2474 1307 Domino,
2502 1248 2622 1313 quia
2656 1244 2921 1297 mirabilia
2947 1245 3089 1309 fecit,
3123 1245 3255 1298 Psal.
3303 1247 3382 1297 97.

2060 1318 2228 1377 Quare
2254 1319 2409 1370 Filius
2437 1320 2633 1370 dicatur
2659 1320 2887 1370 dextera.

1999 1390 2074 1439 De
2106 1390 2256 1452 lignis
2282 1392 2510 1454 citharas,
2539 1391 2679 1442 etde
2706 1391 2951 1456 allegoria
2988 1403 3187 1452 eorum,
3222 1394 3276 1440 et
3319 1390 3384 1441 de

2059 1462 2253 1525 plectro
2283 1468 2335 1513 et
2365 1464 2535 1514 clavis.
2575 1466 2650 1514 De
2676 1463 2939 1528 multiplici
2964 1463 3169 1513 mallen.
3212 1462 3384 1513 Sancti

2060 1532 2297 1583 dicuntur
2346 1534 2548 1585 laminae
2593 1549 2781 1586 aurete.
2830 1538 2933 1585 Sex
2983 1534 3165 1584 dicitur
3208 1547 3384 1584 amara

2057 1609 2269 1668 propter
2290 1606 2406 1656 tria.
2437 1607 2586 1666 Quod
2612 1620 2753 1656 mare
2776 1606 3122 1671 multipliciter
3149 1604 3348 1656 dicitur.

1996 1676 2235 1726 Dominus
2248 1680 2493 1740 removit,
2503 1679 2802 1741 irascantur,
2822 1678 3007 1728 Psalm.
3020 1680 3078 1727 98
3088 1714 3100 1727 .
3113 1677 3381 1740 Prophetes

2056 1748 2397 1812 loquebantur
2421 1750 2517 1798 sub
2543 1749 2797 1799 velamine
2823 1748 3007 1813 triplici
3036 1749 3099 1798 de
3122 1762 3294 1799 causa.

1994 1819 2219 1869 lubilate
2262 1821 2390 1884 Deo,
2436 1822 2621 1873 Psalm.
2674 1824 2751 1871 99.
2799 1821 2947 1881 Quod
2990 1820 3243 1871 confessio
3283 1820 3383 1870 alia

2057 1891 2253 1952 laudiS,
2284 1892 2383 1943 alia
2423 1894 2635 1957 peccati.
2682 1894 2827 1944 Unde
2856 1892 3024 1945 Sancti
3062 1892 3381 1943 consessores

2055 1964 2292 2015 dicantur
2315 1966 2405 2031 (α).
2437 1966 2587 2025 Quod
2610 1968 2760 2030 porta
2791 1962 3057 2030 multiplici
3084 1978 3240 2015 sensu
3258 1963 3378 2015 dici-

2054 2040 2155 2088 tur.

1993 2108 2393 2159 Misericordiam
2416 2112 2465 2159 et
2483 2110 2758 2174 judicium,
2787 2110 2976 2161 Psalm.
3009 2112 3114 2161 100.
3147 2108 3245 2160 Per
3278 2123 3376 2160 nu-

2055 2194 2255 2230 merum
2283 2181 2626 2231 centesimum
2655 2181 2965 2246 significatur
2992 2181 3255 2245 perfectio.

1993 2252 2280 2315 Descriptio
2318 2252 2415 2303 viri
2445 2254 2672 2316 perfecti.
2704 2255 2775 2305 Ad
2801 2254 2919 2317 hoc,
2948 2252 3084 2316 quod
3114 2252 3294 2317 aliquis
3316 2253 3381 2304 sit

2053 2314 2110 2364 in
2137 2315 2311 2378 dome,
2335 2316 2433 2365 tria
2450 2321 2571 2368 sunt
2595 2316 2899 2368 necessaria.
2929 2317 3004 2367 De
3032 2316 3193 2367 tribus
3224 2317 3377 2381 parti·

2052 2385 2148 2436 bus
2165 2386 2490 2438 innocentiae.

1993 2457 2218 2522 Domine,
2251 2460 2438 2508 exaudi
2479 2460 2754 2510 orationem
2795 2474 2984 2515 meam.
3033 2459 3221 2510 Psalm.
3267 2463 3374 2511 101.

2052 2531 2220 2581 Homo
2240 2531 2537 2582 vulneratus
2566 2532 2720 2582 estin
2745 2531 3058 2581 naturalibus
3083 2545 3178 2594 per
3202 2545 3378 2596 pecca-

2050 2603 2160 2652 tum
2177 2602 2319 2665 Adae,
2342 2617 2450 2653 non
2474 2603 2757 2667 expoliatur
2778 2604 2867 2668 (o).
2888 2605 2962 2653 De
2979 2603 3165 2667 triplici
3183 2604 3375 2655 unione

2052 2675 2291 2725 Ecclesiae
2322 2689 2441 2725 cum
2470 2676 2653 2738 capite.
2682 2678 2756 2725 De
2782 2675 3098 2738 quadruplici
3118 2676 3372 2727 anxietate

2051 2746 2256 2798 Christi.
2286 2747 2403 2798 Tria
2438 2747 2725 2811 impediunt
2763 2747 3027 2797 hominem
3043 2782 3061 2811 ,
3103 2748 3376 2812 quominus

2049 2818 2365 2870 exaudiatur.
2396 2819 2736 2879 Quandonam
2760 2818 3058 2868 exaudiatur
3094 2819 3276 2869 oratic.

1988 2889 2260 2957 Quomodo
2289 2892 2425 2940 Deus
2451 2891 2648 2940 dicatur
2660 2889 2849 2939 habere
2869 2903 3036 2953 aures,
3058 2890 3253 2952 oculos,
3272 2894 3370 2941 etc.

2050 2961 2305 3012 Moestitiae
2346 2977 2513 3012 causae
2558 2970 2663 3014 tres
2706 2962 2797 3026 (a).
2846 2961 3116 3019 Quomodo
3143 2966 3372 3026 captetur

2047 3034 2406 3084 benevolentia
2424 3033 2632 3100 judicis.
2660 3032 2806 3084 Fumi
2833 3032 3133 3097 significatio
3159 3034 3372 3100 mystica

2046 3104 2103 3155 in
2123 3106 2261 3156 bono
2292 3106 2382 3171 (a).
2409 3105 2526 3156 Tria
2545 3103 2866 3169 peccantium
2899 3118 3106 3170 genera.
3138 3106 3211 3156 De
3238 3106 3372 3157 mul-

2047 3176 2205 3240 tiplici
2234 3191 2456 3241 passere.
2478 3177 2704 3228 Christus
2731 3175 2916 3226 dicitur
2943 3177 3196 3227 solitarius
3223 3192 3372 3243 prop-

2046 3253 2127 3300 ter
2147 3249 2262 3300 tria.
2285 3251 2485 3300 Nomen
2513 3250 2632 3298 Dies
2653 3247 2996 3312 multipliciter
3020 3249 3283 3312 accipitur.

1986 3323 2135 3384 Quod
2180 3326 2448 3386 peccatum
2502 3320 2651 3385 primi
2711 3319 2936 3371 hominis
2983 3319 3167 3382 triplex
3215 3335 3372 3384 poena

2045 3397 2221 3445 secuta
2247 3397 2343 3456 est,
2372 3397 2423 3444 et
2449 3393 2511 3442 de
2538 3391 2724 3455 triplici
2761 3390 3008 3442 remedio.
3037 3391 3239 3455 Triplex
3266 3393 3369 3443 ele-

2046 3466 2186 3518 vatio
2212 3464 2451 3515 humanae
2478 3467 2673 3514 naturae
2704 3461 2797 3525 (a).
2830 3462 3115 3513 lncarnatio
3154 3465 3367 3514 descen-

2046 3551 2152 3601 sus,
2172 3537 2320 3586 simul
2350 3539 2401 3586 et
2427 3549 2666 3587 ascensus
2701 3534 2799 3585 dici
2823 3538 3008 3597 potest.
3039 3534 3169 3593 Quid
3196 3535 3369 3587 Domi-

2042 3624 2142 3660 nus
2160 3608 2417 3672 scripserit
2439 3608 2495 3658 in
2521 3611 2658 3658 terra
2687 3607 2774 3670 (a).
2812 3607 2961 3666 Quod
2998 3607 3112 3657 ovis
3139 3607 3192 3656 in
3218 3622 3369 3658 mon-

2043 3681 2177 3733 tibus
2204 3681 2382 3730 relicta
2414 3693 2517 3729 una
2543 3678 2929 3744 mysterialiter,
2958 3678 3219 3742 multiplex
3255 3694 3370 3743 per-

2044 3753 2305 3805 sonaliter.
2336 3754 2471 3802 lnter
2493 3751 2758 3802 hominem
2794 3750 2995 3815 lapsum
3018 3753 3070 3801 et
3109 3751 3366 3801 Christum

2042 3825 2305 3877 antithesis
2335 3825 2423 3888 (α).
2452 3823 2600 3882 Quod
2627 3837 2758 3886 opus
2783 3822 2876 3872 Dei
2899 3822 3010 3872 sine
3032 3823 3223 3875 artifice
3250 3823 3367 3875 sub-

2041 3898 2217 3949 sistere
2244 3895 2439 3959 nequit,
2468 3895 2559 3945 sed
2586 3908 2697 3944 non
2725 3908 2753 3944 Θ
2782 3908 3054 3945 converso.

1979 3970 2128 4032 Quod
2147 3969 2279 4019 inter
2306 3967 2526 4028 initium,
2556 3964 2863 4030 principium
2898 3969 2951 4015 et
2975 3966 3243 4017 exordium
3271 3967 3367 4017 dil·-

2038 4042 2257 4094 t‘erentia
2275 4044 2369 4091 est.
2395 4039 2512 4091 Tria
2538 4040 2674 4103 sunt,
2694 4050 2809 4103 quae
2826 4036 3085 4102 praecipue
3103 4052 3367 4090 commen-

2038 4115 2163 4165 dant
2184 4115 2347 4163 Denm
2379 4111 2461 4175 (α).

1980 4185 2200 4246 Benedic,
2216 4185 2385 4234 anima
2402 4197 2531 4244 mea,
2542 4181 2771 4244 Domino,
2784 4183 2833 4231 et
2848 4181 3034 4243 omnia,
3048 4181 3237 4232 Psalm.
3251 4185 3357 4233 102.

2038 4260 2113 4309 ΒΘ
2140 4257 2337 4306 duabus
2364 4254 2591 4319 partibus
2618 4252 2848 4303 rationis.
2883 4254 3077 4303 Rursus
3108 4254 3173 4304 de
3201 4253 3362 4304 tribus

2034 4330 2265 4394 partibus
2292 4326 2547 4377 interioris
2589 4324 2804 4384 animm,
2849 4337 2963 4388 quae
3011 4338 3221 4388 omnes,
3264 4340 3359 4376 suo

2035 4413 2251 4465 quaeque
2269 4399 2446 4461 mode,
2472 4396 2678 4447 laudare
2698 4395 2886 4447 debent
2905 4397 3070 4447 Deum
3094 4399 3185 4461 (a).
3207 4397 3359 4457 Quod

2036 4472 2206 4538 angeli
2232 4484 2336 4521 non
2362 4473 2562 4519 tantum
2591 4466 2722 4518 circa
2758 4481 2857 4517 nos
2891 4472 3041 4533 sunt,
3084 4469 3175 4519 sed
3201 4469 3357 4520 etiam

2033 4543 2415 4612 quodammodo
2456 4542 2590 4593 intra
2627 4555 2744 4592 nos.
2785 4541 2911 4601 Quae
2959 4542 3095 4593 dona
3128 4543 3356 4594 Christus

2030 4616 2325 4666 hominibus
2370 4612 2660 4665 contulerit.
2712 4614 2787 4664 De
2831 4612 3016 4677 triplici
3060 4613 3353 4665 misericor-

2032 4688 2117 4739 dia
2152 4688 2238 4752 (α).
2268 4685 2418 4746 Quod
2452 4683 2643 4738 Coelum
2671 4682 2883 4734 diversis
2905 4684 3072 4734 modis
3091 4685 3354 4750 accipitur.

1971 4763 2044 4812 De
2085 4758 2353 4823 multiplici
2394 4757 2617 4808 fictione.
2654 4756 2730 4807 De
2768 4754 3097 4822 tortitudine,
3147 4761 3200 4810 et
3244 4756 3354 4822 ejus

2029 4831 2315 4897 speciebus.

1968 4903 2377 4965 Benedic,anima
2393 4915 2522 4960 mea,
2533 4900 2775 4951 Domino.-
2789 4899 3012 4961 Domine,
3034 4900 3221 4952 Psalm.
3241 4904 3352 4953 103.

2029 4978 2106 5027 De
2133 4973 2485 5025 benedictione
2529 4969 2785 5023 creatoris
2808 4971 2875 5022 ad
2897 4975 3182 5022 creamram
3198 5012 3210 5031 .
3241 4977 3293 5024 et
3323 4989 3352 5023 Θ

2030 5060 2300 5098 converso.
2343 5044 2493 5104 Quod
2520 5043 2749 5096 Christus
2774 5041 2960 5094 dicitur
2984 5043 3248 5108 speciosus
3275 5045 3351 5108 (d)

2029 5121 2085 5170 in
2142 5117 2327 5169 deitate
2376 5121 2427 5167 et
2478 5115 2534 5165 in
2579 5115 2912 5166 humanitate.
2964 5117 3039 5166 De
3087 5115 3353 5180 multiplici

2027 5190 2333 5242 vestimento
2373 5188 2454 5252 (e).
2482 5187 2631 5247 Quod
2654 5201 2810 5250 supra
2854 5187 3012 5238 coelos
3041 5188 3120 5252 (f)
3152 5187 3351 5252 frigidm

2028 5266 2148 5314 sunt
2176 5274 2340 5328 aquae.
2381 5260 2530 5322 Quod
2580 5263 2800 5325 quatuor
2852 5262 3007 5323 sunt,
3036 5273 3152 5326 quae
3203 5273 3353 5311 crea-

3433 462 3544 546 esi

3453 670 3541 721 271

3449 1316 3541 1371 272

3445 1608 3536 1658 2⁴13
3630 1668 3633 1671 ,

3440 2181 3531 2232 274

3436 2822 3526 2871 275

3432 3253 3524 3302 276

3428 3899 3518 3950 277

3419 4687 3507 4740 278

1966 5426 2071 5470 edit.
2101 5437 2361 5482 sponsus.—
2381 5424 2436 5481 (e)
2459 5423 2568 5470 Coet.
2595 5421 2701 5470 edit.
2723 5391 3055 5474 manento&
3074 5425 3138 5486 (s)
3157 5423 3268 5474 Coet.
3294 5426 3403 5475 odie.
3421 5441 3503 5474 non

1965 5487 2123 5534 haunt
2149 5500 2285 5546 supra
2313 5488 2464 5534 colos.
