4196 6294
1604 371 1967 440 PSALMUS
2009 368 2319 437 CXLVIII.
3436 375 3559 438 ⁸75

370 509 773 576 consolantur
816 509 895 575 de
923 506 1237 592 spirituali
1279 508 1677 591 reparatione
1718 508 1752 574 J
1756 527 1907 573 eru-

366 617 566 681 salem
587 667 612 696 ,
636 617 803 681 sicut
827 616 907 680 ad
940 614 1220 680 litteram
1256 616 1588 700 propheten
1614 618 1693 685 de
1718 636 1902 702 repa·

281 715 285 722 ’
364 725 610 789 ratione
630 723 985 789 Jerusalem
1013 725 1348 806 corporali.

162 957 295 1001 Deus

159 1032 305 1074 quare

120 1081 300 1193 wat?
356 1155 587 1238 janua,
619 1155 789 1239 quod
817 1155 907 1219 ibi
942 1160 1200 1221 notatur
1229 1179 1245 1219 ε
1298 1155 1700 1238 confortavit
1730 1175 1904 1222 seras

172 1145 241 1190 du

135 3223 313 3269 peccati

147 3286 313 3341 triplex

446 835 545 895 13.
593 831 915 912 Quoniam
947 833 1335 914 confortavit
1368 851 1543 896 seras
1564 840 1905 916 portarum

368 945 654 1003 tuarum.
687 938 802 1003 Hic
827 943 1104 1023 quatuor
1132 939 1337 1023 ponit,
1372 958 1570 1023 quare
1596 940 1762 1006 Deus
1795 941 1903 1005 de-

365 1049 510 1113 beat
534 1048 824 1114 laudari:
872 1050 1277 1114 securitatem
1297 1097 1318 1129 ,
1347 1049 1500 1132 quia
1532 1049 1747 1115 clausa
1784 1052 1905 1115 erit

358 1270 702 1345 portarum
730 1271 1032 1343 tuarum3
1068 1264 1178 1328 sed
1218 1264 1373 1347 quia
1407 1264 1612 1329 securi
1642 1270 1906 1347 possunt

363 1388 496 1435 esse
521 1370 589 1433 in
616 1370 892 1451 miseria,
926 1370 1142 1435 subdit
1175 1369 1727 1451 glorificationem,
1766 1370 1897 1435 ibi:

361 1477 700 1543 Benedioeit
722 1477 876 1558 filiis
908 1479 1033 1542 ταῖς
1066 1479 1135 1542 in
1172 1486 1252 1542 te.
1289 1476 1412 1543 Sed
1446 1479 1501 1542 si
1538 1478 1744 1560 gloria
1770 1497 1902 1544 non

360 1589 524 1650 esset
567 1603 1016 1668 perseveram,
1069 1603 1199 1651 non
1245 1589 1408 1649 esset
1458 1584 1647 1668 plena
1698 1585 1898 1650 beati-

359 1692 515 1756 tudo
547 1714 562 1756 :
592 1692 734 1757 ideo
763 1692 976 1757 subdit
1008 1691 1448 1756 sufficientiam
1470 1741 1490 1771 ,
1518 1691 1605 1755 ibi
1639 1693 1724 1775 (v.
1758 1693 1895 1771 14):

359 1801 455 1866 Et
477 1800 665 1883 adipe
690 1800 1011 1883 frumenti
1031 1800 1227 1863 satiat
1268 1807 1348 1864 te.
1398 1798 1520 1865 Sed
1547 1804 1620 1865 ut
1647 1818 1722 1864 eo
1749 1818 1896 1883 pos-

359 1908 562 1972 simus
581 1910 937 1991 pervenire,
960 1907 1143 1972 nobis
1163 1907 1232 1971 in
1252 1908 1360 1971 via
1377 1908 1548 1973 dedit
1563 1909 1894 1990 viaticum,

360 2015 594 2080 scilicet
655 2015 1012 2096 Christum,
1082 2014 1256 2079 unde
1319 2006 1533 2080 subdit
1599 2016 1684 2099 (v.
1731 2019 1828 2096 15)
1877 2039 1892 2080 :

358 2120 631 2186 Emittet
656 2121 983 2206 eloquium
1008 2141 1201 2186 suum
1228 2118 1648 2203 vehementer,
1685 2121 1750 2188 id
1778 2127 1894 2202 est,

359 2226 702 2309 Christum,
733 2230 1014 2297 Verbum
1037 2230 1265 2312 PatriS,
1292 2231 1467 2314 quod
1485 2230 1672 2296 Pater
1694 2231 1891 2295 misit.

356 2333 528 2399 Nihil
555 2337 726 2401 enim
763 2336 957 2403 Filius
985 2337 1096 2402 Dei
1128 2358 1164 2404 e
1191 2339 1397 2421 seipso
1422 2339 1589 2419 fecit,
1618 2339 1728 2403 sed
1755 2357 1894 2403 om-

355 2442 465 2506 nia
488 2444 634 2508 fecit
666 2445 923 2524 missus,
972 2449 1047 2510 ut
1076 2448 1320 2528 jussuS,
1353 2450 1431 2511 ut
1464 2450 1751 2526 vocatus,
1795 2446 1896 2512 vel

355 2548 604 2628 ductus,
654 2552 827 2617 unde
875 2555 895 2590 ¹
947 2571 964 2616 ε
1019 2577 1048 2614 α
1091 2554 1318 2619 Missus
1361 2555 1539 2619 venit
1588 2555 1657 2618 in
1702 2572 1892 2619 mun-

355 2655 545 2735 dum;
586 2679 618 2716 ι)
665 2658 892 2722 ductus
939 2659 1008 2724 in
1051 2661 1412 2739 desertum,
1460 2661 1633 2726 unde
1672 2662 1796 2727 hoc
1820 2663 1890 2725 ²:

363 2785 395 2823 α
429 2763 663 2829 Ductus
716 2769 824 2829 est
852 2766 1035 2831 Jesus
1073 2769 1143 2831 in
1188 2769 1543 2849 desertum3
1590 2790 1621 2828 x>
1676 2772 1897 2856 jussus

358 2871 714 2953 passionem
735 2873 952 2953 subiit,
983 2874 1155 2939 unde
1183 2875 1246 2938 ⁸:
1281 2897 1312 2935 α
1338 2874 1568 2939 Factus
1593 2875 1896 2939 obediens

355 2996 560 3060 usque
588 2979 669 3044 ad
698 2985 969 3046 mortem
984 3004 1001 3060 ;
1037 3004 1070 3040 »
1112 2985 1377 3047 vocatus
1416 2982 1729 3061 surrexit,
1770 3000 1898 3047 un-

355 3085 433 3150 de
457 3088 516 3146 ⁴:
555 3108 587 3146 α
614 3086 897 3170 Exurge,
929 3088 1138 3171 gloria
1162 3109 1326 3155 mea.
1357 3111 1388 3152 n

437 3200 535 3260 16.
584 3196 717 3277 Qui
740 3197 855 3262 dat
877 3199 1113 3263 nivem.
1163 3199 1280 3264 Hic
1314 3200 1437 3263 tria
1470 3217 1710 3281 genera
1744 3218 1892 3282 pec-

231 3361 301 3393 u·
356 3306 476 3368 cati
505 3305 811 3387 intelligit
847 3329 862 3371 :
911 3307 1341 3373 infelicitatem
1360 3357 1381 3388 ,
1430 3308 1560 3372 ibi:
1615 3308 1747 3389 Qui
1783 3307 1899 3371 a'at

354 3418 603 3493 nivem3
626 3414 871 3479 actuale
897 3420 1249 3498 peccatum,
1280 3416 1416 3483 sive
1433 3415 1889 3497 ignorantiam,

354 3524 428 3586 ut
472 3524 810 3605 exponitur
867 3524 994 3603 ibi,
1047 3525 1219 3590 unde
1277 3525 1426 3590 dicit
1468 3547 1484 3590 ε
1533 3525 1889 3607 Nebulam3

353 3629 590 3712 peccati
640 3630 1130 3695 obstinationem
1150 3680 1174 3712 ,
1227 3632 1318 3695 ibi
1362 3636 1450 3713 (v.
1501 3634 1598 3715 17)
1636 3640 1652 3696 ἑ
1698 3634 1895 3701 Mittit

353 3737 728 3821 crystallum
781 3757 970 3803 suam
1007 3760 1025 3804 z
1082 3743 1227 3823 post
1271 3741 1609 3824 subjungit
1657 3741 1894 3807 horum

357 3844 735 3909 deletionem
768 3846 874 3927 (a).
922 3845 1210 3912 Primum
1259 3853 1587 3931 peccatum
1650 3849 1895 3915 deletur

352 3969 468 4034 per
503 3951 731 4015 Christi
758 3954 1260 4019 incarnationem
1281 4004 1298 4036 ,
1340 3956 1513 4020 unde
1547 3978 1563 4019 ε
1613 3956 1746 4037 Qui
1782 3957 1896 4022 dat

351 4058 566 4122 nivem
626 4058 791 4123 sicut
851 4060 1071 4126 lanam
1094 4109 1110 4140 ,
1174 4080 1320 4145 quae
1389 4062 1892 4130 incarnationem

352 4164 713 4246 significat3
743 4169 1095 4234 secundum
1122 4189 1236 4254 per
1258 4171 1696 4254 poenitentiam
1714 4220 1736 4250 ,
1767 4191 1893 4237 un·-

353 4273 431 4339 de
463 4296 478 4339 z
509 4275 830 4343 Nebulam
871 4279 1034 4342 sicut
1072 4278 1350 4342 cinerem
1375 4279 1653 4362 sparqit,
1682 4279 1749 4343 id
1773 4284 1890 4359 est,

353 4383 826 4466 poenitentiam3
870 4385 1134 4451 tertium
1182 4405 1300 4470 per
1343 4385 1889 4469 praedicationem,

352 4488 442 4552 ibi
474 4510 491 4554 ε
522 4491 727 4558 Mittit
753 4493 1129 4576 crystallum
1165 4513 1376 4560 suam.
1408 4493 1609 4560 Nota:
1653 4494 1892 4578 ubique

351 4596 456 4661 hic
485 4598 745 4681 ponitur
767 4600 952 4681 sicut,
983 4620 1101 4685 pro
1117 4620 1243 4687 per
1263 4651 1283 4681 ,
1312 4606 1375 4667 et
1408 4606 1504 4667 est
1529 4603 1894 4687 protheseos

352 4704 679 4787 paraloge,
704 4706 939 4772 scilicet
957 4710 1321 4793 praepositio
1346 4710 1422 4794 (b)
1453 4728 1569 4794 pro
1587 4710 1892 4794 praeposi-

351 4810 542 4877 tione.
584 4810 701 4876 Hic
728 4812 960 4879 dicitur
990 4821 1013 4856 ⁸
1042 4837 1057 4881 ι
1104 4838 1136 4878 α
1170 4815 1338 4893 Quos
1362 4816 1652 4898 vocavit,
1683 4818 1801 4882 hos
1828 4822 1892 4883 et

351 4920 854 5003 praedestinavit;
885 4944 916 4983 n
952 4943 1108 4990 nam
1134 4927 1375 5008 legitur
1391 4974 1410 5005 ,
1441 4925 1614 5010 quod
1638 4928 1892 4995 vocavit

351 5027 516 5093 filios
541 5030 733 5096 Israel
778 5033 1092 5113 maxime;
1129 5034 1240 5099 sed
1273 5033 1304 5100 J
1311 5035 1568 5100 udaeum
1607 5035 1856 5101 fatuum
1871 5083 1888 5116 ,
1972 5054 1980 5063 ·

415 5155 435 5189 ¹
461 5154 675 5220 Manli„
703 5168 790 5221 xv,
817 5159 878 5209 28
895 5174 914 5223 ;
944 5160 963 5209 1
992 5160 1160 5224 Joan„
1190 5171 1264 5224 iv,
1290 5163 1338 5211 9.
1365 5186 1429 5201 -
1459 5160 1479 5191 ²
1500 5162 1707 5224 Mateta„
1737 5173 1809 5228 nr,
1843 5169 1887 5217 1.

353 5248 416 5262 —
441 5224 461 5255 ⁸
497 5225 702 5292 Philip..
736 5241 796 5295 11,
826 5234 876 5282 8.
904 5257 967 5269 —
994 5232 1013 5262 ⁴
1041 5231 1180 5283 Psal.
1214 5243 1344 5295 cvu,
1371 5234 1418 5284 3.
1447 5257 1508 5270 —-
1537 5233 1559 5268 ⁸
1585 5234 1743 5299 Rom„
1770 5247 1889 5300 vm,

353 5298 432 5346 ao.
458 5321 522 5337 -
542 5297 568 5333 ⁸
594 5300 729 5361 luc„
757 5312 888 5365 xvn,
919 5306 996 5355 10.
1028 5330 1082 5339 -
1111 5302 1136 5341 ἵ
1162 5302 1341 5366 flecti„
1367 5314 1500 5369 nn,
1525 5306 1602 5356 ¹4.
1621 5333 1685 5345 -
1709 5305 1733 5343 ⁸
1750 5307 1888 5358 Psal.

355 5378 567 5432 cumr,
593 5370 641 5424 7.
680 5372 795 5426 Vid.
829 5388 1010 5442 supra,
1042 5375 1100 5427 in
1135 5376 1376 5429 eumdem
1408 5377 1591 5442 psalm.
1623 5406 1677 5417 -
1707 5378 1728 5411 ⁸
1753 5380 1887 5446 Luc„

2020 506 2365 572 Hebraeum
2387 505 2643 586 falsum,
2665 505 2998 572 Galilaeum
3020 504 3345 589 iniquum,
3372 524 3554 589 quos,

2018 621 2093 680 ut
2117 615 2383 697 legitur,
2411 613 2773 679 Alexander
2795 615 3164 699 captivavit.
3190 613 3313 679 Sed
3335 614 3413 678 ad
3438 614 3561 679 hoc

2016 726 2091 787 ut
2116 722 2465 787 habeamus
2492 721 2953 805 plenitudinem
2989 721 3340 789 vocationis
3373 724 3557 787 aeter·

2016 847 2156 908 nae,
2188 834 2437 912 oportet
2469 847 2586 893 nos
2628 829 2708 892 de
2747 827 2969 893 Judaeo
3004 829 3143 892 fleri
3175 826 3555 909 Hebraeum,

2016 939 2094 1004 de
2141 938 2408 1004 Hebraeo
2448 937 2781 1003 Galilaeum
2822 955 2839 1000 z
2880 936 3178 1002 Judaeum
3215 937 3363 1001 facit
3400 952 3560 1001 con-

2015 1047 2203 1111 fessio
2268 1035 2672 1130 peccatorum
2702 1067 2720 1125 ;
2799 1043 3142 1109 Hebraeum
3157 1091 3178 1123 ‚
3244 1042 3559 1127 promotio

2015 1154 2372 1234 virtutum;
2413 1152 2748 1220 Galilaeum
2765 1201 2782 1232 ‚
2833 1155 3223 1216 aeternorum
3275 1156 3555 1217 contem-

2015 1261 2233 1345 platiO.
2287 1262 2321 1327 J
2324 1263 2548 1328 udaeus
2597 1262 2813 1326 fatuus
2875 1276 2990 1341 per
3046 1257 3513 1341 simplicitatem
3533 1308 3552 1340 ,

2013 1388 2147 1434 non
2200 1370 2458 1436 dolosus
2512 1372 2584 1434 in
2630 1367 3012 1447 confitendo,
3055 1369 3130 1431 ut
3169 1384 3238 1431 se
3271 1371 3553 1432 excuset.

2013 1477 2326 1544 Hebraeus
2369 1479 2569 1543 falsus
2625 1494 2743 1560 pro
2804 1474 3201 1557 reputatione
3257 1496 3273 1538 ε
3333 1493 3486 1540 nam
3532 1477 3555 1510 ⁶

2023 1607 2055 1645 α
2080 1603 2228 1650 cum
2254 1586 2473 1651 omnia
2495 1583 3013 1661 benefecerimus,
3047 1581 3356 1663 dicamuS,
3383 1583 3555 1666 quod

2011 1691 2266 1758 inutiles
2293 1693 2464 1759 servi
2487 1709 2735 1757 sumus.
2763 1711 2796 1750 n
2829 1688 3127 1754 Galilaeus
3150 1689 3416 1772 iniquus
3440 1707 3555 1773 per

2010 1802 2414 1867 severitatem
2438 1850 2457 1883 ,
2500 1805 2574 1866 ut
2617 1801 2927 1865 irascatur
2980 1802 3202 1863 contra
3243 1802 3498 1882 peccata
3534 1817 3549 1859 :

2008 1925 2164 1971 nam
2188 1914 2211 1950 ⁷
2251 1931 2283 1969 α
2319 1908 2547 1973 melior
2574 1907 2880 1989 iniquitas
2905 1905 3029 1971 viri
3051 1955 3068 1987 ,
3098 1923 3299 1989 quam
3323 1904 3555 1971 mulier

2009 2016 2410 2081 benefaciens
2439 2016 2537 2098 (c).
2582 2037 2613 2075 n

2091 2127 2191 2187 18.
2237 2123 2454 2189 Flabit
2477 2124 2743 2207 spiritus
2771 2121 2945 2204 ejus;
2981 2124 3046 2187 et
3072 2120 3222 2185 alibi
3249 2124 3316 2183 ⁸:
3363 2141 3396 2180 α
3429 2119 3551 2198 Qui

2007 2231 2300 2314 producit
2339 2237 2564 2298 ventos
2597 2231 2677 2295 de
2720 2229 3043 2295 thesauris
3076 2228 3231 2293 suis.
3275 2250 3305 2288 n
3364 2226 3550 2294 Venti

2006 2341 2161 2402 sunt
2183 2338 2444 2421 spiritus
2471 2338 2795 2421 sapientiae
2831 2340 2896 2402 et
2926 2335 3282 2401 intellectus
3303 2382 3322 2412 ,
3360 2331 3549 2416 ‘spiri-

2006 2448 2114 2511 tus
2138 2446 2385 2511 consilii
2410 2450 2473 2510 et
2516 2444 2929 2523 fortitudinis,
2960 2444 3223 2526 spiritus
3272 2442 3547 2508 scientiae

2007 2558 2071 2618 et
2098 2554 2381 2637 pietatis,
2442 2552 2706 2635 spiritus
2739 2550 2987 2615 timoris
3026 2548 3300 2615 Domini.
3344 2548 3547 2616 Primi

2006 2664 2286 2743 quatuor
2342 2662 2422 2726 ad
2469 2660 2862 2725 intellectum
2884 2706 2904 2737 ,
2955 2658 3064 2724 alii
3115 2658 3196 2722 ad
3248 2659 3546 2725 affectum

2006 2769 2347 2852 pertinent.
2380 2769 2469 2834 De
2501 2768 2631 2832 illis
2675 2771 2955 2852 quatuor
2996 2768 3237 2848 ventis,
3287 2768 3548 2852 spiritus

2007 2876 2332 2958 sapientiae
2377 2876 2574 2959 spirat
2623 2894 2663 2939 a
2699 2875 2994 2953 meridie;
3042 2875 3302 2958 spiritus
3354 2877 3542 2942 intel-

2003 2981 2204 3047 lectus
2233 2983 2313 3046 ab
2350 2983 2632 3062 oriente;
2678 2982 2938 3065 spiritus
2972 2983 3214 3048 consilii
3240 2985 3322 3048 ab
3360 2986 3540 3069 aqui-

2003 3088 2182 3168 lone;
2215 3089 2476 3173 spiritus
2502 3090 2782 3154 scientiae
2802 3090 2884 3154 ab
2907 3090 3249 3157 occidente.

2082 3201 2184 3263 20.
2228 3198 2380 3267 Non
2409 3199 2566 3279 fecit
2592 3197 2803 3262 taliter
2827 3199 3009 3262 omni
3032 3200 3302 3265 nationi.
3333 3200 3449 3266 Hic
3471 3203 3547 3268 fit

2004 3306 2244 3370 mentio
2281 3306 2359 3369 de
2398 3305 2799 3390 quadruplici
2847 3324 3002 3389 pace
3056 3308 3128 3371 in
3172 3311 3473 3390 praesenti
3523 3333 3538 3373 ε
3571 3349 3662 3391 p„
3678 3360 3784 3405 m,

2002 3432 2157 3478 nam
2209 3431 2432 3496 pacem
2483 3414 2790 3479 debemus
2840 3433 3129 3496 quaerere
3170 3435 3213 3479 a
3262 3416 3389 3482 Deo
3429 3436 3544 3501 per
3579 3409 3765 3482 imvm

3587 3485 3634 3514 in
3652 3486 3766 3528 pr·-

2003 3520 2428 3587 obedientiam
2443 3570 2459 3602 ‚
2499 3541 2538 3587 a
2582 3541 2771 3587 carne
2819 3542 2934 3606 per
2970 3524 3416 3591 abstinentiam
3430 3575 3449 3608 ,
3504 3546 3544 3593 a
3618 3536 3732 3579 „aa

2002 3628 2245 3693 mundo
2282 3646 2398 3712 per
2434 3630 2801 3712 patientiam
2814 3678 2833 3711 ,
2862 3650 2904 3696 a
2939 3630 3187 3697 diabolo
3222 3651 3337 3715 per
3376 3652 3537 3716 pru-
3571 3609 3772 3706 qux*

2000 3737 2305 3801 dentiam.
2352 3737 2441 3801 De
2467 3738 2676 3821 prima
2708 3744 2732 3780 ⁹
2773 3757 2789 3799 ε
2843 3761 2875 3800 «ι
2907 3738 3119 3805 Gloria
3158 3739 3229 3804 in
3276 3741 3543 3805 excelsis

2002 3843 2152 3910 Deo.
2182 3867 2216 3906 a
2250 3844 2339 3910 De
2375 3846 2653 3910 secunda
2685 3848 2733 3888 ²⁰
2774 3868 2791 3909 ε
2850 3869 2882 3907 α
2927 3845 3158 3911 Pacem
3205 3864 3415 3911 meam
3461 3848 3542 3912 do

2002 3951 2222 4031 vobis3
2269 3974 2301 4011 ι)
2351 3970 2497 4034 quae
2535 3952 2744 4035 qualis
2769 3952 2882 4032 sit,
2912 3954 3128 4019 subdit
3155 3955 3198 3991 ¹⁰
3240 3977 3256 4019 ε
3322 3976 3377 4016 α’
3402 3954 3543 4020 Non

2001 4059 2299 4126 turbetur
2331 4076 2441 4123 cor
2475 4063 2792 4125 vestrum.
2835 4081 2867 4118 ι)
2902 4058 2991 4125 De
3020 4061 3207 4126 tertia
3230 4065 3296 4126 et
3319 4067 3546 4145 quarta
3580 4057 3591 4066 “

2000 4167 2034 4233 J
2038 4168 2121 4232 ob
2143 4169 2185 4205 ¹¹
2204 4190 2220 4231 :
2250 4191 2282 4229 c<
2297 4166 2529 4232 Omnes
2547 4167 2768 4231 bestiae
2789 4170 2976 4231 terrae
2993 4169 3272 4251 pacificae
3294 4174 3537 4234 erunt.»

2003 4273 2083 4339 Et
2105 4274 2288 4338 ibi¹¹:
2321 4298 2353 4336 α
2374 4275 2450 4340 Et
2481 4274 2641 4338 scies
2664 4274 2819 4357 quia
2838 4293 3059 4357 pacem
3085 4276 3320 4343 habeat
3345 4278 3545 4342 taber-

2003 4382 2307 4448 naculum
2337 4387 2547 4447 tuum.
2572 4404 2604 4442 z>
2634 4380 2756 4448 Per
2776 4382 3259 4449 tabernaculum
3288 4402 3542 4468 corpus,

1999 4509 2117 4575 per
2150 4490 2380 4555 bestias
2411 4490 2730 4571 malignas
2770 4490 3033 4573 spiritus
3058 4491 3370 4575 intellige.
3408 4490 3547 4557 Una

2000 4617 2131 4681 pax
2150 4598 2271 4663 erit
2297 4598 2369 4662 in
2396 4598 2624 4682 patria,
2646 4616 2814 4681 quoe,
2844 4602 2920 4664 ut
2943 4599 3096 4665 dicit
3120 4599 3541 4685 Apostolus¹⁸,

2009 4729 2041 4767 α
2071 4709 2379 4789 exuperat
2403 4723 2661 4771 omnem
2688 4723 2970 4772 sensum.
2999 4728 3033 4768 n

2212 4873 2565 4948 PSALMU
2568 4876 2615 4947 S
2661 4877 2930 4950 DAVID
2976 4877 3325 4952 CXLVIII.

2079 5038 2140 5098 1.
2187 5032 2476 5101 Laudate
2504 5033 2889 5117 Demittunt,
2915 5036 2994 5103 de
3020 5037 3214 5104 coelik.
3254 5037 3536 5122 Impera-
3576 5018 3771 5129 Ῑῗρζῗ

1999 5244 2057 5302 ιι,
2089 5237 2168 5286 14.
2187 5260 2248 5273 —-
2280 5235 2319 5270 ¹·
2338 5235 2502 5298 toan..
2524 5245 2633 5299 nv,
2657 5237 2736 5287 27.
2759 5261 2824 5274 —
2841 5236 2874 5266 ¹¹
2901 5234 3011 5300 lob,
3037 5247 3089 5301 v,
3117 5238 3277 5288 23.—
3312 5237 3358 5275 ¹¹
3378 5236 3528 5302 ibid„

1995 5310 2076 5359 24.
2100 5334 2166 5346 —-
2196 5307 2234 5340 ¹⁸
2262 5305 2477 5373 Philip„
2518 5318 2591 5370 xv,
2619 5307 2670 5357 7.
2704 5330 2768 5349 ·-
2801 5308 2870 5376 (a)
2902 5307 2989 5360 ΔΙ.
3027 5308 3437 5364 delectationem.
3470 5337 3524 5351 -

1999 5379 2066 5444 (ὁ)
2092 5378 2180 5433 ΔΙ.
2208 5379 2511 5445 propositio.
2542 5404 2606 5419 —
2633 5380 2694 5445 (c)
2719 5378 2806 5430 At.
2834 5379 3160 5433 beneficiens.
