4196 6294
769 450 890 539 ⁶9⁴

827 598 964 638 rum.
992 588 1068 637 De
1097 583 1338 640 sandaliis
1376 583 1734 651 episcoporum
1764 586 1853 653 (a).
1888 587 1965 639 De
2003 586 2156 641 locu-

785 686 788 691 ·
826 658 968 710 tione
993 658 1185 723 iniqua.
1219 659 1294 709 De
1321 657 1504 724 sagitta
1525 657 1846 712 vulnerante.
1885 661 1961 712 De
1988 660 2153 714 tribus

828 730 1042 782 statibus
1068 729 1329 783 Ecclesioe.
2216 734 2307 787 546

765 802 929 866 Hujus
955 802 1075 853 vitae
1110 802 1453 867 peregrinatio
1489 802 1647 855 tristis
1672 803 1874 856 ob'tria
1913 804 2001 869 (a).
2036 806 2155 857 ‘1‘ae-

829 874 969 925 dium
994 875 1278 940 multiplex.

765 946 944 997 levavi
966 944 1133 996 oculos
1149 960 1281 996 meos
1307 948 1361 997 in
1378 949 1584 1004 montes.
1606 948 1736 1000 Psal.
1769 952 1876 1002 120.
1903 950 1978 1000 De
2006 949 2154 1015 quin-

827 1032 926 1083 que
953 1017 1022 1083 (b)
1051 1018 1453 1071 ascensionibus.
1480 1020 1712 1071 Exeundi
1734 1020 1798 1072 de
1826 1021 2020 1072 mundo
2047 1026 2155 1073 tres

825 1090 986 1143 modi.
1007 1090 1430 1154 Concupiscentia
1446 1092 1584 1143 fluvii
1599 1092 1825 1156 speciem
1840 1093 2038 1157 praebet
2058 1095 2151 1158 (a).

826 1163 902 1213 De
927 1161 1091 1214 tribus
1117 1162 1406 1214 civitatibus
1441 1165 1493 1213 81
1527 1162 1842 1215 custodibus.
2216 1166 2305 1217 ΕΠ

764 1236 981 1298 Docere,
1012 1248 1226 1285 monere
1255 1238 1307 1286 et
1326 1248 1493 1297 orare,
1521 1235 1585 1286 de
1606 1234 1790 1299 quibus
1818 1235 1907 1302 (a).
1929 1235 2153 1288 Tacendi

826 1309 930 1357 tres
955 1306 1116 1357 modi.
1150 1306 1346 1358 Ostium
1374 1306 1561 1370 triplex
1590 1307 1681 1372 (a).

763 1378 982 1429 Loeiaias
1005 1393 1116 1427 sum
1135 1378 1188 1428 in
1207 1378 1307 1443 his,
1337 1379 1469 1430 Psal.
1498 1382 1607 1433 121.
1632 1379 1830 1432 Animae
1848 1383 2008 1432 status
2029 1385 2151 1432 tres.

826 1453 900 1501 De
920 1450 1084 1501 tribus
1100 1449 1353 1502 domibus.
1376 1451 1450 1501 De
1472 1451 1656 1517 primo,
1680 1452 1904 1505 secundo
1927 1457 1979 1506 et
1999 1452 2151 1506 tertio

826 1522 957 1574 coelo
986 1523 1073 1588 (a).
1101 1524 1177 1573 De
1202 1522 1505 1588 anadiplosi.
2208 1525 2305 1576 548

764 1594 835 1645 De
859 1594 1025 1645 tribus
1051 1593 1358 1644 civitatibus.

761 1665 846 1717 Ad
884 1669 932 1715 ie
973 1665 1134 1716 levavi
1171 1664 1336 1716 oculos
1371 1680 1524 1731 meos,
1555 1665 1689 1717 Psal.
1722 1669 1832 1718 122.
1870 1669 1983 1719 Duo
2009 1703 2027 1731 ,
2068 1668 2155 1719 vel

825 1736 980 1788 etiam
1006 1739 1223 1801 quatuor
1243 1735 1378 1787 oculi
1401 1737 1620 1801 mystici.
1642 1739 1812 1789 Unum
1834 1752 2010 1788 sumus
2032 1753 2152 1790 cnm

825 1808 1026 1860 Christo
1052 1807 1237 1872 triplici
1256 1807 1319 1859 de
1349 1821 1502 1857 causa
1532 1808 1621 1873 (a).
1649 1809 1919 1870 Quomodo
1942 1810 2154 1862 interius

824 1880 1099 1931 suscitetur
1141 1880 1358 1944 quisque
1388 1895 1421 1931 a
1452 1881 1561 1931 Deo
1605 1880 1693 1944 (α).
1727 1882 1892 1932 Deum
1928 1882 2151 1947 quadru-

825 1950 946 2015 plici
970 1951 1117 2003 titulo
1143 1951 1324 2003 timere
1347 1950 1428 2001 vel
1454 1951 1683 2002 revereri
1701 1951 1966 2005 debemus.

763 2024 880 2075 Nisi
910 2023 1032 2088 quia
1077 2024 1356 2086 Dominus,
1382 2023 1515 2076 Psal.
1555 2026 1665 2075 123.
1708 2025 1783 2076 De
1819 2024 2151 2077 translatione

826 2095 1160 2160 Septuaginta
1188 2096 1277 2159 (a).
2214 2101 2304 2152 549

762 2165 1012 2218 Parabola
1036 2167 1124 2217 filii
1151 2166 1350 2232 prodigi
1377 2167 1471 2218 sub
1500 2166 1675 2233 figuris
1705 2167 1924 2229 timoris,
1960 2168 2069 2233 spei
2100 2173 2152 2220 et

823 2240 1211 2303 misericordiae,
1238 2240 1387 2290 simul
1423 2243 1474 2292 81
1515 2245 1734 2305 quatuor
1760 2242 2007 2293 virtutum
2035 2257 2148 2294 car-

823 2311 1089 2363 dinalium.
1117 2311 1319 2363 Diaboli
1340 2325 1464 2362 vasa
1490 2318 1709 2377 quatuor
1732 2313 1932 2366 bellica.

763 2384 860 2447 Qui
873 2384 1124 2449 considunt
1144 2385 1196 2434 in
1216 2385 1441 2447 Domino,
1463 2384 1596 2437 Psal.
1629 2388 1738 2436 124.
1760 2388 1834 2437 De
1855 2386 2152 2439 omnimoda

823 2457 1015 2509 unitate
1046 2458 1141 2509 Dei
1168 2457 1261 2522 (a).
1289 2456 1476 2508 Salutis
1511 2457 1735 2509 conditio
1765 2458 1943 2523 triplex
1976 2458 2060 2525 (a).
2211 2463 2301 2515 550

761 2529 909 2591 Quod
939 2528 1163 2581 Ecclesia
1187 2531 1400 2580 vocatur
1426 2529 1554 2591 ovis,
1575 2529 1769 2596 civitas,
1798 2545 2004 2595 sponsa.
2027 2534 2151 2584 Cus-

821 2600 965 2651 todia
989 2600 1209 2651 civitatis
1240 2600 1434 2651 trifaria
1459 2614 1570 2652 esse
1599 2601 1767 2664 debet,
1796 2602 2034 2668 idemque
2067 2606 2147 2656 di-

822 2670 1042 2725 cendum
1081 2672 1147 2723 de
1185 2675 1370 2724 ornatu
1403 2686 1624 2739 sponsas,
1651 2677 1829 2738 pastus
1859 2689 1984 2726 vero
2024 2690 2148 2743 qua·

822 2748 940 2795 tuor
969 2744 1060 2808 (a).
1608 2774 1614 2779 ·

761 2817 820 2868 In
845 2814 1162 2866 convertendo
1202 2816 1464 2881 Dominus,
1507 2816 1641 2869 Psal.
1671 2818 1779 2868 125.
1820 2818 1968 2877 Quod
2006 2820 2148 2870 Sicut

821 2886 1167 2950 multipliciter
1191 2887 1416 2952 ponitur.
1459 2887 1638 2939 Oleum
1671 2893 1724 2939 et
1771 2887 1944 2939 lumen
1961 2926 1977 2952 ,
2022 2891 2147 2955 quid

821 2958 1107 3024 significent
1138 2959 1227 3023 (a).
1263 2957 1491 3011 Christus
1523 2974 1700 3012 semen
1725 2960 1909 3026 triplex
1936 2962 2062 3028 jecit
2087 2963 2145 3016 in

821 3032 1091 3082 mundum.

759 3103 878 3156 Nisi
896 3104 1141 3155 Dominus
1155 3102 1478 3169 (edificaverit
1492 3103 1714 3170 domum,
1736 3105 1868 3156 Psal.
1902 3108 2007 3159 126,
2036 3107 2147 3173 Spi-

819 3176 1015 3227 ritualis
1054 3174 1255 3226 aedificii
1291 3175 1681 3229 fundamentum
1724 3178 1777 3229 in
1810 3178 1911 3229 alto
1951 3193 2149 3244 ponen-

822 3248 945 3299 dum
979 3251 1074 3299 est.
2209 3256 2296 3308 551

760 3321 836 3371 Β8
861 3320 1067 3372 civitate
1091 3319 1363 3371 8181011118.
1393 3323 1469 3372 De
1492 3320 1656 3372 tribus
1676 3321 1914 3386 panibus.
1940 3323 2146 3375 Forma-

821 3392 976 3443 tionis
1002 3392 1242 3443 humanae
1273 3395 1494 3457 quatuor
1525 3407 1731 3457 genera.
1767 3393 1894 3445 Bovi
1914 3395 2145 3461 Judaeus,

820 3462 964 3514 asino
992 3463 1192 3527 gentilis
1218 3462 1436 3527 populus
1464 3468 1807 3528 comparatur.

757 3536 1082 3586 Beatiomnes
1103 3536 1192 3599 qui
1211 3537 1389 3585 timent
1409 3536 1696 3599 Dominum,
1724 3535 1856 3587 Psal.
1885 3538 1997 3588 12Ί.
2026 3536 2149 3598 Qui-

819 3608 938 3658 dam
959 3607 1015 3657 in
1041 3606 1126 3658 via
1150 3606 1431 3671 ambulant,
1458 3607 1665 3671 quidam
1691 3621 1818 3659 non.
2205 3613 2299 3663 552

756 3677 873 3731 Tria
893 3678 1027 3730 circa
1043 3677 1312 3730 mulierem
1337 3679 1563 3729 notanda
1584 3679 1671 3744 (a).
1696 3679 1814 3730 Tria
1835 3679 1888 3731 in
1913 3678 2143 3747 homine,

817 3752 1017 3813 natura,
1048 3750 1458 3814 concupiscentia
1483 3754 1536 3801 et
1560 3751 1740 3816 gratia.

755 3822 896 3887 Soepe
932 3826 1338 3886 eaepuqnavervnt
1367 3837 1464 3887 me,
1493 3823 1625 3873 Psal.
1665 3825 1774 3875 128.
1809 3824 1998 3874 Contra
2022 3837 2143 3887 per-

818 3898 1081 3944 secutores
1115 3893 1215 3943 tria
1247 3894 1552 3955 necessaria,
1581 3894 1824 3959 patientia
1841 3930 1857 3955 ,
1886 3895 2145 3946 humilitas

820 3969 873 4015 et
898 3964 1131 4017 charitas.
1166 3965 1425 4029 Ecclesiae,
1461 3981 1525 4016 ne
1562 3967 1878 4028 succumbat,
1911 3981 2145 4017 necessa-

817 4036 895 4087 ria
916 4040 1150 4100 quatuor.
1177 4038 1216 4088 A
1247 4039 1355 4090 Deo
1377 4037 1600 4104 petenda
1621 4037 1907 4090 benedictio
1929 4039 2144 4104 dextrae,

819 4112 872 4159 et
900 4120 1009 4159 non
1034 4108 1269 4160 sinistris.
2206 4114 2297 4164 553

757 4180 830 4231 De
854 4181 1121 4244 profundis
1144 4180 1378 4244 clamavi,
1409 4181 1541 4233 Psal.
1572 4184 1680 4233 129.
1712 4183 1890 4234 Omnis
1917 4182 2146 4247 psalmus

819 4252 1184 4316 poenitentialis
1209 4252 1392 4316 incipit
1425 4266 1458 4302 a
1480 4253 1735 4319 lacrymis,
1765 4259 1816 4305 et
1842 4255 2146 4305 terminatur

818 4322 875 4374 in
895 4323 1223 4375 exultatione.
1245 4326 1320 4375 De
1339 4323 1557 4389 inferno,
1581 4326 1748 4389 patria
1769 4330 1819 4376 et
1835 4326 2047 4377 mundo.
2068 4328 2143 4377 De

819 4394 1133 4458 perfectione
1155 4395 1360 4446 senarii.
1395 4397 1569 4460 Imago
1613 4395 1706 4446 Dei
1737 4395 2020 4448 deformata
2050 4411 2145 4462 per

819 4469 1107 4529 peccatum,
1135 4466 1396 4531 quomodo
1425 4467 1773 4518 reformanda.

757 4538 988 4594 Domine,
1022 4552 1118 4587 non
1154 4541 1229 4587 est
1259 4537 1559 4602 exaltatum,
1599 4538 1730 4589 Psal.
1769 4542 1877 4590 130.
1923 4541 2143 4593 Domino

820 4607 1035 4659 debetur
1062 4607 1311 4672 subjectio
1346 4609 1552 4674 duplex.
1581 4611 1656 4662 De
1694 4608 1885 4674 duplici
1911 4612 2068 4663 ubere
2095 4615 2149 4664 et

817 4679 968 4731 18018.
996 4680 1193 4731 invidia
1227 4680 1473 4732 triformis
1503 4681 1590 4747 (α).
2208 4688 2298 4738 554

759 4751 1208 4803 Homoeoteleuton
1231 4752 1352 4817 quid
1374 4752 1441 4803 sit
1475 4753 1567 4817 (a).
1591 4754 1819 4813 Quatuor
1851 4767 2041 4819 genera
2057 4755 2147 4807 ho·

818 4823 1018 4874 minum
1050 4824 1116 4875 ad
1145 4838 1380 4875 mensam
1407 4826 1685 4889 Scripturas
1711 4826 2018 4879 sedentium.
2040 4827 2145 4879 Tri·

820 4894 941 4960 plici
965 4909 1099 4961 pane
1125 4895 1420 4947 reficiuntur
1445 4896 1681 4948 homines
1707 4898 1764 4948 in
1791 4899 2033 4950 Ecclesia.

757 4966 1002 5018 Memento
1031 4969 1264 5027 Domine,
1289 4968 1474 5033 David,
1502 4969 1635 5019 Psal.
1666 4970 1773 5022 131.
1810 4971 1885 5021 De
1922 4971 2146 5023 aediflca-

818 5040 959 5093 tione
984 5040 1169 5092 domus
1200 5041 1459 5093 Ecclesiae.
1489 5042 1615 5094 Octo
1653 5045 1796 5106 sunt,
1825 5057 1941 5108 quae
1967 5047 2145 5095 votum

817 5110 1122 5176 impediunt.
2209 5119 2300 5170 555

761 5180 857 5232 Per
898 5182 1060 5234 Jacob
1102 5186 1430 5248 expectantes
1466 5183 1821 5250 intelliguntur
1867 5186 1951 5249 (a).
1997 5188 2146 5247 Quod

820 5266 1012 5316 sponsa
1048 5253 1104 5304 111
1149 5254 1335 5320 triplici
1376 5255 1509 5307 lecto
1556 5256 1787 5321 quiescit.
1835 5258 1949 5318 Quo
1994 5273 2148 5310 sensu

822 5324 988 5374 Deum
1012 5325 1263 5388 poenitere
1294 5326 1505 5382 dicatur.
1536 5328 1813 5383 Electionis
1838 5329 2039 5382 diversa
2064 5344 2150 5397 ge-

2224 451 2484 544 mnnx.

2476 605 2605 643 nera
2629 592 2720 658 (a).
2747 593 3003 647 Christum
3036 593 3294 645 induimus
3328 596 3384 645 et
3413 595 3672 652 induimur
3697 604 3780 667 (a).

2413 665 2538 718 Tres
2563 664 3005 730 contemplationis
3032 666 3236 730 gradus,
3263 667 3395 718 Psal.
3422 670 3536 720 132.
3564 672 3782 740 Unguen-

2476 738 2587 786 tum
2613 736 2773 787 tribus
2801 736 2971 787 modis
2997 737 3261 801 accipitur.
3831 750 3896 801 555

2414 808 2603 860 Christi
2625 809 2798 859 tunica
2814 807 3128 859 inconsutilis
3154 808 3430 863 Ecclesiam
3447 820 3778 879 representat.

2475 879 2675 945 Rubigo
2703 879 2967 942 dupliciter
2988 880 3233 932 aufertur.

2415 950 2536 1001 Ecce
2561 964 2690 1001 nnnc
2726 948 3011 1017 benedicite,
3036 952 3170 1005 Psal.
3203 954 3311 1007 133.
3341 956 3417 1006 De
3457 955 3656 1009 duabus
3691 973 3785 1011 ma-

2477 1021 2645 1074 nibus.
3830 1035 3895 1085 557

2416 1093 2633 1144 Laudaie
2655 1108 2827 1144 nomen
2853 1094 3080 1159 Domini,
3110 1095 3242 1148 Psal.
3276 1098 3386 1148 131.
3412 1100 3527 1150 Duo
3551 1105 3686 1166 sunt,
3712 1117 3786 1154 co·

2479 1167 2638 1231 gnitio
2667 1170 2718 1217 et
2739 1180 2903 1230 amor,
2928 1167 2983 1217 in
3003 1166 3188 1233 quibus
3213 1169 3477 1223 beatitudo
3503 1174 3742 1225 consistit.
3829 1179 3898 1227 ⁵57

2414 1238 2614 1302 Nubes,
2656 1237 2818 1303 caligo
2857 1242 2907 1288 et
2951 1236 3152 1303 pluvia,
3189 1238 3310 1304 quid
3342 1240 3607 1293 denotent.
3650 1245 3788 1297 Venti

2475 1312 2599 1360 tres.
2634 1310 2758 1369 Quas
2788 1308 3128 1374 primogenita
3151 1311 3477 1362 tenebrarum
3504 1314 3784 1367 occidenda.

2474 1382 2642 1433 Homo
2669 1380 3053 1432 microcosmus.
3093 1381 3275 1432 Oleum
3306 1388 3605 1448 supernatat
3639 1401 3785 1451 aqum.

2476 1454 2551 1504 Ex
2586 1455 2785 1517 septem
2819 1452 3096 1517 spiritibus,
3121 1455 3340 1517 quatuor
3378 1456 3443 1506 ad
3491 1456 3784 1509 intellectum

2474 1525 2765 1589 pertinent,
2791 1526 2894 1575 tres
2931 1523 2998 1575 ad
3039 1524 3279 1576 affectum
3317 1526 3408 1591 (a).
3460 1529 3535 1580 De
3588 1534 3787 1595 quatuor

2474 1595 2864 1662 gazophylaciis.
3829 1604 3895 1654 ⁵58

2413 1668 2613 1731 Duplici
2644 1669 2703 1731 (c)
2745 1667 2808 1717 de
2846 1680 3001 1717 causa
3042 1665 3227 1717 dicitur
3265 1669 3519 1733 AEgyptus
3558 1673 3785 1724 mundus.

2475 1739 2683 1804 AEgypti
2738 1737 3087 1801 interpretatio
3141 1739 3347 1802 duplex.
3403 1741 3609 1806 Triplici
3658 1743 3787 1808 signo

2475 1812 2614 1862 Deus
2643 1814 2694 1861 et
2730 1810 2986 1862 Christum
3010 1813 3063 1863 et
3083 1823 3182 1861 nos
3208 1812 3447 1876 signavit.
3476 1815 3552 1866 De
3577 1817 3787 1882 89881118-

2475 1882 2615 1934 11088
2648 1882 2855 1948 triplici.

2415 1955 2736 2020 Confitemini
2773 1955 3005 2019 Domino,
3044 1954 3177 2007 psal.
3219 1958 3325 2009 135.
3362 1956 3564 2025 Duplex
3608 1960 3788 2012 confes-

2474 2027 2633 2078 sionis
2666 2041 2845 2093 genus.
3836 2033 3903 2081 55⁹

2412 2100 2549 2151 Deus
2575 2113 2668 2164 per
2694 2099 2875 2151 Filium
2902 2098 3085 2151 dicitur
3103 2100 3305 2165 operari
3331 2102 3522 2165 potius,
3538 2116 3694 2167 quam
3708 2117 3789 2168 per

2474 2171 2719 2235 Spiritum
2745 2175 2997 2223 sanctum.
3026 2172 3378 2224 Misericordia
3412 2174 3507 2224 Dei
3533 2189 3716 2240 magna
3743 2174 3788 2224 in

2475 2242 2734 2293 omnibus.
2761 2244 2902 2294 Mare
2930 2248 3069 2307 ante,
3095 2248 3216 2307 post
3247 2247 3299 2294 et
3328 2243 3475 2309 juxta
3498 2258 3616 2296 nos.
3641 2246 3789 2296 Judaei

2471 2314 2674 2378 909811,
2690 2315 2877 2380 duplex
2921 2315 3183 2366 1188811118.
3226 2316 3504 2368 Ρ1011118810
3540 2317 3675 2369 facta
3711 2319 3789 2369 Ju-

2472 2386 2614 2450 doeis,
2647 2386 2766 2437 data
2797 2400 2924 2437 vero
2957 2387 3212 2452 gentibus.

2410 2458 2574 2520 supe·
2597 2458 2812 2522 flumina
2839 2458 3133 2523 Babylonis,
3162 2459 3296 2510 Psal-
3328 2463 3435 2512 136.
3475 2462 3603 2512 Tres
3628 2460 3786 2512 civita-

2471 2533 2549 2579 tes
2576 2529 2807 2582 diversas.
2837 2532 2956 2581 Mali
2983 2530 3222 2583 dicuntur
3249 2532 3428 2583 salices
3456 2536 3666 2598 propter
3682 2534 3785 2585 tria.
3836 2534 3903 2583 56⁰

2411 2601 2680 2661 Quomodo
2710 2602 2935 2653 Ecclesia
2959 2602 3091 2653 serat
3118 2603 3519 2654 subtractionem
3549 2610 3791 2670 tempora-

2469 2672 2594 2724 lium
2633 2673 2722 2738 (a).
2751 2674 3024 2734 Quomodo
3054 2676 3189 2725 Deus
3224 2675 3289 2725 sit
3316 2689 3518 2726 memor
3542 2676 3789 2726 bonorum

2471 2742 2817 2794 etmalorum.
2846 2743 2964 2794 Tria
2990 2744 3279 2809 impediunt
3294 2745 3641 2809 integritatem
3662 2745 3785 2795 fidei.

2412 2813 2692 2879 confitebor
2732 2813 2830 2864 tibi
2864 2816 3090 2879 Domine,
3121 2816 3252 2867 Psal.
3282 2819 3398 2866 137.
3430 2816 3547 2866 Tria
3589 2818 3788 2867 nomina

2472 2885 2708 2937 Ecclesiae
2724 2887 3127 2938 accommodata.
3151 2889 3315 2953 Super
3333 2888 3490 2939 altare
3513 2903 3788 2941 concavum

2470 2958 2716 3009 sacrificia
2741 2958 2852 3009 fleri
2880 2959 3088 3010 debent.
3840 2960 3900 3009 551

2330 3093 2335 3097 ,
2409 3030 2679 3095 Superbia,
2705 3031 2920 3081 avaritia
2943 3035 2994 3081 et
3020 3030 3213 3082 invidia
3236 3036 3470 3097 pugnant
3495 3036 3679 3085 contra
3706 3036 3785 3084 Pa-

2468 3106 2623 3163 trem,
2652 3102 2835 3154 Filium
2874 3106 2926 3154 et
2964 3103 3209 3167 Spiritum
3252 3107 3504 3155 sanctum.
3547 3107 3627 3156 De
3654 3105 3787 3172 18118,

2374 3213 2377 3216 -
2469 3175 2736 3238 arundine,
2764 3175 2984 3239 spongia
3003 3180 3057 3225 et
3080 3180 3228 3226 aceto
3248 3179 3429 3241 arguta
3447 3177 3687 3242 quasdam
3703 3177 3786 3243 (a).

2469 3247 2743 3298 Peccatum
2769 3246 2980 3311 triplicis
3020 3247 3238 3309 generiS.

2409 3318 2636 3381 Domine,
2655 3317 2885 3383 probasii
2901 3333 2997 3381 me,
3020 3319 3153 3368 Psal.
3183 3321 3291 3369 138.
3308 3318 3659 3370 Tenebrarum
3677 3318 3791 3370 mul-

2469 3389 2627 3453 tiplex
2652 3389 2971 3455 significatio.
2999 3391 3197 3454 Corpus
3226 3390 3410 3442 Christi
3439 3390 3610 3441 tribus
3635 3392 3791 3442 modis

2467 3461 2699 3512 sumitur.
2729 3461 2806 3511 Ad
2832 3460 3243 3513 masticationem
3264 3461 3412 3526 panis
3435 3462 3599 3513 saliva
3627 3476 3788 3513 neces·

2468 3531 2619 3597 saria,
2646 3532 2835 3583 scilicet
2861 3532 3110 3583 Christus.
3271 3551 3280 3560 ·
3841 3532 3909 3582 ⁸62

2408 3605 2635 3664 Quatuor
2660 3604 2949 3669 virtutibus,
2978 3606 3164 3669 quibus
3202 3604 3259 3656 in
3284 3604 3535 3669 principio
3565 3606 3792 3659 indutum

2466 3676 2650 3739 fuerat,
2678 3677 2949 3740 spoliatum
2972 3681 3050 3726 est
3074 3690 3238 3741 genus
3257 3677 3557 3728 humanum.
3579 3679 3661 3729 Ad
3683 3679 3791 3741 hoc,

2468 3750 2608 3814 quod
2645 3750 2804 3800 homo
2855 3749 3006 3814 digne
3051 3749 3293 3816 suscipiat
3345 3764 3536 3814 corpus
3581 3750 3789 3815 Christi,

2468 3823 2570 3873 duo
2601 3821 3144 3885 (d)suntnecessa1·ia.
3172 3824 3247 3873 De
3273 3822 3444 3887 noviS,
3465 3824 3725 3874 veteribus
3749 3827 3795 3872 81

2467 3893 2822 3945 vetustissimis
2848 3893 3105 3946 notandis.
3136 3895 3307 3947 Homo
3332 3894 3387 3944 in
3412 3896 3660 3958 praesenti
3694 3907 3793 3945 808

2456 3969 2637 4029 potest
2676 3965 2933 4015 anteriora
2978 3965 3072 4015 Dei
3113 3965 3310 4016 videre.
3356 3965 3412 4014 ln
3450 3965 3793 4017 incarnatione

2470 4036 2627 4088 Verbi
2647 4040 2868 4101 quatuor
2898 4037 3113 4087 viriutes
3134 4041 3351 4101 possunt
3384 4038 3571 4089 notari.
3604 4037 3792 4089 oblatio

2467 4113 2644 4160 nostra
2674 4110 2888 4160 virtutes
2913 4111 3056 4173 iesu,
3083 4111 3110 4160 J
3116 4109 3280 4174 oseph
3310 4114 3361 4160 et
3384 4110 3559 4160 Mariae
3588 4110 3794 4162 comites

2467 4180 2660 4232 babere
2690 4181 2844 4231 debet
2872 4181 2963 4245 (a).
3003 4182 3273 4232 Drachmae
3299 4181 3509 4246 perditas
3543 4182 3793 4246 significa·

2468 4252 2541 4302 tio
2570 4253 2656 4313 (a).
2682 4252 2865 4303 Tribus
2902 4252 3141 4316 personis
3177 4252 3521 4317 appropriatis
3552 4253 3795 4318 potentia,

2469 4323 2736 4388 sapientia,
2764 4323 3073 4388 benignitas.
3847 4322 3918 4372 55³

2407 4393 2636 4447 Christus
2662 4396 2808 4459 panis
2842 4396 2929 4456 (a).
2977 4395 3221 4446 Liberum
3261 4393 3527 4445 arbitrium
3563 4410 3660 4461 per
3684 4410 3797 4461 pec·

2469 4472 2640 4516 catum
2679 4467 2997 4518 confractum
3037 4467 3166 4532 suit,
3202 4467 3294 4518 sed
3339 4481 3446 4518 non
3478 4481 3542 4517 ex
3579 4471 3688 4519 toto
3725 4467 3793 4518 di·

2467 4542 2673 4602 ruptum
2716 4539 2805 4600 (a).
2850 4540 2926 4589 De
2970 4538 3181 4590 scientia
3220 4539 3407 4589 88111181
3449 4538 3639 4590 Christi
3693 4541 3796 4591 Deo

2469 4612 2777 4673 comparatas
2821 4607 2912 4672 (a).
2936 4609 3141 4674 Triplici
3172 4609 3237 4675 (e)
3281 4610 3346 4660 de
3388 4623 3541 4661 081188
3566 4611 3796 4676 permisit

2469 4682 2606 4732 Deus
2633 4695 2844 4746 peccare
2880 4683 3110 4732 Petrum.
3849 4680 3921 4730 5611

2406 4754 2687 4804 Numerare
2724 4755 2861 4802 Deus
2899 4753 3083 4804 dicitur
3121 4751 3385 4817 multiplici
3421 4768 3594 4805 sensu.
3638 4754 3800 4805 Judaei

2469 4838 2639 4875 arenae
2670 4828 3029 4886 comparantur
3057 4824 3245 4888 duplici
3270 4823 3333 4874 de
3371 4839 3542 4876 causa.
3569 4828 3709 4877 Deus
3730 4825 3796 4875 di·

2471 4896 2602 4947 citur
2627 4894 2857 4945 occidere
2897 4897 3115 4960 quatuor
3143 4893 3329 4945 modis.
3368 4896 3568 4959 Duplex
3593 4910 3797 4960 separa-

2468 4967 2624 5017 tionis
2646 4980 2808 5030 genus
2845 4966 2935 5029 (a).
2973 4966 3140 5017 Paleae
3167 4964 3356 5015 utilitas
3386 4967 3472 5030 (a).
3503 4968 3580 5018 Ad
3608 4968 3797 5018 facien—

2471 5040 2593 5089 dum
2617 5038 2840 5089 fructum
2859 5037 2955 5089 tria
2975 5035 3260 5087 necessaria
3286 5037 3367 5101 (a).
3397 5040 3473 5090 De
3490 5039 3690 5091 retibus
3710 5041 3796 5091 Pe-

2470 5111 2536 5161 tri
2568 5110 2651 5175 (a).
2679 5111 2754 5161 De
2779 5109 2966 5174 triplici
2999 5109 3137 5161 odio.

2410 5183 2570 5248 Eripe
2589 5197 2683 5243 me,
2711 5182 2938 5246 Domine,
2963 5181 3097 5233 Psal.
3130 5182 3238 5233 139.
3266 5182 3463 5246 Corpus
3490 5181 3681 5236 Christi
3694 5196 3796 5235 ma·
3848 5203 3869 5218 ·

2470 5253 2666 5320 teriale,
2692 5253 2951 5320 spirituale
2981 5257 3032 5306 et
3058 5254 3444 5307 sacramentale.
3850 5253 3922 5304 565

2324 5388 2327 5392 ’
2411 5417 2465 5473 (ο)
2487 5415 2597 5460 coee.
2616 5415 2723 5460 aaa.
2739 5414 2991 5473 Tripliot-
3011 5414 3076 5474 (α)
3098 5415 3208 5462 cae.
3227 5416 3337 5462 aaa.
3356 5420 3613 5475 8811188-
3635 5417 3691 5474 (a)
3714 5414 3923 5465 08181.

819 5471 881 5530 (α)
917 5475 1013 5519 noo
1030 5486 1121 5522 non
1137 5474 1305 5524 habent
1333 5479 1454 5538 pont„
1475 5477 1583 5530 ecit.
1602 5501 1654 5515 -
1691 5480 1751 5537 (1)
1790 5479 1901 5526 cot.
1936 5480 2046 5529 aaa.
2064 5481 2221 5528 811111.
2250 5505 2302 5521 -
2411 5479 2711 5538 empna.
