4196 6294
1749 475 2010 544 CAPUT
2051 477 2129 542 11.

345 610 650 695 pientiam
682 633 698 690 ;
753 612 1051 692 secunde,
1111 613 1180 676 in
1222 611 1432 677 studio
1472 610 1765 678 ordinato
1806 612 1887 677 ad

345 720 732 802 opulentiam
761 719 1112 785 secundum
1154 719 1427 802 duplicia
1453 737 1647 802 opera
1672 720 1886 785 curio·

347 826 547 890 sitatis
580 826 1134 909 praedeterminata
1155 874 1172 906 ,
1209 834 1275 891 et
1315 826 1437 890 hoc
1471 826 1558 890 ibi
1606 829 1692 907 (v.
1746 828 1882 906 18):

348 934 593 1000 Rursus
637 934 983 1003 detestatus
1011 952 1154 1001 sum
1186 952 1426 1003 omnem
1461 936 1883 1006 industriam.

347 1040 562 1106 Primo
610 1062 771 1125 ergo
828 1044 1162 1127 redarguit
1218 1063 1399 1108 suam
1458 1046 1886 1111 curiositatem

345 1149 512 1214 circa
536 1151 820 1216 studium
847 1152 1171 1235 sapientiae
1212 1152 1334 1216 hoc
1372 1153 1596 1219 ordine
1625 1175 1640 1217 ε
1673 1155 1884 1236 primo

347 1257 623 1322 insinuat
677 1277 813 1324 suae
864 1260 1381 1325 considerationis
1441 1260 1880 1342 diligentiam3

345 1365 622 1431 secundo
670 1366 881 1431 innuit
917 1368 1215 1451 sapientis
1269 1368 1351 1432 ad
1397 1368 1665 1433 stultum
1706 1387 1880 1433 com·
1931 1405 1937 1412 ·

343 1477 590 1557 pettam
631 1475 1213 1557 praeeminenfiam3
1244 1477 1456 1557 terti0,
1483 1476 1755 1542 ulterius
1781 1478 1880 1541 in·

340 1586 599 1647 ventam
628 1583 1194 1667 aequiparantiam;
1228 1588 1458 1668 quarto
1486 1604 1568 1649 ex
1590 1584 1714 1649 hoc
1738 1603 1886 1649 con-

341 1689 542 1754 cludit
571 1692 918 1757 vanitatem
938 1691 1434 1775 reprehensione
1460 1692 1577 1756 sibi
1602 1694 1878 1776 propria.

342 1798 557 1864 Primo
584 1818 741 1883 ergo
780 1801 992 1866 innuit
1029 1818 1165 1865 suae
1192 1802 1709 1867 considerationis
1737 1802 1880 1867 dili·

340 1909 623 1989 gentiam
664 1909 732 1972 in
774 1911 1215 1992 pertractando
1255 1929 1330 1976 ea
1366 1911 1436 1975 in
1463 1912 1700 1994 quibus
1738 1917 1876 1978 stu-

339 2015 594 2093 duerat;
651 2021 906 2100 propter
970 2018 1089 2081 hoc
1143 2018 1295 2082 dicit
1352 2042 1368 2084 z
1433 2019 1738 2086 Transivi
1791 2020 1882 2087 ad

338 2123 892 2206 contemplandam
945 2126 1330 2207 sapientiam
1348 2174 1371 2206 ,
1429 2130 1744 2209 quantum
1799 2128 1880 2193 ad

338 2230 664 2313 eligenda3
722 2247 1082 2315 erroresque
1133 2238 1196 2300 et
1226 2234 1577 2302 stultitiam
1605 2283 1622 2312 ,
1668 2254 1878 2318 quan-

338 2343 477 2404 tum
504 2339 583 2404 ad
609 2339 889 2405 vitanda.
933 2339 1264 2421 Transivi,
1285 2341 1574 2425 inquam,
1595 2363 1635 2409 a
1656 2344 1883 2428 volup—

339 2450 498 2525 tate,
535 2447 707 2512 unde
735 2450 752 2484 ¹
786 2466 803 2512 ε
843 2471 874 2508 α
906 2447 1195 2514 Transite
1236 2451 1315 2514 ad
1352 2469 1456 2516 me
1483 2469 1735 2532 omneS,
1766 2454 1879 2537 qui

337 2554 779 2637 concupiscitis
834 2574 960 2621 me.
1014 2579 1046 2616 n
1107 2556 1230 2622 Sed
1276 2557 1425 2622 licet
1471 2563 1635 2623 esset
1687 2560 1756 2623 in
1803 2579 1880 2625 eo

336 2661 688 2744 diligentia,
717 2681 848 2728 non
874 2667 1089 2729 tamen
1120 2669 1255 2729 erat
1281 2666 1677 2747 sufficientia,
1710 2669 1879 2734 unde

336 2769 549 2835 subdit
570 2773 655 2853 (v.
691 2771 824 2854 12):
862 2772 1043 2854 Quid
1070 2778 1194 2852 est,
1225 2776 1495 2857 inquam
1518 2823 1535 2852 ,
1563 2775 1776 2857 homa,
1806 2783 1879 2844 ut

332 2880 515 2960 sequi
548 2881 757 2961 possit
799 2880 1023 2963 Reqem
1066 2883 1378 2963 factorem
1412 2899 1602 2949 suum
1622 2886 1658 2948 P
1685 2884 1877 2962 Quasi

333 2986 503 3051 dicat
544 3009 560 3053 ε
602 2988 996 3052 Insusflciens
1020 2993 1115 3053 est
1147 2990 1227 3054 ad
1255 2991 1786 3057 considerandum
1815 2999 1880 3059 et

336 3094 682 3161 videndum
709 3112 855 3179 quae
883 3094 1189 3162 Dominus
1216 3098 1550 3181 praevidet.
1586 3100 1758 3179 Quia
1783 3109 1876 3171 est

333 3204 560 3271 homo?
592 3204 775 3288 quasi
802 3205 1012 3270 dicat:
1045 3205 1282 3272 Parum
1309 3212 1405 3272 est
1446 3210 1766 3276 sufficiens
1794 3220 1819 3255 ¹
1847 3236 1864 3279 z

340 3334 373 3374 α
400 3311 564 3391 Quid
603 3316 698 3377 est
730 3313 958 3393 homo,
1002 3313 1172 3397 quod
1217 3333 1464 3380 memor
1504 3336 1574 3381 es
1618 3320 1806 3401 ejus?
1833 3344 1865 3382 n

345 3421 421 3488 Ut
465 3423 650 3504 sequi
685 3424 890 3505 possit
936 3422 1163 3506 Reyem
1196 3424 1500 3503 factorem
1545 3442 1732 3493 suum
1752 3476 1769 3506 ,
1810 3430 1874 3495 id

332 3532 447 3607 est,
480 3528 683 3593 Deum
711 3535 1059 3595 creatorem
1089 3535 1111 3571 ⁹
1142 3549 1160 3594 :
1195 3553 1228 3592 α
1251 3530 1330 3595 Et
1355 3550 1549 3612 nunc,
1581 3532 1870 3616 Domine,

331 3639 511 3717 pater
536 3640 752 3701 noster
778 3656 847 3702 es
876 3642 972 3712 tu,
1003 3657 1120 3704 nos
1152 3657 1306 3704 vero
1330 3640 1575 3720 lutum3
1603 3646 1665 3706 et
1691 3643 1875 3709 fictor-

331 3745 547 3806 noster
568 3761 636 3807 es
659 3749 753 3821 tn,
793 3750 856 3810 et
878 3765 1071 3829 opera
1099 3765 1414 3812 manuum
1439 3752 1698 3813 tuarum
1727 3767 1867 3814 om-

330 3868 446 3914 nes
471 3869 609 3914 nos.
638 3873 671 3910 ›>
706 3851 856 3918 Haec
888 3873 1077 3919 nemo
1113 3859 1317 3938 potest
1343 3858 1523 3939 sequi
1551 3857 1575 3892 ⁸
1602 3879 1615 3922 :
1659 3880 1690 3917 α
1715 3857 1868 3922 For-

331 3956 493 4020 sitan
536 3959 811 4040 vestigia
851 3961 958 4025 Dei
1002 3961 1538 4046 comprehendeS,
1570 3969 1634 4029 et
1666 3984 1871 4049 usque

331 4064 411 4128 ad
439 4065 786 4147 perfectum
812 4064 1320 4151 omnipotentem
1356 4073 1677 4155 reperies?
1713 4096 1744 4134 υ
1783 4077 1872 4142 Et

329 4171 478 4238 vidi
494 4173 667 4255 quod
681 4178 950 4252 tantum,
965 4181 1082 4241 etc.
1100 4176 1214 4241 Hic
1224 4182 1482 4243 notatur
1493 4180 1866 4264 secundum,

327 4279 561 4344 scilicet
586 4281 912 4363 sapientiae
945 4283 1026 4347 ad
1049 4283 1382 4349 stultitiam
1411 4286 1672 4353 inventa
1698 4307 1866 4373 prae·

327 4387 706 4466 eminentia,
748 4389 901 4472 quia
935 4391 1116 4473 quasi
1158 4393 1869 4475 improportionabiliter

325 4497 638 4562 antecellit
657 4520 673 4575 ;
692 4503 951 4581 propter
978 4500 1148 4583 quod
1184 4500 1331 4564 dicit
1361 4524 1376 4565 z
1410 4505 1501 4569 Et
1527 4504 1674 4569 vidi
1699 4506 1871 4586 quod

325 4609 572 4672 tantum
605 4605 979 4687 praecederet
1016 4610 1342 4691 sapientia
1381 4610 1731 4677 stultitiam
1750 4661 1768 4692 ,
1803 4614 1869 4678 id

323 4717 457 4792 est,
504 4704 777 4778 nobilior
819 4721 1015 4796 esset,
1057 4721 1369 4799 quantum
1414 4715 1638 4801 differt
1679 4718 1801 4785 lua·
1826 4738 1870 4787 a

323 4821 596 4889 tenebris
620 4842 643 4884 .·
670 4826 732 4886 et
770 4823 893 4886 ista
934 4826 1322 4907 comparatio
1350 4825 1519 4889 bona
1545 4831 1671 4907 est,
1701 4846 1863 4910 quo-

322 4929 498 4993 niam
519 4929 825 5013 sapientia
844 4931 1185 5013 illuminat,
1219 4938 1282 4997 et
1303 4934 1567 4999 stultitia
1587 4940 1865 5002 excaecat

323 5045 386 5101 et
432 5039 839 5117 obtenebrat;
893 5044 1226 5123 propterea
1278 5043 1491 5107 subdit
1549 5042 1635 5127 (v.
1693 5046 1791 5127 14)
1842 5068 1859 5110 :

326 5144 647 5228 Sapientis
672 5146 840 5213 ocuti
870 5148 948 5213 in
983 5149 1191 5230 capite
1218 5148 1380 5231 ejus,
1408 5150 1575 5215 sicut
1599 5150 1678 5215 ad
1706 5152 1861 5216 diri-

388 5343 401 5371 ¹
433 5341 610 5405 Eccli„
635 5353 778 5406 xxiv,
801 5344 885 5393 26.
915 5367 977 5381 --
1005 5343 1024 5374 ²
1045 5344 1188 5396 Psal.
1218 5357 1330 5412 v-1n,
1355 5348 1403 5397 5.
1432 5373 1493 5385 -
1520 5349 1540 5378 ³
1566 5350 1687 5411 lca„
1717 5360 1860 5415 mv,

325 5413 371 5461 t.
392 5439 452 5451 -
472 5413 489 5442 ⁴
517 5413 629 5475 lob,
658 5425 730 5478 xr,
755 5417 803 5464 7.
824 5440 886 5454 —
909 5415 933 5452 ⁸
951 5415 1096 5479 Sap„
1122 5427 1194 5480 vt,
1217 5420 1296 5469 23.
1318 5444 1379 5457 —
1408 5421 1428 5450 ⁸
1447 5421 1609 5482 Joan„
1639 5432 1756 5485 vm,
1782 5424 1859 5473 12.

324 5510 384 5523 —
407 5484 422 5514 ²
445 5485 564 5553 lea„
586 5496 636 5551 v,
664 5489 742 5539 20.
765 5513 828 5526 -
854 5488 874 5517 ⁸
893 5487 1059 5551 Joan„
1087 5500 1124 5558 ι,
1148 5492 1195 5545 5.
1219 5516 1279 5529 —
1304 5491 1324 5522 ⁸
1348 5491 1483 5544 Psal.
1515 5503 1694 5556 uxxr,
1726 5496 1771 5550 5.
1797 5519 1860 5537 .-

3418 494 3538 558 603

1998 613 2320 694 gendum3
2353 614 2598 683 Stultus
2627 619 2703 684 in
2724 619 2997 688 tenebris
3021 622 3326 704 ambulat,
3354 625 3539 708 quasi

1993 739 2123 785 non
2173 720 2405 787 habeat
2451 723 2670 789 oculos
2708 726 2775 790 in
2818 728 3043 811 capite.
3097 728 3275 807 Quod
3321 738 3538 796 autem

1994 829 2304 912 sapientia
2342 828 2696 910 illuminet,
2736 832 2888 897 alibi
2915 834 3131 913 docet,
3177 854 3326 901 cum
3353 838 3445 902 ait
3462 838 3487 875 ⁸
3516 857 3536 904 ε

2003 958 2033 994 α
2060 934 2311 1017 Diligite
2341 935 2561 1001 lumen
2593 940 2920 1022 sapientiae
2946 960 3198 1023 omnes,
3231 944 3341 1027 qui
3376 963 3539 1028 prae-

1993 1043 2148 1107 estis
2191 1042 2463 1125 populis.
2512 1065 2543 1103 n
2598 1044 2775 1110 Unde
2813 1051 2876 1111 et
2918 1047 3234 1128 Christu3‚
3281 1050 3392 1116 Dei
3433 1070 3535 1117 sa-

1993 1149 2260 1233 pientia,
2288 1150 2436 1215 dicit
2472 1151 2550 1216 de
2586 1171 2654 1217 se
2695 1156 2835 1219 luce
2860 1162 2884 1196 ⁶
2917 1175 2932 1217 ι
2991 1179 3022 1216 a
3053 1155 3192 1238 Ego
3232 1177 3377 1223 sum
3421 1160 3539 1225 lux

1994 1256 2241 1322 mundi.
2271 1281 2302 1318 n
2342 1257 2392 1322 E
2429 1263 2648 1324 contra
2678 1262 2946 1327 stultitia
2967 1268 3064 1327 est
3098 1265 3429 1330 tenebrosa
3455 1274 3479 1310 '¹
3514 1289 3531 1332 ε

1997 1388 2028 1424 ιι
2059 1364 2172 1431 Vae
2217 1366 2328 1448 qui
2370 1366 2577 1431 dicitis
2603 1368 2849 1434 bonum
2887 1370 3163 1452 malum,
3195 1376 3261 1437 et
3293 1373 3536 1439 malum

1990 1472 2265 1555 bonum,
2316 1478 2624 1556 ponentes
2659 1475 2868 1541 lucem
2907 1479 3231 1560 tenebras,
3275 1486 3340 1544 et
3367 1485 3539 1548 tene-

1991 1580 2140 1644 bras
2183 1581 2419 1646 lucem.
2463 1603 2495 1642 n
2546 1582 2724 1650 Unde
2764 1590 2787 1626 ⁸
2830 1604 2846 1647 ε
2903 1610 2935 1647 «
2976 1585 3116 1651 Lux
3153 1587 3222 1651 in
3262 1589 3539 1654 tenebris

1991 1688 2202 1768 lucet,
2240 1693 2303 1755 et
2347 1691 2630 1756 tenebrae
2677 1710 2818 1756 eam
2861 1711 2993 1759 non
3037 1696 3534 1778 comprehende·

1990 1800 2170 1875 runt;
2191 1820 2221 1856 n
2252 1797 2414 1877 ideo,
2445 1798 2597 1881 quia
2626 1804 2651 1840 ⁹
2677 1821 2708 1859 α
2725 1800 3109 1880 nescierunt,
3133 1821 3341 1887 neque
3359 1805 3538 1870 intel-

1989 1903 2285 1969 lexerunt
2313 1927 2328 1969 ε
2356 1927 2387 1965 n
2415 1904 2556 1971 ideo
2584 1907 2699 1970 «in
2733 1908 3013 1973 tenebris
3030 1910 3362 1976 ambulant
3381 1934 3413 1971 ι
3452 1915 3537 1976 2¹·

1997 2036 2028 2073 α
2063 2010 2438 2077 Dilexerunt
2472 2013 2646 2077 enim
2696 2015 2910 2096 magis
2949 2017 3279 2098 tenebras,
3335 2038 3534 2104 quam

1990 2121 2227 2185 lucem.
2258 2141 2290 2179 n

2072 2233 2101 2291 1
2111 2233 2173 2292 4.
2196 2229 2280 2295 Et
2295 2227 2531 2308 didici,
2556 2232 2678 2293 etc.
2694 2227 3011 2310 Tangitur
3025 2232 3129 2297 hic
3142 2234 3422 2316 tertium,
3437 2253 3537 2302 sa-

1989 2335 2219 2418 pientis
2243 2335 2323 2400 ad
2350 2336 2621 2401 stultum
2650 2337 3147 2421 aequiparantia,
3179 2345 3244 2406 et
3269 2341 3337 2405 in
3366 2361 3538 2410 mor-

1988 2447 2050 2506 te
2070 2492 2088 2523 ,
2137 2445 2199 2507 et
2233 2447 2378 2526 post
2416 2445 2712 2507 mortem.
2760 2441 3083 2520 Quantum
3128 2447 3209 2512 ad
3255 2451 3534 2534 aequipa-

1987 2551 2262 2615 rantiam
2290 2551 2359 2613 in
2383 2549 2731 2631 moriendo,
2762 2551 2956 2617 dicit:
2987 2553 3072 2621 Et
3094 2554 3328 2637 didici,
3362 2560 3536 2641 quod

1986 2675 2161 2725 unus
2199 2661 2532 2741 utriusque
2556 2664 2715 2726 esset
2740 2662 3043 2728 interitus
3067 2683 3093 2727 .·
3114 2679 3319 2743 unus,
3348 2666 3415 2731 id
3440 2671 3536 2732 est

1984 2768 2368 2847 consimiIiS,
2405 2769 2559 2851 quia
2607 2786 2799 2834 nemo
2837 2769 3073 2852 effugit
3114 2773 3339 2837 mortis
3385 2793 3532 2839 sen-

1983 2876 2250 2940 tentiam
2289 2880 2547 2959 propter
2578 2893 2763 2940 suam
2799 2878 3176 2960 sapientiam
3190 2902 3208 2959 ;
3239 2880 3410 2946 unde
3439 2883 3480 2921 ¹²
3512 2904 3528 2947 :

1994 3007 2027 3046 α
2070 2984 2303 3050 Omnes
2361 2983 2708 3061 morimur,
2756 2988 2819 3049 et
2866 2986 3053 3068 quasi
3107 3004 3329 3070 aquae,
3384 3006 3531 3072 quae

1984 3093 2355 3160 dilabuntur
2394 3093 2464 3157 in
2518 3095 2754 3157 terram
2769 3139 2786 3170 ,
2829 3110 2977 3176 quae
3021 3111 3154 3159 non
3196 3099 3529 3162 revertun-

1983 3208 2114 3267 tur.
2143 3223 2175 3264 υ
2213 3201 2391 3267 Sicut
2433 3200 2666 3265 stultus
2694 3199 2857 3264 nihil
2890 3201 3052 3265 nihil
3079 3202 3263 3268 effert
3291 3204 3411 3288 (α),
3436 3206 3529 3270 sic

1982 3329 2102 3376 nec
2126 3310 2492 3393 sapiens.¹¹«
2505 3308 2559 3373 N
2567 3309 2732 3374 udus
2763 3327 3064 3391 egressus
3085 3328 3231 3374 sum
3252 3312 3331 3377 de
3344 3315 3528 3379 utero

1983 3417 2207 3483 matris
2234 3435 2418 3495 meae,
2442 3420 2506 3484 et
2530 3417 2744 3482 nudus
2768 3422 3076 3483 revertar.
3104 3439 3137 3479 ι
3164 3417 3244 3483 Et
3270 3423 3529 3502 propter

1982 3527 2149 3591 hanc
2174 3527 2705 3610 aequiparantiam
2725 3527 3105 3608 contempsit
3123 3526 3524 3609 sapientiam,

1981 3636 2125 3700 ideo
2150 3636 2298 3700 dicit
2338 3635 2421 3718 (v.
2460 3635 2557 3715 15)
2590 3652 2608 3699 ε
2637 3634 2722 3700 Et
2747 3633 2904 3701 disci
2929 3635 3004 3700 in
3031 3633 3219 3701 corde
3249 3650 3380 3701 meo
3410 3653 3435 3699 .·
3463 3636 3530 3702 si

1980 3761 2154 3812 unus
2183 3751 2246 3813 et
2270 3745 2487 3826 stulti,
2527 3749 2588 3811 et
2639 3760 2813 3810 meus
2872 3759 3132 3810 occasus
3172 3745 3315 3823 crit,
3363 3744 3529 3826 quid

1980 3855 2148 3921 mihi
2167 3853 2448 3937 prodest,
2480 3852 2651 3936 quod
2675 3851 2982 3934 majorem
3007 3853 3347 3935 sapiemioe
3374 3852 3529 3921 dedi

1981 3978 2235 4046 operam
2249 3964 2283 4028 P
2294 3961 2478 4045 quasi
2496 3961 2663 4025 dicat
2685 3982 2700 4023 :
2722 3958 2917 4038 Nihil,
2934 3964 3252 4043 quantum
3267 3959 3348 4023 ad
3360 3977 3529 4024 mor-

1980 4076 2135 4136 tem.
2165 4073 2211 4113 ’8
2239 4094 2269 4132 α
2287 4070 2429 4135 Dies
2448 4068 2752 4133 finitionis
2771 4067 3037 4147 (mortis)
3051 4085 3093 4131 a
3113 4067 3426 4132 residente
3445 4067 3526 4148 (b)

1979 4198 2174 4264 super
2212 4179 2425 4244 sedem
2462 4176 2811 4259 gloriosam
2854 4192 3058 4257 usque
3097 4173 3178 4238 ad
3219 4173 3527 4239 humilia-

1978 4293 2119 4353 tum
2173 4288 2244 4350 in
2294 4289 2466 4349 terra
2517 4287 2581 4347 et
2628 4283 2864 4346 cinere.
2919 4302 2952 4340 n
3000 4279 3112 4345 Est
3158 4284 3375 4346 autem
3417 4300 3526 4348 sa-

1978 4394 2214 4480 pientis
2242 4398 2304 4458 et
2325 4391 2500 4456 stulti
2527 4408 2658 4455 non
2679 4393 2934 4454 tantum
2972 4387 3433 4472 aequiparantia
3458 4390 3527 4453 in

1979 4508 2215 4582 morte,
2251 4500 2361 4565 sed
2398 4498 2591 4563 etiam
2628 4500 2771 4580 post
2811 4499 3118 4574 mortem3
3162 4496 3333 4561 unde
3378 4497 3528 4561 suh·

1980 4611 2118 4675 dit:
2184 4610 2578 4689 Locutusque
2621 4621 2766 4671 cum
2818 4612 3021 4671 mente
3076 4620 3239 4684 mea,
3289 4605 3355 4670 id
3408 4610 3524 4683 est,

1978 4716 2248 4782 interius
2274 4713 2689 4779 consideravi.
2722 4710 3182 4780 Animadverti
3208 4710 3382 4795 quod
3411 4712 3525 4780 hoc

1978 4840 2222 4909 quoque
2245 4827 2406 4890 esset
2434 4822 2730 4899 vanitas,
2759 4820 2995 4885 scilicet
3020 4821 3172 4885 dare
3198 4820 3524 4903 sapientiae

1977 4949 2238 5018 operam
2274 4933 2616 5013 majorem,
2650 4946 2847 5012 quam
2883 4929 3117 4994 stultus
3136 4977 3154 5007 ,
3200 4928 3354 5013 quia
3394 4947 3525 4996 non

1977 5044 2075 5107 est
2101 5040 2316 5121 magis
2345 5040 2423 5104 de
2442 5039 2580 5122 ipso
2599 5036 2935 5118 memoria,
2959 5055 3157 5120 quam
3174 5027 3263 5102 'de
3289 5037 3517 5118 stulto;

1978 5150 2120 5215 ideo
2148 5148 2299 5213 dicit
2323 5150 2410 5229 (v.
2467 5147 2564 5231 16)
2603 5167 2618 5211 ε
2650 5145 2792 5213 Non
2820 5147 2993 5212 enim
3030 5144 3158 5212 erit
3207 5146 3525 5227 sapientis

1979 5322 2019 5358 ¹⁰
2041 5321 2207 5379 loun„
2237 5329 2329 5379 ιιι,
2360 5320 2517 5369 19.-
2544 5316 2582 5351 ¹¹
2614 5316 2655 5366 ll
2685 5315 2824 5382 Req„
2848 5326 2958 5377 xiv,
2988 5315 3066 5366 14.
3093 5339 3145 5352 -
3178 5313 3216 5349 ¹²
3239 5310 3351 5378 lob,
3378 5324 3416 5379 1,
3440 5315 3520 5368 2¹.

1974 5419 2037 5432 -
2068 5392 2115 5428 ¹⁸
2138 5390 2320 5452 Βαὰλ,
2351 5401 2441 5451 11..
2467 5391 2516 5440 2.

2036 5493 2107 5555 (a)
2135 5491 2257 5543 Coee.
2280 5488 2410 5543 edit.
2438 5487 2667 5543 afferte·
2686 5486 2754 5552 (ὁ)
2776 5489 2902 5541 Item
2915 5486 3095 5542 mortis
3110 5485 3412 5543 residentes.
3448 5538 3454 5545 ,
