4196 6294
781 422 902 491 682

780 561 998 643 dixit,
1031 562 1333 646 inquam:
1373 560 1645 628 vanitas
1677 559 2062 627 vanitatum,
2094 557 2326 624 Sermo

781 674 900 738 iste
925 669 1337 736 materialiter
1361 673 1635 749 tenetur,
1665 673 1730 734 et
1760 668 1993 733 mansit
2018 671 2197 734 actus
2223 667 2321 732 di-

781 779 965 847 cendi
993 796 1187 864 super
1210 779 1446 862 ipsum,
1477 780 1553 843 ut
1577 777 1659 842 sit
1685 794 1910 842 sensus
1941 798 1957 840 ε
1993 775 2325 842 Ecclesias-

781 893 876 954 tes
918 887 1077 953 dixit
1102 888 1279 952 hunc
1304 903 1664 951 sermonem
1706 909 1723 952 ι
1759 884 2033 953 Vanitas
2066 885 2324 951 vanita-

784 1001 943 1065 tum.
971 994 1053 1060 Et
1076 995 1149 1059 in
1173 995 1298 1060 hoc
1323 1011 1639 1071 sermone,
1670 991 1997 1075 genitivus
2022 990 2131 1056 ille
2158 991 2323 1056 desi-

783 1108 941 1188 gnat
964 1103 1305 1186 originem,
1334 1104 1410 1167 ut
1435 1102 1517 1166 sit
1543 1118 1803 1166 sensus:
1832 1100 2106 1168 Vanitas
2143 1106 2328 1168 vani-

783 1217 1013 1292 tatum,
1041 1212 1108 1276 id
1133 1213 1251 1290 est,
1293 1228 1334 1274 a
1366 1207 1757 1273 vanitatibus
1795 1206 2006 1272 oritur
2047 1209 2322 1274 vanitas.

782 1322 979 1388 Dia-it
1023 1319 1214 1384 etiam
1261 1317 1670 1384 Ecclesiastes
1696 1334 1720 1380 .·
1762 1317 1991 1382 Omnia
2040 1316 2323 1396 vanitas,

783 1431 848 1494 et
869 1426 1254 1509 intelligitur
1276 1424 1552 1490 verbum
1578 1424 2053 1489 substantivum
2092 1442 2178 1488 ex
2200 1441 2328 1489 usu

781 1533 1086 1620 loquendi
1118 1554 1135 1599 :
1170 1533 1398 1598 Omnia
1439 1535 1595 1599 sunt
1617 1531 1899 1597 vanitas.
1929 1530 2028 1596 Ex
2052 1530 2176 1596 hoc
2209 1532 2327 1595 du-

783 1643 932 1730 plici
957 1642 1125 1707 dicto
1150 1639 1400 1705 elicitur
1436 1638 1580 1703 talis
1606 1638 1771 1703 ratio
1805 1660 1821 1703 :
1853 1637 1922 1704 Si
1946 1657 1987 1702 a
2012 1637 2326 1705 vanitati·-

783 1753 906 1818 bus
932 1749 1143 1815 oritur
1183 1747 1455 1826 vanitas,
1488 1749 1554 1810 et
1596 1747 1813 1811 omnia
1856 1744 2130 1826 vanitas,
2159 1763 2324 1829 ergo

785 1858 1007 1935 omnia
1057 1858 1267 1922 creata
1324 1853 1693 1919 dilectorem
1738 1853 1998 1918 beatum
2057 1871 2191 1919 non
2231 1854 2326 1919 fa-

784 1967 984 2045 ciunt,
1016 1963 1127 2029 sed
1153 1980 1425 2042 vanum,
1457 1960 1810 2026 secundum
1836 1960 1996 2027 illud
2016 1967 2076 2024 ²:
2107 1983 2139 2023 α
2161 1963 2327 2026 Am-

783 2072 1170 2140 bulaverunt
1237 2072 1380 2153 post
1428 2068 1774 2134 vanitatem
1797 2118 1813 2150 ‚
1863 2072 1930 2133 et
1978 2069 2132 2135 vani
2177 2070 2327 2135 facti

784 2183 957 2246 sunt.
987 2201 1018 2241 n
1054 2178 1121 2245 Si
1164 2195 1326 2259 ergo
1351 2194 1573 2242 omnes
1601 2177 1834 2242 debent
1858 2180 2158 2261 appetere
2182 2177 2328 2242 bea-

781 2286 1123 2354 titudinem
1167 2290 1232 2351 et
1253 2287 1550 2368 refugere
1572 2285 1920 2351 vanitatem
1933 2333 1951 2366 ,
1986 2303 2143 2367 ergo
2194 2303 2328 2350 om-

781 2412 899 2461 nes
951 2394 1183 2460 debent
1215 2396 1468 2459 terrena
1520 2392 1842 2476 despicere
1885 2414 1900 2456 ε
1948 2394 2013 2457 et
2039 2392 2181 2458 baec
2231 2395 2327 2459 est

782 2502 1104 2569 conclusio
1130 2491 1331 2586 hujus
1354 2501 1527 2569 libri.

859 2616 922 2677 9.
941 2610 1217 2694 cumque
1228 2625 1359 2677 esse
1375 2608 1918 2693 sapientissimus,
1930 2611 2053 2673 etc.
2070 2607 2325 2673 Dictum

781 2725 878 2787 est
915 2737 1141 2803 supra,
1189 2718 1362 2802 quod
1386 2717 1551 2783 liber
1576 2718 1697 2782 iste
1733 2716 1927 2781 babet
1956 2719 2086 2780 tres
2113 2718 2325 2798 partes

780 2826 1161 2914 principales
1174 2874 1192 2906 ,
1225 2826 1459 2891 scilicet
1502 2825 1853 2906 Prologum
1867 2872 1892 2903 ,
1931 2822 2320 2902 Tractatum,

781 2939 847 3001 et
871 2935 1242 3019 Epilogum.
1264 2934 1527 3000 Duabus
1546 2932 1775 3016 primis
1798 2932 2089 3016 partibus
2111 2929 2327 2996 termi-

780 3042 969 3122 natis,
1011 3040 1118 3106 hic
1146 3041 1367 3125 incipit
1404 3041 1595 3121 tertia
1631 3057 1802 3124 pars.
1833 3038 1909 3104 In
1941 3040 2067 3104 hoc
2107 3043 2323 3104 autem

780 3150 1071 3234 Epilogo,
1101 3149 1223 3215 boc
1246 3150 1468 3216 ordine
1485 3149 1804 3234 procedit:
1832 3150 2039 3233 primo
2063 3152 2326 3219 notatur

779 3258 1108 3324 scribentis
1126 3258 1519 3340 studiositas3
1537 3259 1837 3337 secundo,
1850 3259 2164 3324 sermonis
2182 3261 2323 3343 ejus

778 3366 1159 3445 auctoritas3
1188 3367 1375 3431 tertio
1390 3415 1408 3448 ,
1437 3367 1808 3451 reprimitur
1833 3367 2169 3433 curiositas
2200 3387 2327 3433 au-

778 3475 1087 3554 ditorum;
1109 3477 1361 3558 quarto,
1383 3475 1671 3559 aperitur
1694 3493 1957 3540 summa
1975 3477 2321 3545 dictorum.

778 3582 1147 3648 Insinuatur
1184 3599 1347 3664 ergo
1393 3583 1601 3666 primo
1646 3584 1974 3649 scribentis
1997 3585 2321 3652 ‘studiosi-

778 3694 905 3757 tas:
927 3690 1082 3773 quia
1097 3709 1246 3756 cum
1265 3696 1430 3757 esset
1446 3692 1722 3775 sapiens,
1737 3693 2117 3776 sapientiam
2136 3712 2323 3760 suam

778 3818 912 3867 non
932 3800 1278 3883 abscondit,
1304 3801 1416 3867 sed
1432 3802 1573 3866 aliis
1590 3802 1944 3868 enarravit:
1967 3803 2111 3869 ideo
2135 3802 2317 3870 dicit:

782 3909 1061 3993 cumque
1122 3914 1285 3978 esset
1328 3911 1845 3993 sapientissimus
1889 3911 2319 3981 Ecclesiastes.

776 4019 800 4056 ⁸
821 4038 854 4078 α
887 4014 1291 4082 Praecedebat
1334 4019 1645 4101 sapientia
1691 4017 2052 4084 Salomonis
2078 4022 2324 4104 sapien-

777 4122 936 4188 tiam
956 4124 1247 4189 omnium
1272 4122 1709 4207 Orientalium,
1735 4129 1799 4191 et
1814 4129 1951 4191 erat
1977 4129 2325 4212 sapientior

779 4231 1023 4297 cunctis
1046 4231 1438 4298 hominibus.
1468 4255 1500 4295 ι
1536 4233 1695 4299 Cum
1724 4235 1817 4299 ita
1854 4238 2019 4300 esset
2043 4237 2318 4319 sapienS,

776 4358 908 4405 non
933 4340 1053 4405 ruit
1077 4342 1443 4423 negligens,
1475 4344 1585 4408 sed
1612 4343 1923 4426 diligens:
1952 4344 2165 4412 unde:
2198 4347 2322 4414 Do·

778 4451 916 4517 cuit
933 4452 1243 4533 populum
1270 4456 1293 4493 ⁸
1317 4470 1341 4513 .·
1391 4474 1423 4513 α
1459 4452 1690 4518 Adhuc
1722 4452 2108 4535 doctrinam,
2138 4456 2320 4540 quasi

778 4559 1202 4643 prophetiam,
1229 4561 1551 4627 effundam
1566 4611 1588 4642 ,
1635 4566 1699 4628 et
1739 4563 2102 4647 relinquam
2142 4563 2321 4629 illam

781 4669 1214 4751 quaerentibus
1249 4670 1644 4754 sapientiam.
1674 4692 1705 4732 ι
1741 4671 1817 4737 Et
1843 4675 1987 4756 post
2010 4672 2225 4737 subdit
2248 4674 2314 4737 ⁸:

783 4794 816 4836 ι
848 4773 1177 4858 Respicite,
1210 4776 1364 4860 quia
1389 4796 1522 4843 non
1545 4779 1706 4844 mihi
1728 4780 1846 4845 soli
1867 4780 2179 4862 laboravi,
2209 4781 2321 4848 sed

782 4882 1081 4947 omnibus
1106 4885 1541 4967 quaerentibus
1579 4885 1938 4954 veritatem.
1972 4911 2004 4950 n
2034 4889 2320 4974 Explicat

673 4997 676 4998 ’
779 4988 1204 5073 diligentiam,
1231 4992 1464 5058 scilicet
1487 5013 1603 5078 per
1627 4996 2104 5064 multitudinem
2128 4998 2321 5082 scrip-

778 5098 996 5164 torum
1022 5099 1588 5185 documentorum:
1617 5108 1681 5170 et
1706 5107 2068 5189 tanguntur
2092 5108 2162 5173 hi
2188 5111 2319 5174 tres

776 5203 945 5288 libri,
967 5225 1131 5292 quos
1147 5211 1504 5296 composuit
1516 5211 1941 5298 Ecclesiastes,
1961 5235 2112 5281 cum
2127 5216 2312 5283 dicit:

848 5365 1098 5433 ¹Jerem.,
1129 5379 1201 5437 11,
1235 5376 1284 5425 5.
1322 5400 1385 5412 —
1421 5374 1444 5410 ¹
1477 5374 1545 5426 lil
1583 5373 1720 5443 Κεφ,
1761 5388 1834 5443 1v,
1870 5381 1949 5431 30.
1984 5405 2050 5417 -
2084 5378 2108 5415 ⁸
2133 5380 2319 5446 Eccli„

635 5457 642 5464 -
781 5447 929 5506 xm,
955 5438 1037 5492 ic.
1060 5461 1124 5481 --
1150 5442 1169 5473 ⁴
1197 5444 1346 5511 tm,
1372 5447 1536 5500 η·-
1558 5447 1584 5486 ⁸
1610 5449 1778 5513 mv„
1803 5459 1843 5514 1,
1875 5454 1923 5516 ι,
1951 5453 2080 5505 2.-
2109 5453 2321 5515 wrov„

1780 421 2193 491 EXPOSITIO
2235 419 2319 489 IN
2358 416 2962 489 EGGLESIASTEN.

2439 557 3908 642 Etenarravitquoeroocrat:ethocinlibro

2439 666 2851 735 Ecclesiastoe
2877 670 2984 748 (a).
3022 666 3231 751 Supra
3267 667 3439 732 enim
3474 667 3739 731 narravit
3763 686 3909 750 opera

2439 773 2797 857 spiritualia
2849 779 2913 840 et
2965 775 3240 867 carnalia
3262 824 3282 856 ,
3333 781 3408 840 ut
3460 775 3530 838 in
3569 775 3740 839 malis
3778 775 3911 841 daret

2439 882 2811 966 exemplum
2850 882 3237 965 detestandi,
3283 883 3354 947 in
3396 883 3580 948 bonis
3613 879 3911 967 exemplum

2438 990 2751 1056 imitandi.
2785 990 3078 1057 Secundo
3105 992 3401 1073 tangitur
3428 990 3589 1056 liber
3613 992 3914 1059 proverbia

2438 1115 2618 1178 rum,
2657 1117 2806 1164 cum
2833 1098 3022 1164 dicit:
3068 1101 3161 1166 Et
3199 1101 3599 1182 investimus
3626 1101 3915 1183 composuit

2431 1206 2797 1291 parabolas,
2818 1223 2961 1291 quoe
2977 1216 3134 1276 sunt
3151 1208 3340 1275 verba
3356 1209 3581 1291 utiam
3591 1209 3745 1274 unde
3760 1209 3917 1291 inquit

2436 1314 2528 1380 ibi
2546 1319 2569 1356 ⁸
2593 1336 2608 1379 :
2634 1336 2666 1375 c
2694 1311 3083 1398 Principium
3113 1315 3627 1395 Proverhiorum,
3654 1314 3916 1381 Parabolae

2438 1420 2819 1501 Salomonis,
2849 1421 2967 1485 fllii
2992 1421 3215 1500 David,
3246 1422 3420 1504 regis
3442 1422 3653 1504 Israel,
3674 1424 3746 1487 ad
3768 1423 3919 1487 scien-

2438 1530 2588 1595 dam
2627 1530 3004 1613 sapientiam
3019 1577 3037 1607 ,
3079 1532 3146 1594 et
3184 1529 3583 1614 disciplinam
3596 1580 3617 1610 ‚
3654 1536 3712 1596 et
3731 1530 3920 1595 intelli-

2441 1638 2656 1720 genda
2680 1638 2881 1704 verba
2906 1637 3287 1721 prudentiae.
3315 1636 3530 1703 Tertio
3564 1638 3822 1720 tangitur
3839 1637 3921 1701 hic

2437 1746 2600 1812 liber
2630 1747 3067 1825 Canticorum,
3088 1762 3238 1809 cum
3264 1745 3453 1810 dicit:
3487 1747 3574 1813 Et
3597 1746 3920 1828 commpsa

2437 1868 2754 1923 sermones
2774 1854 3187 1933 rectissimos,
3207 1869 3282 1919 ac
3299 1854 3573 1921 veritate
3589 1854 3808 1938 plenos.
3823 1853 3922 1919 11oe

2438 1961 2615 2044 dicit,
2645 1962 2800 2045 quia
2821 1962 3055 2040 verba,
3086 1978 3236 2043 quae
3262 1959 3566 2027 dicuntur
3592 1962 3661 2026 in
3685 1960 3919 2041 Cautius,

2437 2070 2739 2137 videntur
2781 2069 2982 2136 verba
3026 2068 3311 2133 luxuriae
3356 2073 3421 2134 et
3476 2069 3779 2147 libidinis;
3813 2069 3923 2133 idco

2437 2179 2620 2245 dicit:
2656 2177 2984 2247 Sermones
3015 2178 3431 2258 rectissimos,
3459 2177 3529 2243 id
3552 2183 3664 2259 est,
3682 2180 3862 2261 justos
3880 2178 3926 2239 et

2436 2288 2639 2353 bonos
2664 2288 2688 2326 ⁶
2707 2315 2725 2352 ε
2764 2309 2798 2349 α
2821 2286 2986 2352 Justi
3013 2288 3166 2352 sunt
3205 2303 3431 2351 omnes
3467 2301 3781 2351 sermones
3801 2282 3923 2361 mei,

2436 2412 2570 2462 non
2596 2396 2789 2460 estin
2813 2395 2908 2459 eis
2950 2412 3228 2478 pravum
3261 2393 3419 2477 quid
3435 2440 3458 2473 ,
3484 2410 3697 2477 neque
3724 2407 3927 2475 perver-

2437 2521 2608 2568 sum.
2656 2525 2687 2565 υ
2737 2501 3050 2569 Videntur
3095 2502 3288 2567 etiam
3333 2501 3534 2568 verba
3579 2501 3928 2568 canticorum

2436 2630 2576 2678 esse
2601 2612 2760 2677 falsa
2784 2614 2849 2677 et
2866 2613 3110 2694 jocosa,
3133 2629 3284 2676 cum
3304 2609 3454 2675 dicit
3469 2610 3530 2673 ⁷:
3557 2632 3591 2671 α
3611 2609 3801 2676 Nasus
3814 2609 3929 2670 tuus

2436 2720 2603 2785 sicut
2626 2719 2854 2801 turris3
2886 2719 3070 2785 »ideo
3097 2718 3287 2783 dicit:
3318 2721 3406 2784 Ac
3434 2721 3706 2799 veritate
3725 2717 3931 2801 plenos.-

2434 2828 2700 2912 plenum
2739 2827 2914 2893 enim
2955 2830 3052 2893 est
3078 2826 3236 2893 illud
3250 2873 3272 2900 ‚
3304 2826 3478 2910 quod
3504 2826 3676 2891 intra
3702 2822 3931 2890 eontinet

2436 2936 2698 3020 aliquid,
2718 2940 2783 3001 et
2802 2936 2999 3019 capit:
3029 2939 3093 3000 et
3117 2935 3208 2999 sic
3235 2934 3435 3001 verba
3461 2934 3851 3002 camoenam
3864 2929 3934 2993 in-

2432 3047 2541 3110 tus
2568 3044 2773 3109 celant
2810 3048 2877 3109 et
2915 3043 3189 3110 audiunt
3212 3044 3589 3109 veritatem:
3635 3045 3698 3107 et
3728 3041 3836 3105 hoc
3855 3053 3934 3101 ne·

2435 3152 2779 3218 cessarium
2811 3152 2882 3216 in
2905 3152 3083 3218 omni
3111 3151 3397 3217 doctrina
3412 3153 3435 3191 ⁸
3465 3175 3483 3216 ι
3513 3174 3544 3215 α
3581 3152 3743 3218 Ante
3766 3145 3939 3215 omnia

2435 3279 2631 3346 opera
2654 3259 2930 3326 verbum
2957 3277 3158 3325 verax
3184 3260 3622 3344 praecedatte.
3650 3281 3681 3321 ι

2516 3375 2586 3434 11
2600 3417 2616 3433 .
2639 3369 2833 3438 Verba
2849 3370 3267 3453 sapientium,
3291 3373 3412 3435 etc.
3432 3367 3555 3435 Hic
3572 3367 3837 3456 secundo
3849 3382 3940 3430 no·

2433 3481 2607 3545 tatur
2647 3497 3042 3559 sermonum,
3082 3478 3221 3543 sive
3264 3478 3797 3545 documentorum
3832 3477 3946 3559 ejus

2433 3588 2775 3654 auctoritas
2792 3605 2813 3652 :·
2826 3588 2982 3671 quia
2992 3603 3127 3651 non
3146 3588 3298 3651 sunt
3311 3584 3541 3651 leviter
3564 3586 3827 3671 prolata,
3842 3584 3946 3647 imo

2433 3713 2584 3761 cum
2611 3694 2874 3761 consilio
2905 3693 3183 3777 prolata,
3230 3694 3296 3756 et
3321 3710 3362 3756 a
3388 3690 3517 3760 Deo
3545 3694 3879 3779 inspirata3
3901 3689 3950 3753 et

2431 3805 2575 3871 ideo
2620 3806 2769 3869 sunt
2806 3804 3031 3880 firma,
3073 3802 3139 3865 et
3192 3800 3480 3880 stabilia;
3540 3805 3612 3866 et
3658 3802 3948 3885 propterea

2432 3913 2623 3978 dicit:
2675 3910 2881 3978 Verba
2909 3910 3304 3992 sapientium
3335 3909 3528 3990 quasi
3574 3907 3853 3984 stimuli,
3888 3902 3952 3968 ad

2431 4019 2733 4086 interiora
2766 4017 3001 4082 scilicet
3029 4019 3464 4101 penetrantes;
3507 4020 3571 4083 et
3594 4017 3788 4100 quasi
3813 4010 3952 4079 olavi

2430 4133 2507 4200 in
2532 4130 2734 4198 altum
2773 4127 3020 4208 defim',
3064 4125 3131 4190 id
3167 4128 3263 4189 est
3303 4125 3373 4189 in
3399 4126 3832 4208 profundum,
3865 4119 3954 4205 qui

2430 4242 2580 4304 sunt
2611 4235 3014 4316 immobiles:
3041 4236 3107 4298 et
3133 4232 3277 4297 ideo
3305 4249 3441 4298 non
3467 4233 3551 4297 de
3579 4234 3752 4298 facili
3778 4228 3953 4316 repsi·

2429 4348 2653 4414 luntur
2677 4363 2717 4409 a
2742 4343 2958 4422 eorde:
2999 4340 3109 4406 sed
3152 4344 3446 4421 manent,
3513 4344 3581 4405 et
3621 4342 3707 4406 ad
3743 4342 3955 4406 bonum

2429 4455 2763 4521 reducunt.
2795 4450 2975 4517 Unde
3014 4449 3290 4515 verbum
3318 4447 3432 4513 Dei
3469 4449 3696 4529 gladio
3727 4464 3955 4532 compa-

2429 4566 2630 4645 ratur,
2670 4562 2860 4644 juxta
2902 4555 3061 4622 illud
3087 4562 3148 4619 ⁹:
3191 4578 3224 4616 c
3248 4554 3328 4620 Et
3355 4555 3654 4638 gladium
3686 4559 3954 4642 spiritus,

2429 4672 2603 4757 quod
2646 4673 2741 4735 est
2782 4668 3055 4733 verbum
3104 4664 3237 4731 Dei.
3282 4686 3314 4726 n
3366 4663 3515 4730 ldeo
3557 4667 3806 4750 pungit
3841 4683 3958 4744 cor,

2422 4773 2614 4867 juxta
2635 4778 2794 4844 illud
2812 4774 2898 4841 ¹⁰:
2940 4796 2971 4836 c
2988 4773 3102 4839 His
3129 4772 3387 4854 auditiS,
3425 4775 3802 4858 compuncti
3832 4773 3956 4839 sunt

2430 4886 2639 4954 corde.
2668 4907 2699 4948 n
2735 4883 2902 4950 Sunt
2927 4900 3086 4965 ergo
3123 4881 3323 4947 verba
3362 4881 3762 4966 sapientium
3787 4899 3957 4967 pene-

2428 4995 2662 5062 trantia
2678 5043 2695 5075 ,
2744 4992 2898 5077 quia
2937 5008 3068 5055 non
3111 4991 3264 5054 sunt
3294 4987 3523 5055 leviter
3565 4989 3746 5056 dicta
3776 5012 3794 5055 :
3836 4989 3960 5055 ideo

2429 5103 2615 5172 dicit:
2662 5103 2815 5181 Quoe
2845 5115 2962 5184 per
2998 5098 3453 5182 mamati-orum
3483 5101 3868 5181 con-silim,
3906 5098 3961 5164 id

2428 5289 2560 5339 vm,
2586 5278 2635 5329 8.
2661 5299 2726 5313 -
2765 5273 2789 5309 '¹
2825 5270 2994 5335 Cant„
3038 5279 3141 5334 vn,
3169 5271 3222 5322 4.
3245 5295 3310 5309 —
3331 5268 3356 5305 ⁸
3382 5269 3561 5335 Ecca„
3591 5282 3787 5341 xxvu,
3812 5275 3887 5328 2ο,
3914 5295 3964 5311 .-

2428 5352 2448 5384 ⁹
2469 5349 2675 5416 Ephe-2„
2702 5356 2775 5412 v1,
2799 5345 2952 5397 17.—
2975 5342 3013 5374 ¹⁰
3033 5342 3170 5404 Act..
3197 5351 3260 5406 11,
3281 5343 3368 5396 37.

2487 5448 2562 5517 (a)
2584 5449 2708 5502 Get.
2736 5443 2856 5499 edit.
2885 5440 3227 5496 madasca.
