4196 6294
657 532 774 592 342

654 661 803 736 legis
829 662 940 720 Deiv
964 661 1234 721 distincte
1262 665 1319 721 et
1344 664 1546 736 aperte
1587 659 1670 717 ad
1708 657 2164 730 intelligendum
2182 700 2203 729 ,

656 760 714 812 et
740 756 1155 814 intellexerunt
1195 754 1649 828 cumlegeretur
1665 772 1685 825 ;
1713 773 1744 805 ι»
1776 767 1913 810 ecce
1937 751 2205 826 prudens

654 849 850 916 lectio,
872 865 995 924 qua
1012 849 1300 907 imbuitur
1311 848 1558 922 legentis
1574 846 1748 904 ratio.
1775 849 1851 903 De
1866 845 2130 903 secundo
2150 846 2200 903 ¹:

662 966 690 996 «
722 946 1011 1016 Legerunt
1044 943 1107 1000 in
1149 941 1456 1000 volumine
1500 941 1650 1013 legis
1699 938 1929 997 Domini
1967 939 2068 995 Dei
2112 938 2202 996 sui

657 1041 865 1111 quater
892 1037 955 1093 in
983 1036 1078 1094 die
1098 1080 1117 1108 ,
1149 1041 1206 1094 et
1232 1039 1441 1109 quater
1476 1036 1538 1093 in
1565 1036 1738 1092 nocte
1768 1032 2202 1091 confitebantur

659 1136 718 1189 et
762 1131 1095 1189 adorabant
1135 1132 1450 1190 Dominum
1499 1133 1684 1187 Deum
1732 1145 1954 1187 suum:
1986 1144 2201 1186 »1ecce

654 1225 931 1300 frequens
957 1225 1131 1284 lectio
1150 1269 1170 1299 ,
1210 1242 1331 1299 qua
1370 1227 1645 1282 movetur
1675 1222 1926 1281 affectio.
1968 1225 2048 1280 De
2087 1224 2202 1279 ter-

654 1318 737 1376 tio
755 1319 778 1353 ²
803 1338 819 1376 :
852 1338 881 1372 et
905 1322 1084 1392 Leges
1109 1320 1297 1377 verba
1324 1318 1471 1391 legis
1495 1318 1672 1389 hujus
1697 1332 1904 1375 coram
1932 1316 2096 1372 omni
2120 1318 2200 1373 ls-

653 1413 811 1483 rael,
839 1413 1218 1471 audientibus
1246 1412 1365 1470 iuis
1380 1454 1400 1484 ,
1429 1432 1458 1465 n
1493 1415 1603 1469 etc.
1637 1428 1651 1467 ε
1686 1427 1819 1467 ecce
1844 1413 2052 1483 patens
2078 1408 2201 1467 lec-

654 1506 734 1564 tio
750 1550 771 1580 ,
802 1523 922 1581 qua
949 1507 1256 1565 instruitur
1281 1505 1651 1565 audientium
1676 1503 2019 1562 multitudo.

1128 1668 1405 1723 Articulus
1441 1664 1722 1724 secundus.

725 1795 1027 1850 Mirabilia.
1059 1795 1180 1850 Hoc
1206 1792 1409 1849 scribit
1435 1794 1725 1865 quantum
1753 1788 1832 1847 ad
1862 1792 2060 1847 actum
2086 1788 2200 1846 ad-

653 1886 1000 1944 mirationis,
1032 1887 1196 1944 Actui
1233 1885 1394 1943 enim
1420 1883 1690 1942 lectionis
1729 1882 1992 1940 succedit
2037 1886 2201 1940 actus

411 2008 510 2037 rum
544 2008 627 2039 rm-
653 1980 1063 2038 admirationis
1091 2021 1110 2049 ,
1156 1979 1300 2053 quia
1342 1978 1490 2036 dum
1532 1977 1788 2051 legimus
1833 1975 2200 2049 Scripturas,

411 2058 619 2175 „232⁸-
652 2073 848 2132 statim
872 2073 1190 2131 incidimus
1215 2073 1280 2130 in
1305 2072 1547 2145 figuras,
1589 2074 1656 2129 Et
1683 2074 1826 2129 nota
1846 2111 1867 2141 ,
1897 2068 2065 2143 quod
2089 2068 2201 2128 ista

650 2167 983 2241 figurarum
1011 2166 1311 2224 mirabilia
1335 2169 1472 2223 sunt
1511 2164 1800 2239 triplicia,
1848 2163 1993 2236 quia
2035 2178 2199 2237 qum·

530 2321 538 2327 ,
652 2260 794 2319 dam
819 2265 958 2319 sunt
991 2260 1287 2318 mirabilia
1317 2265 1606 2333 quantum
1648 2259 1729 2317 ad
1772 2274 1990 2331 usum3
2035 2273 2199 2331 quee-

650 2355 814 2427 dam,
842 2358 1133 2429 quantum
1155 2354 1236 2412 ad
1262 2354 1533 2412 auditum
1547 2373 1565 2425 ;
1592 2352 1889 2426 quaedam,
1906 2355 2199 2426 quantum

648 2449 727 2506 ad
755 2448 1138 2507 intellectum.
1187 2446 1447 2506 Primum
1491 2447 1743 2521 pertinet
1790 2445 1871 2504 ad
1914 2445 2198 2519 figurales

648 2541 1064 2618 operationes;
1093 2540 1426 2599 secundum
1445 2582 1464 2609 ,
1511 2540 1592 2597 ad
1633 2539 1914 2612 figurales
1942 2539 2197 2598 locutio-

645 2653 753 2695 nes
772 2656 790 2709 ;
811 2636 1077 2706 tertium,
1103 2635 1184 2692 ad
1205 2634 1487 2706 figurales
1504 2633 1781 2692 visiones.
1813 2635 1892 2691 De
1915 2633 2114 2707 primo
2136 2635 2192 2691 ³:

651 2752 679 2782 α
702 2727 989 2789 mirabilia
1015 2743 1202 2802 opera
1229 2725 1504 2784 Altissimi
1543 2726 1756 2798 soliuS,
1804 2729 1863 2783 et
1900 2726 2194 2797 gloriosa,

644 2830 702 2881 et
729 2823 1024 2881 absconsa
1046 2863 1067 2893 ,
1098 2826 1155 2879 et
1178 2821 1371 2878 invisa
1400 2836 1581 2895 opera
1609 2820 1769 2877 illius
1800 2837 1815 2877 ε
1846 2839 1878 2876 ι»
1910 2834 2046 2878 ecce
2082 2819 2197 2877 mi·

642 2917 857 2975 rabilia
888 2915 1234 2988 figuralium
1271 2915 1688 2989 operationum
1705 2956 1726 2985 ,
1755 2914 1901 2987 quia
1926 2912 2194 2973 visibiles

643 3011 742 3068 Dei
785 3010 1026 3067 facturae
1059 3052 1078 3079 ,
1132 3008 1521 3066 invisibilium
1565 3010 1702 3065 sunt
1748 3008 1973 3081 figurae.
2031 3007 2194 3065 Unde

642 3103 955 3179 Dionysius
979 3145 1001 3174 ,
1053 3102 1117 3161 in
1169 3101 1421 3177 epistola
1473 3100 1554 3161 ad
1603 3101 1848 3159 beatum
1902 3103 2192 3161 loannem

642 3198 981 3274 apostolum
998 3197 1061 3254 in
1074 3197 1351 3255 Pathmos
1370 3195 1628 3255 insulam
1648 3194 2008 3268 relegatum:
2042 3216 2071 3252 α
2091 3198 2193 3253 Ve-

641 3311 706 3354 re
726 3338 745 3366 ,
766 3294 988 3368 inquit,
1012 3292 1316 3350 manifeste
1344 3290 1633 3364 imagines
1659 3296 1796 3348 sunt
1819 3289 2081 3347 visibilia
2102 3289 2191 3347 in-

641 3388 986 3446 visibilium.
1008 3408 1037 3440 »
1068 3387 1232 3446 Idem
1252 3401 1493 3461 quoque
1511 3384 1574 3442 in
1588 3384 1841 3459 epistola
1860 3383 1941 3442 ad
1956 3384 2149 3442 'ritum
2174 3405 2188 3439 :

648 3504 676 3537 ιι
702 3481 1079 3557 Apparentis,
1129 3479 1362 3553 inquit,
1410 3478 1605 3538 omnis
1646 3478 1858 3535 mundi
1923 3478 2191 3553 operatio

644 3581 732 3634 est
757 3575 1146 3634 invisibilium
1171 3574 1271 3631 Dei
1306 3572 1657 3648 propositio.
1692 3594 1720 3624 »
1755 3575 1833 3629 De
1859 3572 2124 3631 secundo
2170 3592 2185 3629 ε

650 3689 679 3722 α
703 3669 991 3727 Mirabilia
1016 3666 1352 3726 testimonia
1379 3671 1483 3725 tua
1511 3684 1575 3724 :n
1612 3681 1748 3724 ecce
1775 3665 2075 3724 mirabilia
2118 3665 2191 3721 fi-

644 3763 943 3836 guralium
967 3761 1309 3820 lectionum.
1347 3764 1426 3817 De
1471 3758 1641 3818 tertio
1683 3760 1706 3795 ⁴
1737 3777 1751 3816 ε
1788 3778 1818 3814 α
1845 3758 1974 3816 Dixi
2016 3759 2146 3817 viro
2170 3802 2190 3831 ,

645 3857 749 3931 qui
776 3855 1017 3914 indutus
1050 3859 1173 3913 erat
1197 3853 1369 3912 lineis
1388 3896 1408 3926 ,
1438 3852 1544 3927 qui
1571 3852 1763 3911 stabat
1794 3868 1972 3927 super
1999 3867 2191 3926 aquas

643 3948 905 4007 fluminis
935 3967 951 4005 ε
981 3964 1294 4023 usquequo
1322 3947 1457 4004 finis
1483 3946 1703 4004 horum
1726 3946 2093 4005 mirabilium
2111 3949 2141 4003 ⁶?
2157 3967 2185 3999 n

646 4059 782 4100 ecce
809 4042 1107 4101 mirabilia
1134 4041 1478 4116 figuralium
1505 4040 1825 4099 visionum.

1151 4199 1437 4256 Articulus
1475 4201 1690 4255 tertius.

715 4328 790 4384 Et
813 4325 1175 4383 considerabo.
1205 4325 1305 4383 Hic
1331 4324 1591 4399 tangitur
1609 4329 1774 4383 actus
1795 4324 2191 4397 investigatio-

645 4422 757 4480 nis,
800 4420 965 4477 Actui
1011 4418 1418 4478 admitationis
1453 4419 1714 4476 succedit
1748 4421 1914 4476 actus
1955 4418 2193 4476 investi-

648 4514 919 4589 gationis.
950 4517 1097 4572 Cum
1123 4513 1283 4571 enim
1309 4513 1374 4571 in
1398 4512 1651 4571 lectione
1682 4512 1988 4586 scripturae
2015 4511 2191 4571 nobis

648 4611 966 4669 occurrunt
990 4608 1226 4681 figurae,
1255 4608 1319 4664 in
1347 4607 1565 4681 quibus
1594 4609 1681 4665 est
1706 4609 1913 4681 operta
1937 4607 2060 4664 sive
2087 4623 2192 4664 ve·

646 4702 767 4761 lata
794 4703 1005 4760 veritas
1031 4718 1138 4776 per
1178 4701 1472 4775 quasdam
1498 4699 1932 4775 metaphoricas
1959 4704 2194 4775 opertu·

647 4813 775 4868 raS,
808 4797 1248 4856 considerantes
1290 4794 1745 4867 investigamus,
1792 4797 1849 4852 et
1898 4794 2194 4854 velaturas

462 4928 555 4969 00„
559 4925 620 4967 μί
646 4890 993 4964 hujusmodi
1009 4891 1311 4965 deponere
1324 4889 1687 4947 laboramuS.
1710 4888 1826 4948 Sed
1843 4889 2194 4963 nota,quod

431 4989 511 5030 der
512 4989 601 5031 uo
650 4985 1043 5043 consideratio
1092 4985 1205 5042 ista
1230 4983 1504 5042 facienda
1547 4988 1632 5042 est
1676 4999 1815 5041 cum
1842 4981 2149 5057 diligentia
2169 5024 2190 5055 ,

424 5062 611 5168 ,ζζῗρζ
650 5077 1060 5151 vehementia,
1088 5077 1467 5136 reverentia:
1502 5081 1706 5152 utpote
1734 5076 2046 5150 diligenter
2083 5092 2189 5134 ex-

409 5189 470 5219 rae
479 5176 624 5231 qualis
648 5170 987 5246 plorando,
1015 5172 1394 5231 vehementer
1440 5170 1815 5241 laborando,
1855 5173 2193 5229 reverenter

653 5264 903 5323 orando,
934 5267 1200 5336 Quorum
1228 5265 1491 5341 primum
1529 5266 1880 5337 insinuatur,
1908 5263 2017 5323 ubi
2044 5263 2190 5324 dici·

717 5396 734 5429 1
763 5395 804 5444 ll
834 5393 1009 5457 Esdr„
1039 5406 1124 5459 ix,
1150 5398 1201 5447 3.
1227 5420 1290 5434 -
1317 5395 1341 5431 ¹
1367 5395 1539 5449 Dent..
1572 5407 1729 5460 xxxi,
1762 5398 1839 5448 ss.
1872 5418 1934 5433 ——
1964 5396 1989 5432 ⁸
2011 5395 2189 5459 Eccli„

626 5465 734 5531 'xi,
772 5468 819 5518 4.
848 5491 910 5504 -
951 5466 974 5502 δ
1007 5466 1156 5530 Dan„
1195 5477 1300 5529 xu,
1339 5469 1387 5517 6.
1427 5493 1489 5504 -—
1524 5467 1592 5517 ΙΙ
1638 5467 1775 5531 neq„
1816 5478 1981 5526 xxm,
2019 5469 2098 5518 22.
2128 5493 2192 5505 —

1700 520 2118 588 EXPOSITIO
2160 520 2244 587 IN
2286 520 2810 588 PSALTERIUM.

2311 661 2408 716 tur
2423 659 2445 693 ⁸
2477 676 2493 715 ε
2532 676 2563 713 α
2582 657 2922 730 Diligentius
2945 661 3299 733 praeparate,
3328 662 3388 718 et
3412 660 3704 720 curiosius
3723 663 3854 735 agi-

2312 754 2398 821 te,
2427 754 2483 808 et
2506 751 2874 809 considerate
2899 752 3135 823 locum,
3162 751 3270 809 ubi
3297 753 3373 809 sit
3396 769 3502 828 pes
3529 755 3721 827 eJuS.»
3751 756 3853 814 Hic

2310 847 2588 903 notantur
2630 845 2742 903 tria
2783 844 3105 919 diligentiae
3139 844 3392 919 praefatas
3428 849 3853 921 congruentia,

2309 941 2512 1013 utpote
2538 954 2870 1012 praeparare
2896 938 3188 996 rationem
3213 939 3451 1012 figurae,
3489 957 3666 1013 agere
3701 958 3854 1002 con-

2308 1032 2695 1090 tinuationem
2723 1032 3033 1105 Scripturae
3049 1075 3067 1104 ,
3098 1032 3474 1093 considerare
3500 1034 3724 1109 pedem
3749 1036 3850 1094 lit-

2307 1129 2448 1183 terae
2465 1168 2484 1195 ,
2517 1142 2592 1184 ne
2620 1125 2768 1199 quid
2793 1125 3125 1184 inveniatur
3154 1126 3461 1201 proposito
3493 1143 3850 1203 repugnare.

2309 1221 2424 1278 Sed
2449 1220 2598 1278 forte
2628 1219 2853 1277 dicetur
2879 1219 2957 1277 ab
2986 1219 3225 1294 aliquo,
3264 1221 3433 1295 quod
3472 1237 3595 1280 non
3639 1222 3723 1279 sic
3764 1228 3854 1281 est

2307 1313 2371 1371 in
2411 1314 2692 1388 praedicto
2740 1313 3002 1387 eloquio.
3049 1315 3173 1371 lmo
3218 1314 3617 1388 proculdubio
3649 1334 3664 1373 ε
3714 1323 3853 1376 sunt

2310 1408 2468 1465 enim
2492 1407 2680 1465 verba
2705 1406 2914 1480 SauliS,
2944 1407 3007 1464 in
3030 1408 3230 1466 Gabaa
3248 1408 3564 1480 existentis,
3587 1410 3851 1485 Ziphaeos

2307 1502 2570 1573 rogantis
2595 1500 2671 1558 de
2700 1500 3012 1559 traditione
3040 1502 3227 1559 David
3252 1502 3316 1559 in
3344 1502 3578 1561 deserto
3606 1503 3749 1579 Ziph
3784 1505 3848 1562 in

2308 1594 2460 1652 colle
2500 1593 2752 1653 Hachilae
2777 1592 3073 1653 latitantis.
3104 1595 3244 1653 Saul
3271 1595 3683 1670 interpretatur
3710 1600 3846 1655 abu-
3876 1613 4002 1656 saul.

2305 1696 2388 1749 sio
2404 1735 2425 1764 ,
2449 1692 2617 1767 quod
2642 1709 2766 1750 non
2793 1694 3070 1751 convenit
3095 1693 3208 1750 nisi
3236 1694 3412 1753 stulto
3429 1715 3446 1767 ;
3466 1697 3668 1755 Gabaa
3695 1698 3847 1754 collis
3877 1720 4048 1764 ω...

2306 1786 2544 1843 altitudo
2575 1830 2595 1858 ,
2642 1786 2810 1860 quod
2851 1787 2973 1845 alto
3021 1787 3301 1845 convenit
3340 1788 3580 1861 offici03
3634 1789 3846 1864 Ziphaei
3876 1816 4061 1870 ziph-i.

2303 1884 2546 1951 florentes
2574 1883 2668 1941 vel
2695 1887 3088 1955 oei-minantes,
3120 1884 3326 1957 quales
3353 1889 3489 1943 sunt
3513 1885 3844 1959 sapientes;

2305 1974 2495 2032 David
2522 1981 2746 2049 aspectu
2781 1978 3194 2044 desiderabilis,
3226 1978 3421 2052 qualis
3447 1983 3535 2037 est
3560 1979 3848 2053 sapientia
3878 2003 4037 2045 num,

2304 2068 2610 2141 salutaris3
2641 2070 2783 2144 Ziph
2815 2074 2914 2141 nos
2939 2071 3372 2145 interpretatur,
3400 2088 3507 2147 per
3535 2072 3705 2146 quod
3734 2073 3846 2132 flos
3876 2101 4061 2157 zipha,

2304 2162 2680 2222 scientiarum
2705 2164 3104 2237 significatur3
3124 2165 3378 2223 Hachilae
3395 2169 3689 2238 suscipiens
3703 2185 3844 2238 eum,
3877 2198 4076 2242 Halm„

2304 2256 2473 2331 quod
2500 2260 2586 2315 est
2610 2257 2794 2314 altum
2824 2257 2875 2329 ej
2885 2257 3094 2315 usdem
3111 2258 3367 2316 scientiae
3384 2264 3841 2318 sacramentum.

2303 2350 2457 2420 Quid
2485 2366 2627 2424 ergo
2660 2351 2873 2409 volunt
2899 2351 3023 2410 haec
3051 2352 3253 2410 omnia
3290 2358 3345 2412 et
3368 2353 3557 2411 verba
3596 2354 3845 2412 circum-

2302 2444 2653 2517 adjacentia,
2678 2445 2791 2502 nisi
2817 2444 2984 2519 quod
3009 2445 3216 2503 stultus
3236 2446 3299 2504 in
3328 2448 3448 2505 alto
3473 2446 3670 2506 officio
3700 2464 3840 2507 con·

2301 2538 2562 2609 stitutus,
2607 2539 2900 2613 sapientes
2942 2544 3151 2613 rogat,
3188 2544 3252 2598 ut
3280 2557 3391 2616 per
3423 2558 3526 2602 eos
3560 2542 3845 2618 sapientia

2302 2632 2571 2690 salutaris
2619 2633 2682 2689 in
2728 2632 3106 2692 scientiarum
3148 2634 3292 2692 flore
3311 2677 3331 2706 ,
3369 2635 3433 2693 in
3476 2636 3714 2708 figurali
3747 2654 3843 2695 se-

2303 2729 2462 2784 creto
2496 2726 2729 2785 latitans
2748 2770 2770 2799 ,
2810 2726 3050 2802 patefiat
3070 2771 3089 2800 ,
3123 2730 3516 2803 praeparando
3550 2732 3842 2791 rationem

2301 2818 2534 2893 figurae,
2558 2820 2794 2892 agendo
2821 2821 3326 2880 continuationem
3348 2823 3675 2898 scripturae,
3702 2842 3843 2883 con-

2302 2913 2621 2972 siderando
2648 2912 2867 2988 pedem
2900 2914 3166 2973 litteralis
3200 2914 3481 2974 lecturae‘?
3521 2918 3694 2987 Quod
3736 2923 3845 2977 etsi

2299 3007 2639 3067 faciendum
2665 3012 2964 3082 pensetur,
2999 3008 3143 3083 quia
3171 3013 3368 3067 tamen
3395 3027 3520 3068 non
3546 3028 3620 3068 ex
3649 3011 3840 3070 chari·

2299 3106 2416 3161 tate
2433 3146 2453 3176 ,
2485 3102 2592 3161 sed
2631 3117 2706 3159 ex
2754 3101 3073 3178 cupiditate
3120 3104 3458 3179 requiritur,
3501 3108 3858 3186 mancipare,

2303 3197 2574 3256 effectum
2597 3212 2722 3254 non
2746 3199 3024 3271 meretur,
3056 3197 3205 3256 sicut
3232 3199 3415 3257 David
3451 3201 3515 3257 in
3540 3202 3842 3275 praemisso

2302 3291 2437 3349 loco
2465 3291 2739 3365 quaesitus
2763 3289 3002 3364 legitur,
3031 3307 3156 3351 non
3181 3292 3472 3352 inventus.
3498 3295 3673 3353 Multa
3696 3312 3845 3370 quo-

2303 3401 2420 3458 que
2445 3389 2568 3442 tam
2595 3384 3020 3458 praecedentia,
3050 3402 3233 3460 quam
3260 3388 3568 3461 sequentia
3595 3396 3846 3463 possunt

2300 3478 2636 3551 proehabitae
2671 3479 2934 3555 coaptari
2970 3481 3299 3554 sententiae;
3330 3483 3504 3556 quia,
3534 3484 3681 3542 sicut
3706 3484 3843 3541 Dio-

2301 3571 2504 3646 nysius
2528 3573 2592 3630 in
2620 3576 2884 3645 Anqelica
2909 3576 3229 3632 Hier-amaia
3255 3576 3277 3610 ⁶
3300 3595 3319 3632 ε
3337 3597 3366 3630 α
3393 3580 3522 3635 Non
3549 3577 3845 3635 dubitabit

2300 3666 2612 3742 perspicax
2633 3667 2867 3726 animus
2893 3668 3140 3742 pulchre
3161 3669 3559 3729 invisibilibus
3577 3672 3838 3730 adunare

2299 3759 2574 3818 visibilia.
2605 3781 2634 3815 n
2669 3761 3004 3819 Secundum
3048 3763 3335 3834 innuitur,
3381 3765 3488 3822 ubi
3530 3765 3744 3838 legitur
3770 3764 3793 3797 ⁷
3823 3783 3838 3822 ε

2306 3873 2336 3908 ι(
2362 3854 2554 3913 Mittite
2584 3856 2647 3913 in
2673 3855 2882 3928 Gedar,
2909 3859 2967 3913 et
2991 3857 3355 3916 considerate
3384 3859 3779 3918 vehementer.
3808 3881 3837 3914 s

2301 3948 2489 4006 Cedar
2546 3950 2768 4005 tenebroe
2816 3949 2913 4007 vel
2965 3951 3190 4022 niqredo
3250 3952 3693 4026 interpretatur,
3736 3970 3846 4026 per
3873 3980 4039 4025 cem,

2301 4041 2469 4115 quod
2494 4042 2808 4102 tenebrosa
2833 4046 3119 4102 sententia
3145 4046 3504 4118 designatur.
3531 4048 3620 4105 Ad
3647 4048 3842 4105 inves-

2299 4138 2608 4211 tigandam
2635 4142 2834 4197 autem
2863 4140 3211 4198 sententiam
3239 4143 3646 4217 tenebrosam,
3666 4161 3843 4219 opor-

2300 4235 2382 4289 tet
2408 4233 2636 4291 mittere
2663 4232 3107 4306 intelligentiam
3150 4234 3543 4310 luminosam,
3575 4242 3632 4296 et
3663 4240 3840 4297 vehe-

2299 4327 2583 4384 mentiam
2621 4326 2965 4385 studiosam.
2999 4329 3255 4386 Tertium
3283 4335 3539 4405 notatur,
3567 4333 3675 4390 ubi
3701 4335 3840 4392 scri-

2300 4419 2459 4477 bitur
2485 4421 2552 4476 ⁸:
2590 4439 2619 4474 α
2645 4419 2783 4489 Quis
2823 4420 3218 4480 consideravit
3258 4424 3511 4482 verbum
3537 4426 3706 4496 ,illius
3723 4469 3743 4498 ,
3788 4431 3845 4486 et

2302 4513 2576 4572 audivit?
2598 4535 2625 4569 n
2657 4516 2719 4572 1n
2743 4530 2865 4588 quo
2892 4517 3099 4572 notare
3125 4531 3473 4590 possumuS,
3502 4523 3726 4593 quanta
3750 4536 3840 4578 re-

2303 4607 2598 4680 verentia,
2629 4610 2685 4665 et
2710 4609 2998 4666 reverenti
3025 4609 3301 4668 instantia
3330 4610 3616 4670 debemus
3643 4614 3840 4673 Domi-

2305 4719 2449 4760 num
2476 4702 2804 4777 praevenire
2823 4744 2843 4774 ,
2880 4707 2944 4758 ut
2968 4702 3277 4761 valeamus
3316 4721 3577 4764 reserare
3607 4711 3663 4765 et
3707 4725 3842 4766 eru-

2303 4796 2429 4854 dire
2449 4840 2468 4868 ,
2525 4812 2658 4870 quoe
2710 4812 2820 4853 nec
2876 4796 3251 4855 considerare
3313 4799 3638 4858 sufficimus
3660 4847 3678 4872 ,
3732 4818 3843 4860 nec

2301 4890 2509 4949 audire
2548 4908 2564 4946 ε
2595 4890 2741 4962 quia
2779 4889 3043 4964 profecto
3082 4891 3146 4948 in
3182 4892 3400 4950 talibus
3435 4895 3573 4969 plus
3607 4897 3845 4970 proficit

2302 4985 2486 5043 oratio
2503 5027 2523 5057 ,
2577 5001 2760 5059 quam
2808 4985 3113 5044 meditatio
3162 5006 3177 5044 :
3225 4989 3348 5046 imo
3397 5004 3600 5047 secure
3645 4991 3842 5050 audeo
3923 5017 4096 5060 omno-

2303 5079 2529 5151 dicere,
2576 5078 2744 5153 quod
2777 5079 3034 5138 brevitas
3083 5081 3365 5139 orationis
3406 5098 3845 5159 nonnunquam
3874 5079 3952 5122 ¹²5⁸
3981 5083 4071 5124 '³⁸-

2301 5174 2573 5247 impetrat
2602 5172 2771 5247 quod
2804 5173 3113 5248 prolixitas
3147 5175 3546 5234 meditationis
3581 5194 3705 5237 non
3739 5196 3845 5253 pe-

2300 5269 2508 5325 netrat.

2300 5394 2323 5428 ⁶
2349 5391 2523 5456 Dion.,
2553 5391 2616 5443 de
2639 5393 2750 5445 coel.
2777 5395 3059 5461 memma,
3093 5411 3139 5449 c.
3171 5409 3207 5449 1.
3231 5424 3292 5436 —
3316 5400 3334 5429 ⁷
3356 5398 3556 5462 θεν-θυι,
3586 5413 3647 5464 ιι,
3677 5405 3756 5452 10.
3776 5427 3842 5442 -

2302 5469 2320 5496 ⁸
2349 5464 2496 5529 ibid„
2523 5475 2678 5530 xxm,
2708 5468 2782 5517 ¹8.
