4196 6294
801 528 921 589 618

802 658 1125 737 Quaeritur
1169 661 1276 725 bic
1325 661 1406 727 de
1456 661 1599 740 hoc,
1655 662 1827 745 quod
1878 660 2032 725 dicit
2090 660 2177 744 (v.
2214 661 2276 739 2)
2316 680 2337 723 ε

801 767 1122 861 Lemavi!
1142 771 1351 853 maqis
1403 773 1680 837 mortuos
1699 816 1722 850 ,
1777 785 1973 852 quam
2026 768 2336 834 viventes.

804 874 1036 941 Contra
1081 877 1099 913 ¹
1134 898 1149 942 ε
1189 901 1220 939 α
1262 877 1485 942 Melior
1543 881 1639 942 est
1686 877 1860 941 canis
1905 876 2095 943 vivus
2157 876 2341 940 leone

804 988 1078 1050 mortu0.
1106 1007 1139 1046 n
1183 986 1499 1051 Praeterea
1522 986 1792 1065 ratione,
1820 985 1974 1069 quia
1998 983 2224 1049 melior
2249 986 2344 1048 est

803 1093 1063 1158 habitus
1082 1141 1100 1174 ,
1145 1112 1340 1176 quam
1379 1094 1653 1176 privatio
1694 1116 1710 1158 ε
1755 1111 1915 1175 ergo
1943 1092 2110 1172 vita,
2143 1109 2343 1175 quam

791 1217 1023 1277 mors:
1070 1218 1231 1283 ergo
1273 1220 1313 1265 a
1350 1201 1686 1266 contrariis
1701 1249 1720 1280 ,
1751 1201 2042 1265 meliores
2066 1203 2219 1265 sunt
2251 1198 2346 1265 vi-

805 1312 1047 1386 venteS‚
1077 1327 1273 1391 quam
1299 1310 1559 1375 mortui.
1585 1309 1953 1392 Respondeo
1978 1308 2341 1388 dicendum,

806 1416 977 1498 quod
1019 1416 1280 1482 laudare
1322 1418 1565 1502 aliquid
1599 1405 1816 1500 magis
1857 1418 2018 1497 alic,
2046 1417 2151 1482 vel
2178 1434 2345 1500 prae-

806 1523 994 1603 ferre,
1024 1524 1358 1607 dupliciter
1381 1528 1588 1609 potest
1612 1543 1747 1591 esse
1773 1547 1790 1590 ε
1822 1524 1929 1590 vel
1952 1524 2341 1608 simpliciter,

805 1630 909 1696 vel
927 1630 1136 1714 quoad
1160 1631 1442 1715 aliquam
1468 1632 1894 1697 conditionem
1928 1655 1944 1698 ε
1978 1631 2346 1716 simpliciter

805 1736 1122 1820 loquendo
1135 1785 1157 1817 ‚
1212 1739 1550 1822 praefertur
1599 1738 1824 1804 vivens
1874 1742 2131 1805 mortuo
2150 1788 2167 1819 ‚
2224 1738 2347 1803 nisi

806 1844 1077 1910 addatur
1140 1845 1411 1910 conditio
1462 1845 1917 1924 beatitudinis3
1975 1845 2084 1911 sed
2138 1845 2349 1928 quoad

784 1951 1043 2035 ‚aliquid
1059 2000 1081 2032 ‚
1128 1952 1463 2035 praetertur
1507 1955 1804 2018 mortuus
1828 1952 1981 2018 vivo
2031 1974 2047 2017 ε
2103 1952 2343 2035 primo,

806 2060 959 2145 quia
983 2078 1113 2125 non
1141 2060 1332 2124 habet
1358 2063 1452 2124 tot
1480 2060 1838 2145 occasiones
1866 2058 2190 2144 peccandi,
2219 2079 2350 2125 un-

805 2167 886 2232 de
911 2166 1155 2232 dicebat
1178 2165 1519 2250 Apostolus
1541 2168 1565 2202 ¹
1598 2188 1614 2230 ε
1649 2190 1680 2227 α
1706 2166 1932 2231 Infelix
1957 2185 2082 2249 ego
2120 2165 2338 2248 hom0,

807 2275 950 2358 quis
992 2292 1098 2338 me
1143 2274 1435 2338 liberabit
1460 2293 1500 2338 a
1533 2274 1845 2339 servitute
1890 2272 2178 2357 corporis
2220 2272 2346 2337 hu-

669 2426 670 2429 ,
800 2386 913 2467 jus
929 2384 962 2446 ¹?
1002 2403 1035 2442 n
1070 2380 1394 2461 Secundo‘,
1441 2381 1594 2465 quia
1634 2400 1768 2446 non
1806 2381 2000 2447 habet
2034 2385 2129 2446 tot
2169 2400 2350 2447 occa-

808 2489 1018 2555 siones
1055 2489 1376 2570 tristandi,
1420 2490 1573 2572 quia
1610 2508 1743 2555 nou
1781 2490 1956 2556 videt
1996 2493 2091 2554 tot
2137 2490 2345 2570 mala;

807 2597 981 2661 unde
1029 2595 1274 2660 dicebat
1324 2594 1517 2661 Jonas
1559 2597 1582 2633 ¹
1623 2619 1639 2661 ε
1693 2620 1724 2658 α
1781 2597 2006 2662 Melius
2049 2601 2147 2663 est
2190 2597 2351 2662 mihi

809 2702 1011 2783 mori,
1047 2721 1242 2787 quam
1267 2704 1509 2781 vivere.
1543 2724 1575 2763 n
1604 2703 1683 2769 Et
1717 2708 2029 2788 quantum
2057 2704 2139 2770 ad
2163 2705 2351 2769 istam

808 2810 1231 2875 conditionem
1255 2858 1273 2891 ,
1329 2811 1669 2894 praefertur
1725 2815 2020 2877 mortuus
2073 2811 2229 2877 vivo
2282 2811 2352 2876 in

808 2918 1378 2999 exaggerationem
1418 2920 1832 3000 praesentium
1859 2917 2248 2984 malitiarum
2289 2923 2353 2983 et

810 3025 1239 3089 miseriarum.

891 3131 1050 3198 Item
1076 3132 1393 3215 quaeritur
1419 3132 1497 3198 de
1513 3131 1658 3214 hoc,
1683 3134 1854 3218 quod
1881 3133 2109 3200 dicitur
2135 3155 2153 3202 :
2185 3137 2241 3203 F
2244 3136 2353 3204 eli-

808 3240 1038 3307 ciorem
1065 3246 1331 3325 utroque
1361 3241 1689 3324 judicavi,
1716 3243 1833 3325 qui
1857 3241 2129 3310 necdum
2155 3249 2351 3312 natus

809 3357 923 3414 est.
974 3346 1204 3413 Contra
1254 3369 1270 3412 ε
1318 3347 1429 3413 Ille
1469 3348 1637 3414 nihil
1692 3349 1847 3414 boni
1888 3349 2081 3416 habet
2123 3373 2139 3418 z
2190 3370 2352 3434 ergo

808 3473 940 3520 nou
965 3459 1060 3520 est
1084 3455 1347 3522 felicior.
1398 3455 1715 3523 Praeterea
1744 3477 1934 3524 omne
1962 3461 2135 3542 quod
2159 3460 2355 3525 habet

808 3563 1024 3647 aliquo
1065 3564 1253 3629 modo
1283 3565 1599 3630 rationem
1636 3565 1947 3632 felicitatis
1963 3615 1982 3647 ,
2030 3571 2127 3632 est
2156 3586 2353 3652 appe-

808 3670 1074 3737 tendum
1117 3694 1134 3737 :
1188 3672 1299 3737 sed
1346 3672 1567 3738 nullus
1615 3678 1818 3757 potest
1869 3679 2165 3759 appetere
2219 3694 2355 3741 non

810 3795 972 3872 esse,
1003 3779 1167 3844 sicut
1186 3779 1335 3844 dicit
1351 3779 1758 3862 Augustinus
1784 3781 1806 3817 ⁴
1844 3804 1860 3847 ε
1891 3800 2054 3865 ergo
2079 3783 2193 3865 qui
2218 3801 2352 3848 non

811 3891 908 3951 est
931 3889 1155 3966 natuS,
1186 3886 1363 3951 nullo
1404 3888 1594 3952 modo
1637 3887 1788 3952 felix
1823 3891 1939 3953 est.
1982 3888 2140 3953 Item
2173 3907 2351 3972 quae-

810 3993 999 4072 ritur,
1055 3996 1277 4058 utrum
1326 3994 1556 4078 aliquis
1599 3994 1800 4078 possit
1851 3994 1975 4060 hoc
2028 4014 2161 4061 non
2215 4013 2354 4061 esse

809 4100 971 4166 velle
1000 4102 1235 4184 magis,
1263 4120 1459 4187 quam
1495 4120 1751 4186 poenam
1768 4152 1786 4181 ‚
1831 4103 2119 4169 ordinato
2153 4123 2354 4190 appe-

808 4208 953 4272 titu.
986 4209 1165 4286 Quod
1192 4209 1318 4289 sie,
1361 4209 1613 4275 videtur
1639 4215 1662 4252 ⁸
1699 4230 1714 4272 ε
1754 4233 1785 4272 α
1818 4209 2042 4275 Melius
2075 4216 2213 4276 erat
2256 4213 2350 4293 ei,

809 4317 866 4382 si
891 4320 1080 4383 natus
1105 4337 1238 4384 non
1264 4319 1488 4384 fuisset
1518 4339 1535 4385 ε
1571 4341 1604 4381 ι
1633 4338 1791 4402 ergo
1819 4320 1872 4383 si
1904 4336 2096 4383 omne
2126 4319 2355 4385 melius

810 4428 1236 4512 appetendum
1294 4431 1359 4493 et
1428 4429 1936 4512 praeeligendum
1960 4476 1982 4508 ,
2045 4427 2239 4493 etiam
2293 4433 2357 4493 et

810 4536 936 4601 hoc
963 4553 981 4599 ε
1011 4536 1184 4619 quod
1212 4555 1346 4602 non
1372 4535 1659 4617 videtur,
1691 4536 1845 4619 quia
1873 4539 2082 4601 totum
2110 4534 2354 4601 bonum

811 4642 973 4707 tollit
1014 4666 1029 4708 ε
1072 4662 1232 4726 ergo
1267 4643 1427 4708 nihil
1459 4644 1570 4709 illo
1609 4646 1814 4729 pejus.
1852 4643 2224 4728 Respondeo
2252 4644 2354 4709 di-

813 4751 1085 4816 cendum
1102 4800 1121 4832 ,
1152 4752 1324 4836 quod
1348 4752 1607 4817 felicitas
1635 4752 1884 4818 duobus
1918 4753 2128 4818 modis
2166 4752 2354 4817 estin

812 4858 1061 4941 aliqum
1090 4878 1264 4939 vere,
1292 4864 1357 4925 et
1382 4859 1801 4926 aestimative:
1832 4877 1985 4924 vere
2011 4863 2109 4924 est
2126 4860 2195 4923 in
2221 4876 2354 4924 uno

813 4966 947 5031 solo
965 5015 988 5047 ,
1032 4967 1409 5034 aestimative
1443 4968 1512 5031 in
1547 4967 1765 5032 multis
1782 5016 1804 5048 ,
1835 4967 2187 5033 seeundum
2215 4966 2356 5049 opi-

811 5075 1035 5140 niones
1068 5078 1132 5139 et
1151 5074 1681 5141 considerationes
1716 5075 2052 5142 universas
2065 5122 2089 5154 ,
2123 5077 2186 5138 et
2213 5074 2355 5157 ejus

812 5182 1200 5248 conditiones
1224 5182 1293 5247 in
1324 5182 1592 5248 diversis
1626 5184 1906 5266 repertas
1935 5204 1952 5245 ι
1995 5181 2151 5266 quia
2178 5180 2355 5246 enim

877 5381 889 5410 ¹
918 5379 1071 5443 infra,
1101 5391 1176 5445 ix,
1203 5383 1250 5432 4.
1282 5407 1337 5417 -
1360 5380 1381 5410 ²
1403 5382 1564 5443 Rom„
1584 5390 1680 5444 vn,
1708 5380 1788 5430 24.
1816 5406 1870 5416 -
1901 5379 1920 5411 ³
1943 5380 2082 5441 lon„
2112 5391 2188 5443 1v,
2217 5382 2268 5432 8.
2292 5406 2355 5419 -

815 5450 836 5484 ⁸
860 5455 1011 5516 Aug„
1038 5450 1099 5500 de
1135 5449 1245 5502 Lib.
1282 5449 1497 5516 Arbitr„
1527 5451 1619 5512 lib.
1656 5453 1752 5511 ΙΙΙ,
1782 5466 1828 5502 c.
1859 5463 1975 5508 vul.
2004 5478 2067 5493 -
2096 5451 2120 5488 ⁸
2146 5452 2355 5516 Bauli„

803 5523 956 5587 xxia,
984 5523 1129 5576 2⁴.—
1154 5525 1175 5553 ⁸
1201 5523 1395 5577 Desunt
1417 5522 1501 5578 hic
1531 5522 1796 5577 nonnulla.

1797 523 2208 592 EXPOSITIO
2253 522 2332 590 IN
2373 522 2971 591 EGCLESIASTEN.

2450 663 2545 725 est
2578 660 2824 726 bonum
2864 660 3402 743 jucundissimum
3421 712 3441 743 ,
3487 664 3623 731 ideo
3659 666 3915 752 Epicurus

2449 784 2593 831 eam
2621 766 2800 850 ponit
2832 768 2903 832 in
2941 768 3374 852 voluptatibus
3392 818 3415 850 ,
3445 776 3508 837 et
3548 773 3634 837 sic
3669 774 3740 839 de
3770 777 3910 842 aliis:
3954 850 3957 857 ¹

2450 874 2604 957 quia
2633 873 2840 956 igitur
2881 876 3032 941 felix
3080 876 3260 942 nulla
3303 878 3543 944 malitia
3580 880 3678 945 vel
3711 883 3917 949 miseria

2453 981 2824 1046 molestatur
2846 1028 2863 1061 ‚
2921 987 2984 1047 et
3033 985 3164 1048 ista
3230 987 3502 1053 conditio
3555 991 3833 1072 reperitur
3866 993 3914 1056 iu

2452 1105 2529 1152 eo
2583 1090 2695 1171 qui
2742 1091 3031 1156 nondum
3084 1095 3275 1158 natus
3329 1098 3454 1174 est,
3509 1095 3736 1161 ratione
3776 1098 3918 1162 istius

2453 1195 2829 1262 conditionis
2852 1198 3002 1262 dicit
3033 1220 3048 1264 z
3089 1200 3452 1267 Feliciorem
3478 1204 3776 1269 (estimavi
3788 1252 3802 1280 ,
3826 1208 3915 1268 etc.

2452 1302 2605 1368 Dico
2650 1303 2843 1368 etiam
2862 1353 2884 1384 ,
2916 1304 3087 1389 quod
3132 1308 3375 1372 ratione
3411 1308 3581 1374 illius
3612 1309 3920 1375 conditionis

2453 1412 2771 1494 appetitur
2821 1430 2861 1476 a
2925 1412 3144 1478 multis
3203 1415 3473 1481 afflictis
3540 1416 3707 1494 Quod
3754 1421 3920 1482 autem

2454 1519 2764 1600 quaeritur
2781 1567 2803 1599 ‚
2850 1523 3072 1584 utrum
3115 1521 3338 1587 debeat
3386 1524 3624 1606 appeti,
3664 1524 3757 1589 vel
3793 1541 3919 1607 prae-

2453 1624 2640 1706 eligi‚
2702 1626 3041 1692 dicendum
3060 1676 3083 1708 ,
3138 1628 3309 1711 quod
3356 1628 3591 1713 duplex
3626 1635 3711 1694 est
3748 1648 3919 1715 poena3

2454 1733 2855 1816 temporalis,
2886 1739 2949 1799 et
2993 1739 3231 1800 aeterna
3262 1758 3278 1801 ε
3320 1742 3551 1803 neutra
3573 1757 3745 1822 poena
3765 1744 3922 1804 totum

2455 1840 2707 1922 adimit,
2741 1842 2851 1907 sed
2891 1846 3107 1908 tamen
3149 1848 3393 1910 aeterna
3436 1863 3679 1930 semper
3715 1844 3922 1918 adimit;

2456 1949 2775 2033 corruptio
2792 1967 2947 2015 vero
2972 1951 3042 2015 in
3067 1970 3198 2017 non
3218 1970 3355 2017 esse
3382 1956 3590 2019 totum
3612 1952 3823 2032 adimit,
3845 1952 3926 2016 sed

2456 2056 2674 2121 semel.
2707 2056 2774 2121 Si
2810 2057 3015 2141 igitur
3049 2058 3192 2123 talis
3238 2062 3562 2144 corruptio
3597 2061 3927 2143 comparetur

2456 2181 2666 2246 poenae
2708 2165 3040 2248 temporali
3055 2214 3077 2246 ‚
3123 2166 3497 2249 simpliciter
3539 2172 3631 2232 est
3669 2169 3849 2251 pejor;
3887 2165 3926 2228 si

2457 2274 2673 2336 autem
2701 2275 2958 2337 aeternae
2972 2321 2994 2353 ,
3025 2291 3093 2337 se
3123 2273 3363 2338 habent
3389 2279 3468 2338 ut
3508 2273 3863 2350 excedentia,
3882 2276 3928 2335 et

2458 2396 2752 2459 excessa;
2791 2380 2944 2463 quia
2983 2379 3125 2446 haec
3171 2381 3240 2445 in
3282 2380 3708 2466 ademptione,
3756 2380 3845 2445 illa
3879 2379 3928 2441 in

2459 2487 2932 2552 continuatione
2967 2488 3232 2553 excedit.
3274 2487 3355 2554 Et
3392 2490 3544 2573 quia
3580 2488 3684 2553 illa
3718 2492 3798 2553 est
3823 2487 3928 2550 infi-

2458 2593 2594 2663 nita
2637 2594 2990 2676 duratione,
3030 2595 3153 2660 ista
3195 2613 3354 2660 vero
3401 2599 3843 2673 momentanea3
3879 2591 3929 2654 in

2457 2699 2582 2764 hoc
2621 2701 2892 2781 excedit,
2943 2705 3007 2767 et
3049 2704 3253 2785 potest
3293 2704 3511 2786 magis
3546 2701 3930 2769 rationabiliter

2458 2807 2602 2889 fugi
2626 2811 2689 2872 et
2716 2808 2962 2892 sperni:

2540 2914 2697 2980 Item
2725 2916 3039 2998 quaeritur
3084 2916 3163 2981 de
3196 2916 3349 2998 hoc,
3384 2919 3560 3003 quod
3602 2918 3739 2983 dicit
3761 2920 3832 2996 (v.
3857 2917 3926 2998 Q:

2459 3023 2918 3109 Animadverti
2967 3028 3186 3093 omnia
3234 3032 3459 3108 patere
3521 3026 3779 3096 invidie
3824 3037 3932 3107 pro-

2459 3132 2635 3199 ximi
2659 3152 2683 3194 .·
2718 3150 2942 3217 quaero
2961 3182 2978 3215 ,
3009 3137 3232 3199 utrum
3260 3134 3462 3202 homo
3507 3136 3719 3202 debeat
3748 3147 3933 3200 cessare

2459 3245 2719 3326 propter
2743 3243 2886 3325 ejus
2931 3241 3238 3307 invidiam
3278 3262 3319 3307 a
3356 3244 3532 3310 bono
3564 3263 3760 3329 opere.
3803 3239 3933 3318 Quod

2461 3347 2575 3426 sic,
2607 3348 2886 3428 videtur,
2916 3348 3068 3431 quja
3096 3350 3308 3431 magis
3340 3350 3699 3434 diligendus
3725 3352 3806 3413 est
3823 3363 3933 3431 pro-

2460 3455 2680 3521 ximus
2704 3502 2726 3534 ‚
2784 3473 2980 3539 quam
3032 3456 3275 3532 utilitas
3320 3476 3603 3540 praesens
3664 3481 3678 3524 ε
3729 3474 3862 3538 ergo
3899 3453 3936 3515 si

2461 3563 2797 3646 proximus
2814 3563 2980 3645 perit
2997 3562 3361 3645 invidendo,
3385 3565 3545 3632 illud
3569 3566 3741 3631 debet
3759 3558 3933 3628 omitti.

2463 3670 2731 3736 Contra:
2766 3670 2940 3754 Opus
2962 3671 3208 3736 bonum
3230 3678 3496 3756 praestat
3525 3674 3872 3757 exemplum,
3892 3669 3937 3728 et

2461 3778 2693 3843 excitat
2719 3778 2799 3842 ad
2827 3779 3071 3842 bonum
3106 3800 3121 3843 :
3154 3797 3313 3862 ergo
3354 3781 3411 3845 si
3448 3783 3687 3847 bonum
3712 3777 3938 3863 apel-len-

2463 3884 2620 3949 dum
2645 3888 2741 3949 est
2768 3885 2851 3950 ad
2876 3885 3166 3966 laudem,
3197 3906 3329 3951 non
3360 3888 3551 3955 debet
3578 3889 3759 3954 homo
3780 3881 3940 3950 occul·

2462 3997 2599 4057 tare
2626 3995 2885 4075 propter
2918 3993 3231 4058 invidiam
3252 3995 3558 4077 proximi.
3588 3991 3937 4077 Respondeo:

2462 4105 2574 4166 aut
2600 4104 2697 4164 est
2719 4118 2881 4184 opus
2907 4101 3064 4166 illud
3088 4090 3168 4167 de
3193 4104 3571 4170 necessitate
3595 4104 3755 4180 vitae,
3776 4101 3868 4164 aut
3886 4095 3942 4159 de

2461 4207 2731 4273 utilitate
2764 4230 2779 4272 :
2815 4208 2870 4271 si
2897 4208 2976 4273 de
3001 4209 3372 4274 necessitate
3388 4260 3413 4291 ,
3448 4216 3565 4277 aut
3596 4213 3941 4295 potestasque

2462 4316 2704 4381 bonum
2748 4316 2891 4381 fleri
2945 4317 3014 4380 in
3057 4318 3199 4399 ejus
3242 4318 3561 4399 absentia,
3603 4324 3676 4384 ut
3713 4320 3775 4383 in
3814 4328 3940 4399 prae-

2462 4424 2663 4488 sentia
2695 4445 2711 4488 ε
2739 4424 2795 4486 si
2811 4424 2921 4504 sie,
2956 4424 3141 4489 debet
3161 4425 3357 4491 homo
3384 4445 3552 4510 opus
3581 4426 3732 4492 illud
3751 4424 3821 4490 ab
3839 4422 3941 4503 ejus

2462 4529 2662 4594 oculis
2689 4530 3042 4611 absentare,
3065 4536 3141 4595 ut
3155 4531 3335 4597 tollat
3362 4534 3767 4612 occasionem,
3786 4542 3939 4614 quan·

2461 4639 2542 4704 do
2569 4639 2980 4722 probabiliter
3005 4641 3337 4707 convincet
3358 4645 3468 4726 (a),
3500 4643 3667 4728 quod
3693 4640 3788 4705 ille
3812 4633 3937 4700 invi·

2461 4746 2633 4812 debit
2660 4745 2734 4830 (b)
2756 4769 2775 4825 ;
2805 4747 2859 4810 si
2899 4751 3115 4812 autem
3136 4767 3270 4813 non
3295 4753 3536 4832 potest,
3568 4752 3760 4814 facere
3782 4741 3937 4816 debet,

2460 4873 2578 4919 nec
2607 4854 2715 4919 dat
2736 4853 3152 4935 occasionem,
3183 4856 3295 4921 sed
3315 4856 3423 4921 ille
3449 4858 3690 4941 accipit.

2542 4967 2602 5026 7.
2632 4960 3059 5029 considerans
3086 4965 3316 5047 repen}
3346 4969 3466 5030 etc.
3502 4964 3709 5048 Supra
3736 4960 3853 5042 egit
3885 4951 3940 5016 de

2461 5068 2741 5133 vanitate
2768 5069 3070 5151 malitiae3
3101 5069 3210 5135 hie
3249 5073 3391 5153 agit
3425 5073 3504 5137 de
3539 5072 3801 5137 vanitate
3830 5077 3939 5128 ava·

2461 5176 2645 5241 ritiae.
2680 5176 2897 5241 Primo
2931 5177 3193 5261 ponitur
3226 5179 3643 5245 consideratio
3667 5172 3939 5244 avaritiam

2462 5284 2740 5350 secundo
2779 5301 2956 5365 vero,
2985 5285 3142 5369 quia
3168 5304 3405 5352 avarus
3440 5306 3572 5353 non
3598 5286 3733 5352 vult
3755 5281 3941 5350 haben!

2463 5395 2823 5459 consortem
2839 5439 2860 5472 ,
2893 5392 2963 5456 in
3000 5392 3201 5477 ipsius
3230 5395 3702 5461 detestationem
3735 5387 3943 5477 ponitur

2526 5520 2598 5585 (α)
2625 5520 2743 5586 ιερ.
2770 5518 3025 5585 conjiciet.
3052 5547 3115 5560 —
3142 5519 3211 5586 (b)
3244 5520 3367 5573 Cat.
3390 5520 3510 5574 edit.
3540 5518 3745 5573 invidet.
