4196 6294
720 467 841 531 496

1773 457 2183 526 EXPOSITIO
2228 459 2308 525 IN
2352 460 2876 528 PSALTERIUM.

530 606 689 651 David.
716 605 847 672 tecit
885 602 1033 661 zelus
1058 613 1226 658 mm.
1265 598 1369 656 Hic
1405 599 1492 654 est
1517 595 1676 653 zelus
1715 594 2045 654 davidicus.
2075 596 2264 655 David
2377 597 2601 672 eloquii
2617 617 2636 670 ;
2666 599 2773 657 sed
2797 598 3224 671 formidabilia,
3252 603 3542 674 quantum
3561 602 3643 660 ad
3660 603 3922 678 rigorem

717 700 914 755 autem
967 696 1382 769 interpretatur
1432 689 1765 748 misericors
1786 732 1806 762 ,
1859 691 1957 748 vel
2012 691 2258 749 amicuS.

713 791 853 860 Quis
880 793 966 849 est
992 806 1134 862 ergo
1153 787 1314 846 zelus
1330 786 1459 858 iste,
1482 784 1596 842 nisi
1622 784 1784 842 zelus
1805 784 2261 843 misericordias?

710 883 863 942 Talis
886 884 1047 941 zelus
1074 882 1289 940 dicitur
1315 878 1693 950 tabefacienS,
1721 894 1826 936 seu
1851 878 2257 953 liquefacienS,

713 977 856 1051 quia
899 976 1285 1051 compatiens
1338 972 1674 1031 Notandum
1718 971 1918 1047 itaque
1964 973 2135 1047 quod
2175 976 2261 1030 est

473 1086 602 1129 zeias
612 1086 686 1130 tri-
712 1071 871 1130 zelus
897 1068 1335 1140 misericordias,
1360 1065 1623 1140 justitiae,
1655 1065 1954 1141 sapientia:
1986 1084 2001 1122 :
2029 1066 2259 1140 primus

472 1148 591 1203 μοι.

714 1164 928 1223 dicitur
972 1160 1335 1237 compatiens
1351 1179 1370 1232 ;
1424 1157 1721 1218 secundus
1760 1159 1978 1217 faciens
1987 1180 2006 1232 3
2057 1160 2258 1218 tertius

713 1258 981 1317 audiens.
1012 1261 1089 1315 De
1117 1257 1312 1331 primo
1332 1255 1351 1289 ¹
1379 1272 1394 1312 :
1429 1273 1458 1308 ε(
1478 1254 1798 1311 Miserebor
1819 1255 2013 1312 omnis
2040 1254 2257 1312 domus

710 1353 887 1410 Israel
908 1395 926 1423 ,
978 1356 1035 1410 et
1078 1366 1379 1409 assumam
1421 1349 1616 1407 zelum
1660 1365 1772 1423 pro
1820 1349 2063 1406 nomine
2118 1366 2255 1407 meo

709 1451 912 1505 sancto
938 1467 957 1503 :
985 1466 1012 1502 n
1039 1462 1175 1504 ecce
1202 1446 1364 1504 zelus
1390 1444 1832 1516 misericordiae,
1858 1446 2257 1519 assumptivus

708 1540 916 1599 alienae
943 1540 1209 1598 miserioe.
1242 1545 1321 1599 De
1350 1538 1612 1597 secundo
1641 1537 1666 1575 ²
1698 1557 1713 1595 :
1757 1557 1787 1593 α
1824 1541 2010 1612 Super
2034 1537 2255 1596 solium

706 1633 893 1692 David
933 1634 1190 1705 sedebit,
1230 1637 1287 1692 et
1323 1649 1502 1707 super
1535 1648 1790 1704 regnum
1827 1632 1985 1704 ejus,
2015 1636 2081 1689 ut
2118 1647 2257 1689 con-

706 1726 901 1785 firmet
925 1726 1099 1797 illud,
1121 1733 1178 1785 et
1204 1727 1552 1786 corroboret
1574 1727 1638 1783 in
1656 1725 1908 1798 jndicio,
1930 1730 1986 1783 et
2006 1726 2250 1798 justitia,

707 1822 951 1894 amodo,
976 1827 1033 1880 et
1060 1839 1248 1897 usque
1276 1821 1338 1879 in
1363 1820 1786 1895 sempiternum
1821 1840 1837 1878 ε
1870 1822 2032 1880 zelus
2059 1824 2252 1881 Domi-

705 1916 769 1973 ni
797 1916 1159 1975 exercituum
1185 1915 1362 1974 saciet
1385 1917 1519 1973 hoc.
1551 1935 1581 1970 n
1628 1918 1770 1973 Ecce
1799 1915 1957 1973 zelus
1992 1916 2246 1989 J'ustitioe.

706 2012 784 2069 De
810 2010 979 2069 tertio
1004 2014 1026 2048 ³
1057 2031 1073 2069 ε
1112 2031 1141 2065 α
1161 2011 1330 2069 Auris
1355 2010 1464 2069 zeli
1492 2010 1659 2069 audit
1686 2010 1910 2067 omnia.
1926 2029 1956 2063 n
1986 2011 2139 2067 Talis
2166 2016 2252 2069 est

704 2105 863 2162 auris
906 2105 1192 2164 auditoris
1239 2104 1539 2180 sapientias
1566 2104 1853 2163 zelatoris
1904 2107 2047 2162 Ecce
2088 2105 2250 2162 zelus

702 2197 1024 2273 sapientias.

1176 2344 1460 2400 Articulus
1492 2342 1767 2400 secundus.

771 2481 1075 2540 Secundus
1119 2481 1330 2555 liquet,
1363 2497 1500 2538 cum
1534 2480 1806 2538 scribitur
1845 2498 1859 2536 :
1905 2482 2050 2549 Quia
2086 2482 2246 2538 obliti

500 2602 672 2648 (ΝΜΟ
697 2582 846 2634 sunt.
903 2575 1056 2646 Quid
1112 2574 1271 2633 enim
1322 2579 1409 2633 est
1457 2573 1720 2646 oblivi0‚
1780 2575 1894 2632 nisi
1941 2574 2244 2634 memorioe

457 2664 581 2719 qnid.

697 2670 1058 2728 lubricatio?
1112 2672 1182 2727 Et
1241 2673 1421 2740 nota,
1480 2667 1647 2743 quod
1699 2667 2107 2741 vituperabilis
2159 2674 2245 2727 est

697 2764 989 2824 memoria
1009 2806 1029 2836 ,
1095 2779 1228 2838 quae
1291 2765 1549 2836 quatuor
1609 2761 2092 2820 memorabilium
2156 2768 2243 2820 est

696 2860 879 2917 oblita
902 2901 923 2930 ,
962 2857 1182 2916 scilicet
1228 2856 1443 2914 divinae
1487 2856 1891 2930 praeceptionis
1906 2897 1926 2926 ,
1969 2856 2240 2930 prohibi-

693 2953 892 3023 tionis,
931 2951 1361 3027 promissioniS,
1391 2954 1447 3008 et
1474 2949 1970 3021 comminationis,
1996 2956 2239 3025 propter

693 3046 1027 3120 periculum
1055 3045 1391 3104 omissionis
1408 3086 1430 3116 ,
1466 3042 1899 3102 commissionis
1916 3086 1935 3113 ,
1964 3044 2236 3103 amissio·

693 3142 824 3214 nis,
862 3144 920 3200 et
963 3139 1355 3199 admissionis.
1405 3141 1483 3197 De
1522 3138 1717 3213 primo
1765 3137 1977 3196 dicitur
2002 3139 2071 3196 ⁸:
2123 3159 2151 3193 (ι
2179 3139 2236 3199 Si

693 3235 863 3293 obliti
906 3251 1111 3293 sumus
1157 3250 1378 3292 nomen
1421 3233 1521 3291 Dei
1565 3234 1783 3305 nostri,
1822 3237 1879 3292 et
1918 3234 1967 3290 si
2013 3250 2237 3309 expan-

694 3329 890 3387 dimus
915 3345 1127 3387 manus
1155 3333 1385 3386 nostras
1420 3327 1501 3385 ad
1543 3330 1726 3385 Deum
1760 3326 2038 3385 alienum.
2070 3348 2101 3382 n
2135 3328 2234 3386 Hic

690 3421 917 3481 oblivio
943 3422 1192 3480 refertur
1219 3422 1300 3479 ad
1326 3420 1804 3495 praeceptionem,
1841 3420 2125 3495 expansio
2152 3421 2233 3480 ad

688 3516 1173 3589 prohibitionem.
1218 3520 1296 3574 De
1334 3514 1597 3573 secundo
1624 3516 1646 3551 ὓ
1679 3532 1693 3570 :
1731 3533 1761 3568 α
1801 3517 2080 3573 Fecerunt
2107 3532 2233 3574 ma-

687 3609 815 3668 lum
854 3610 918 3667 in
964 3613 1283 3683 conspectu
1329 3607 1593 3678 Domini,
1637 3612 1695 3665 et
1738 3608 1908 3666 obliti
1951 3613 2087 3666 sunt
2130 3609 2229 3667 Dei

686 3703 799 3774 sui,
827 3704 1142 3762 servientes
1164 3701 1405 3760 Baalim.
1436 3720 1468 3757 n
1495 3702 1596 3759 llic
1622 3700 1849 3759 oblivio
1877 3701 2126 3760 refertur
2149 3703 2229 3761 ad

683 3797 1169 3871 prohibitionem.
1220 3801 1297 3854 De
1337 3795 1506 3854 tertio
1557 3797 1829 3855 scribitur
1876 3814 1914 3855 a
1964 3798 2228 3855 Psalmo-

685 3891 915 3965 grapho
945 3893 967 3928 ⁸
1022 3910 1036 3949 :
1093 3909 1123 3944 «
1165 3889 1341 3950 obliti
1391 3894 1528 3947 sunt
1572 3893 1776 3962 Deum,
1830 3890 1932 3965 qui
1981 3890 2229 3950 salvavit

684 3999 826 4056 eos,
852 4005 882 4039 n
913 3984 1123 4059 supple
1144 4026 1163 4056 ,
1205 3984 1269 4042 in
1294 3999 1421 4058 spe.
1464 3983 1562 4041 llic
1589 3983 1837 4042 refertur
1878 3984 2101 4042 oblivio
2146 3984 2225 4042 ad

681 4078 1155 4151 promissionem.
1189 4080 1268 4135 De
1298 4079 1511 4152 quarto
1547 4076 1570 4110 ⁷
1602 4096 1615 4135 :
1655 4096 1684 4130 α
1709 4078 2025 4152 Adimpleti
2051 4084 2221 4150 sunt,

684 4177 740 4230 et
764 4174 1001 4231 saturati
1030 4172 1413 4231 elevaverunt
1439 4187 1543 4230 cor
1569 4188 1765 4243 suum,
1808 4176 1866 4230 et
1891 4173 2061 4231 obliti
2088 4177 2227 4231 sunt

680 4267 837 4337 mei,
867 4269 924 4324 et
953 4282 1065 4339 ego
1103 4281 1206 4324 ero
1236 4265 1320 4323 eis
1360 4266 1531 4340 quasi
1555 4264 1741 4323 leaena
1759 4306 1780 4335 ,
1809 4266 1959 4325 sicut
1996 4266 2223 4339 pardus

680 4361 742 4418 in
782 4362 883 4419 via
927 4361 1318 4436 Assyriorum.
1363 4382 1390 4418 n
1427 4362 1528 4419 Hic
1576 4360 1820 4419 refertur
1864 4360 2091 4419 oblivio
2141 4359 2221 4417 ad

681 4455 1222 4535 comminationem.
1300 4492 1303 4497 -

1182 4613 1467 4669 Articulum
1505 4612 1721 4668 tertius.

744 4742 1000 4801 Tertium
1023 4742 1212 4813 lucet,
1241 4756 1379 4799 cum
1404 4739 1693 4799 traditur:
1733 4738 1907 4797 Verba
1935 4744 2051 4796 tua.
2089 4740 2217 4797 Haec

674 4841 809 4896 sunt
831 4838 1019 4896 verba
1038 4834 1511 4907 comminatoria,
1530 4836 1588 4892 et
1608 4833 1746 4891 ideo
1776 4832 1958 4905 digna
1985 4848 2215 4891 memo-

671 4932 781 5004 ria,
838 4931 1137 5005 praecipue
1191 4934 1431 5005 propter
1486 4928 1597 4987 tria
1647 4945 1661 4985 :
1704 4931 1830 4985 tum
1884 4927 2027 5001 quia
2079 4931 2216 4984 sunt

669 5025 856 5084 verba
880 5024 1110 5097 fidelia,
1150 5024 1334 5083 verba
1358 5021 1787 5094 formidabilia,
1819 5020 2003 5079 verba
2034 5021 2212 5079 inter-

670 5118 978 5177 minabilia
1008 5138 1023 5177 :
1054 5118 1232 5193 plane
1259 5116 1462 5176 fidelia
1476 5160 1496 5190 ,
1524 5119 1813 5192 quantum
1842 5114 1923 5174 ad
1945 5118 2213 5174 tenorem

736 5268 753 5303 ¹
772 5267 973 5332 Ezech„
994 5279 1176 5332 xxxix,
1201 5269 1281 5318 25.
1308 5292 1368 5305 -—
1396 5267 1417 5301 ²
1445 5267 1561 5330 lsa„
1593 5278 1664 5329 tx,
1694 5268 1744 5316 7.
1765 5290 1830 5303 —
1850 5266 1870 5296 ⁸
1892 5265 2035 5329 Sap„
2067 5276 2102 5328 ι,
2135 5267 2212 5317 10.

668 5366 732 5380 -
757 5339 935 5391 ⁸Psat,
961 5352 1115 5403 nm,
1148 5343 1228 5390 21.
1263 5365 1328 5377 -
1355 5341 1378 5375 ⁸
1401 5337 1585 5401 Judic„
1618 5349 1706 5400 111,
1739 5340 1791 5388 7.
1816 5364 1880 5376 -—
1905 5339 1925 5368 ⁸
1953 5336 2094 5388 Psal.
2126 5348 2213 5401 cv,

670 5415 748 5465 21.
792 5437 855 5449 -
892 5412 915 5448 '¹
954 5411 1084 5474 Ose.‚
1125 5422 1252 5473 1111,
1289 5413 1349 5476 6,
1394 5413 1444 5461 ’1.
1480 5432 1545 5447 -·-
1588 5410 1606 5440 ⁸
1646 5408 1785 5460 pene.
1826 5419 1997 5473 exuv,
2042 5410 2123 5460 13.
2149 5433 2213 5447 —

2368 691 2619 763 jndicii3
2657 691 2762 748 sed
2796 690 3293 764 interminabilia,
3323 697 3614 768 quantum
3643 697 3723 756 ad
3751 699 3922 757 dolo-

2373 801 2500 842 rem
2527 784 2819 860 supplicii.
2867 790 2945 844 De
2987 788 3183 861 primo
3220 804 3330 862 per
3371 788 3734 848 psalmistam
3774 792 3920 850 dici-

2371 881 2469 936 tur
2495 880 2517 915 ⁸
2567 898 2582 936 2
2639 898 2668 932 α
2714 879 2920 937 Fidelis
2963 881 3246 938 Dominus
3289 881 3352 938 in
3397 882 3678 941 omnibus
3718 886 3916 944 verbis

2373 971 2533 1029 suis:
2576 995 2603 1024 »
2638 988 2779 1045 ergo
2821 973 2965 1031 etin
3004 974 3202 1032 verbis
3230 976 3740 1036 comminatoriis:
3780 995 3913 1039 ecce

2368 1066 2555 1124 verba
2581 1067 2783 1124 fidelia
2804 1110 2822 1138 ,
2850 1084 2955 1126 seu
2996 1068 3325 1126 credibilia.
3372 1072 3450 1127 De
3500 1072 3763 1130 secundo
3808 1091 3916 1148 per

2371 1160 2722 1233 prophetam
2756 1161 3025 1235 psallitur
3053 1164 3076 1198 ⁹
3113 1182 3130 1220 :
3177 1181 3205 1214 α
3245 1166 3291 1220 Α
3320 1162 3518 1221 verbis
3563 1165 3678 1221 tuis
3715 1166 3916 1225 formi-

2370 1253 2535 1310 davit
2562 1270 2664 1311 cor
2693 1270 2915 1327 meum,
2937 1276 2966 1308 π
2989 1261 3047 1313 et
3072 1256 3329 1314 maxime
3354 1273 3390 1314 a
3408 1258 3905 1319 comminatoriis:

2369 1362 2505 1405 ecce
2533 1347 2720 1405 verba
2747 1347 3172 1409 formidabilia.
3222 1354 3298 1409 De
3336 1351 3505 1411 tertio
3537 1355 3580 1390 ¹⁰
3612 1372 3628 1410 :
3666 1374 3696 1407 α
3725 1356 3912 1413 Verba

2366 1455 2501 1498 mea
2540 1456 2665 1500 non
2705 1442 3089 1515 praeteribunt
3133 1462 3149 1500 :
3189 1465 3216 1499 n
3264 1462 3400 1504 ecce
3444 1447 3629 1506 verba
3654 1447 3908 1507 intermi-

2365 1533 2629 1606 nabilia;
2661 1536 2803 1610 quia
2837 1537 3238 1610 proculdubio
3265 1546 3464 1599 manet
3491 1542 3904 1617 comminatio,

2365 1632 2641 1687 manente
2670 1631 3031 1690 comminato
3060 1632 3374 1707 supplicio.

2848 1793 3130 1849 Articulus
3167 1797 3420 1865 quartus.

2433 1913 2716 1981 Quartum
2757 1915 2967 1987 claret,
3015 1934 3154 1974 cum
3190 1918 3454 1992 sequitur
3484 1939 3499 1978 :
3530 1924 3753 1981 Inimici
3778 1928 3899 1981 mei.

2361 2005 2468 2073 Qui
2522 2010 2658 2065 sunt
2709 2008 2820 2080 illi,
2876 2027 3029 2084 quos
3081 2012 3359 2072 inimicos
3412 2013 3667 2081 dicebat,
3731 2032 3904 2091 super

2361 2114 2620 2171 quorum
2639 2102 2920 2161 vecordia
2937 2104 3295 2177 tabescebat,
3320 2106 3435 2163 nisi
3456 2123 3610 2181 quos
3635 2109 3901 2168 inimicos

2361 2191 2590 2250 Domini
2651 2197 3108 2268 cognoscebat?
3166 2204 3249 2258 lta
3301 2199 3564 2274 profecto
3616 2203 3902 2275 probatur

2356 2285 2540 2361 ipsius
2580 2289 2944 2363 testimoni03
2995 2292 3077 2349 ait
3120 2294 3279 2351 enim
3320 2295 3363 2331 ¹¹
3417 2313 3431 2350 :
3479 2315 3509 2348 α
3549 2298 3754 2354 Nonne
3795 2297 3899 2371 qui

2358 2380 2612 2439 oderunt
2639 2386 2692 2440 te
2715 2426 2735 2455 ,
2781 2386 3025 2443 Domine
3040 2428 3061 2457 ,
3090 2388 3370 2460 oderam,
3401 2392 3458 2447 et
3487 2406 3665 2464 super
3709 2390 3898 2448 inimi·

2355 2491 2458 2533 cos
2506 2479 2640 2534 tuos
2688 2479 3062 2539 tabescebam
3087 2483 3116 2537 ‘i
3156 2483 3413 2542 Perfecto
3458 2484 3600 2542 odio
3652 2486 3894 2544 oderam

2352 2566 2508 2637 illos,
2541 2575 2598 2627 et
2622 2571 2845 2629 inimici
2885 2573 3020 2631 facti
3047 2579 3182 2632 sunt
3209 2575 3373 2634 mihi.
3404 2598 3430 2631 n
3466 2579 3563 2635 Dei
3593 2596 3737 2639 vero
3761 2584 3894 2637 sunt
3961 2608 4137 2651 121„OE

2352 2661 2595 2735 inimici,
2626 2666 2729 2738 qui
2756 2666 2930 2739 hujus
2957 2669 3153 2726 saeculi
3182 2674 3319 2728 sunt
3345 2672 3542 2743 amici,
3561 2674 3728 2747 quia,
3746 2675 3892 2732 sicut
3919 2668 4002 2711 ⁰²¹
4042 2672 4134 2724 ‘1¹¹¹-

2350 2755 2624 2813 scribitur
2655 2755 2717 2828 ¹¹,
2751 2779 2779 2811 α
2807 2761 3169 2836 quicumque
3212 2764 3460 2823 voluerit
3504 2768 3731 2826 amicus
3768 2784 3889 2827 esse

2348 2847 2525 2920 hujus
2561 2851 2755 2908 saeculi
2777 2895 2793 2924 ,
2823 2854 3096 2913 inimicus
3134 2857 3232 2914 Dei
3278 2860 3666 2919 constituitur.
3696 2884 3726 2916 n
3756 2865 3889 2933 Quae

2348 2957 2489 3000 vero
2515 2945 2710 3017 major
2739 2947 3040 3020 vecordia,
3068 2967 3253 3023 quam
3275 2953 3594 3013 amicitiam
3623 2956 3887 3015 divinam

2348 3040 2723 3097 contemnere
2751 3056 2861 3114 pro
2890 3044 3238 3102 mundana?
3265 3048 3331 3103 Et
3357 3051 3519 3118 nota,
3548 3051 3718 3123 quod
3744 3051 3886 3110 tales

2345 3128 2567 3188 inimici
2596 3131 3035 3207 distinguuntur
3062 3136 3434 3200 distinctione
3462 3141 3715 3219 triplici:
3748 3162 3884 3204 nam

2345 3225 2446 3284 alii
2496 3226 2770 3287 dicuntur
2824 3229 3143 3305 infirmati,
3194 3235 3297 3293 alii
3347 3237 3733 3313 locupletati,
3784 3242 3882 3299 alii

2344 3320 2612 3395 exaltati3
2643 3326 2700 3380 et
2725 3330 2861 3380 sunt
2893 3326 3222 3385 trimembri
3253 3332 3882 3406 concupiscentiairre-

2343 3418 2465 3476 titi:
2496 3420 2777 3493 quidam,
2828 3424 3300 3497 concupiscentia
3341 3427 3571 3500 carnis3
3615 3430 3879 3504 quidam,

2342 3513 2815 3586 concupiscentia
2874 3516 3220 3589 oculorum3
3271 3520 3554 3593 quidam,
3601 3524 3879 3598 superbia

2339 3606 2491 3663 vitae.
2527 3609 2601 3664 De
2648 3608 2853 3681 primis
2894 3610 3107 3682 legitur
3145 3612 3189 3647 ¹³
3220 3632 3238 3668 .·
3285 3634 3312 3666 «
3340 3614 3451 3683 Qui
3480 3615 3764 3676 tribulant
3786 3635 3877 3676 me

2338 3699 2559 3758 inimici
2580 3702 2719 3773 mei,
2739 3702 2853 3776 ipsi
2874 3703 3155 3762 infirmati
3182 3711 3335 3777 sunt,
3354 3711 3414 3765 et
3448 3710 3789 3769 ceciderunt
3809 3731 3823 3769 :
3845 3733 3873 3766 n

2337 3809 2470 3851 ecce
2511 3793 2733 3852 inimici
2775 3795 3090 3868 infirmati,
3141 3816 3398 3873 quorum
3442 3801 3780 3863 infirmitate
3824 3811 3880 3863 et

2333 3885 2664 3945 lubricitate
2731 3889 3095 3962 dignoscitur
3149 3893 3401 3953 Ecclesia
3455 3896 3745 3957 tribulari.
3805 3903 3879 3957 De

2334 3981 2608 4037 secundis
2636 3981 2678 4015 ¹⁸
2708 4000 2723 4039 :
2761 4000 2790 4036 α
2816 3985 2971 4041 Facti
3008 3988 3145 4042 sunt
3185 3987 3382 4045 hostes
3422 3990 3551 4061 eJus
3586 3991 3651 4049 in
3692 3992 3876 4067 capite

2333 4073 2480 4146 ejus,
2524 4079 2581 4131 et
2623 4073 2846 4134 inimici
2887 4078 3014 4151 ejus
3058 4079 3400 4155 locupletati
3440 4089 3578 4142 sunt
3617 4104 3631 4141 :
3665 4105 3694 4141 ι
3742 4102 3875 4144 ecce

2331 4166 2555 4224 inimici
2593 4167 2967 4243 locupletati,
2997 4174 3205 4247 quales
3238 4180 3374 4234 sunt
3409 4178 3685 4236 nonnulli
3713 4179 3874 4253 prin-

2287 4261 2491 4336 ·cipes
2537 4265 2595 4319 et
2652 4264 2906 4337 praelati,
2963 4272 3237 4326 vacantes
3286 4270 3592 4345 cupiditati
3641 4273 3873 4347 potius,

2330 4372 2512 4430 quam
2553 4356 2838 4416 charitati.
2883 4362 2961 4417 De
2991 4362 3172 4419 tertiis
3216 4364 3491 4423 scribitur
3530 4382 3567 4424 a
3607 4366 3871 4428 Psalmo-

2327 4450 2557 4524 grapho
2597 4452 2638 4486 ¹⁵
2675 4470 2689 4509 :
2729 4472 2757 4505 α
2783 4452 3010 4511 Inimici
3047 4456 3279 4515 Domini
3306 4474 3450 4516 mox
3470 4503 3491 4531 ,
3531 4464 3597 4518 ut
3633 4460 3873 4521 honori·

2326 4543 2482 4602 ficati
2518 4544 2766 4619 fuerint,
2816 4550 2874 4604 et
2915 4550 3183 4623 exaltati,
3239 4552 3610 4627 deficientes,
3661 4572 3871 4632 quem·

2327 4639 2657 4697 admodum
2713 4639 2946 4717 fumuS,
2996 4643 3318 4703 deficient:
3362 4667 3391 4703 u
3454 4664 3590 4707 ecce
3649 4650 3873 4708 inimici

2326 4732 2584 4806 exaltati,
2610 4750 2868 4809 quorum
2894 4736 3073 4812 culpa
3101 4742 3157 4797 et
3183 4756 3362 4815 poena
3388 4746 3784 4804 connotantur
3807 4744 3872 4804 in

2325 4827 2511 4887 verbo
2539 4831 2826 4901 praesenti.

2965 4986 3222 5055 Epilogus.

2393 5112 2485 5170 Ait
2513 5128 2655 5185 ergo
2684 5114 3186 5193 psalmographus
3196 5162 3220 5193 ,
3246 5119 3514 5182 divinam
3537 5126 3868 5186 commina-

2321 5264 2340 5293 ⁹
2367 5262 2504 5313 Psal.
2534 5263 2666 5327 hoc,
2713 5268 2820 5317 161.
2860 5294 2924 5305 -
2966 5270 3006 5305 ¹⁸
3040 5271 3245 5337 Manli„
3285 5286 3428 5340 xxm,
3459 5280 3537 5329 35.
3567 5306 3630 5316 —
3663 5281 3697 5315 Ι·
3733 5280 3873 5334 Psal.

2321 5346 2584 5400 cxxxviii,
2613 5339 2701 5402 21,
2734 5340 2816 5389 22.
2838 5366 2902 5377 -
2929 5341 2969 5378 ¹²
2994 5341 3122 5407 Iac„
3146 5355 3217 5409 iv,
3248 5348 3293 5397 4.
3321 5374 3385 5385 —
3416 5348 3460 5383 ¹⁸
3483 5350 3621 5401 Ptol.
3647 5365 3796 5416 xxvi,
3820 5360 3874 5407 2.

2319 5433 2382 5445 -
2411 5406 2454 5441 ¹⁸
2476 5406 2675 5472 Thren„
2702 5421 2740 5474 1,
2769 5413 2820 5464 5.
2840 5439 2904 5450 -
2933 5415 2967 5444 ¹⁵
2992 5414 3130 5466 Ptol.
3162 5429 3344 5481 xxxin,
3371 5421 3451 5470 20.
