<?xml version="1.0" encoding="UTF-8"?>
<!DOCTYPE html PUBLIC "-//W3C//DTD XHTML 1.0 Transitional//EN"
    "http://www.w3.org/TR/xhtml1/DTD/xhtml1-transitional.dtd">
<html xmlns="http://www.w3.org/1999/xhtml" xml:lang="en" lang="en">
 <head>
  <title>
</title>
<meta http-equiv="Content-Type" content="text/html;charset=utf-8" />
  <meta name='ocr-system' content='tesseract 3.04.00' />
  <meta name='ocr-capabilities' content='ocr_page ocr_carea ocr_par ocr_line ocrx_word'/>
</head>
<body>
  <div class='ocr_page' id='page_1' title='image "./srecardinalissb00cargoog_0541.png"; bbox 0 0 4196 6294; ppageno 0'>
   <div class='ocr_carea' id='block_1_1' title="bbox 1563 463 2219 530">
    <p class='ocr_par' dir='ltr' id='par_1_1' title="bbox 1563 463 2219 530">
     <span class='ocr_line' id='line_1_1' title="bbox 1563 463 2219 530; baseline -0.002 -1"><span class='ocrx_word' id='word_1_1' title='bbox 1563 463 1919 530; x_wconf 81' lang='lat' dir='ltr'>PSALMUS</span> <span class='ocrx_word' id='word_1_2' title='bbox 1962 464 2219 530; x_wconf 80' lang='lat' dir='ltr'>CXVIII.</span> 
     </span>
    </p>
   </div>
   <div class='ocr_carea' id='block_1_2' title="bbox 809 670 1355 742">
    <p class='ocr_par' dir='ltr' id='par_1_2' title="bbox 809 670 1355 742">
     <span class='ocr_line' id='line_1_2' title="bbox 809 670 1355 742; baseline -0.007 -17"><span class='ocrx_word' id='word_1_3' title='bbox 809 670 1092 727; x_wconf 78' lang='lat' dir='ltr'>Articulus</span> <span class='ocrx_word' id='word_1_4' title='bbox 1126 670 1355 742; x_wconf 76' lang='lat' dir='ltr'>primus.</span> 
     </span>
    </p>
   </div>
   <div class='ocr_carea' id='block_1_3' title="bbox 309 787 1859 1059">
    <p class='ocr_par' dir='ltr' id='par_1_3' title="bbox 309 787 1859 1059">
     <span class='ocr_line' id='line_1_3' title="bbox 383 787 1858 869; baseline -0.007 -14"><span class='ocrx_word' id='word_1_5' title='bbox 383 795 928 856; x_wconf 72' lang='lat' dir='ltr'><strong>considerationem</strong></span> <span class='ocrx_word' id='word_1_6' title='bbox 956 791 1333 869; x_wconf 81' lang='lat' dir='ltr'>praesignavit</span> <span class='ocrx_word' id='word_1_7' title='bbox 1359 787 1692 858; x_wconf 81' lang='lat' dir='ltr'>psalmista,</span> <span class='ocrx_word' id='word_1_8' title='bbox 1721 803 1858 845; x_wconf 89' lang='lat' dir='ltr'>cum</span> 
     </span>
     <span class='ocr_line' id='line_1_4' title="bbox 309 882 1857 964; baseline -0.008 -14"><span class='ocrx_word' id='word_1_9' title='bbox 309 892 393 950; x_wconf 89' lang='lat' dir='ltr'>ait</span> <span class='ocrx_word' id='word_1_10' title='bbox 420 910 433 948; x_wconf 91' lang='lat'>:</span> <span class='ocrx_word' id='word_1_11' title='bbox 466 892 629 958; x_wconf 73' lang='lat' dir='ltr'>Ideo:</span> <span class='ocrx_word' id='word_1_12' title='bbox 658 890 800 964; x_wconf 90' lang='lat' dir='ltr'>quia</span> <span class='ocrx_word' id='word_1_13' title='bbox 828 887 1227 964; x_wconf 81' lang='lat' dir='ltr'>proculdubio</span> <span class='ocrx_word' id='word_1_14' title='bbox 1260 901 1367 960; x_wconf 87' lang='lat' dir='ltr'>per</span> <span class='ocrx_word' id='word_1_15' title='bbox 1392 884 1546 941; x_wconf 87' lang='lat' dir='ltr'>hanc</span> <span class='ocrx_word' id='word_1_16' title='bbox 1574 882 1857 954; x_wconf 87' lang='lat' dir='ltr'>conjunc-</span> 
     </span>
     <span class='ocr_line' id='line_1_5' title="bbox 311 978 1859 1059; baseline -0.006 -17"><span class='ocrx_word' id='word_1_17' title='bbox 311 986 535 1044; x_wconf 82' lang='lat' dir='ltr'>tionem</span> <span class='ocrx_word' id='word_1_18' title='bbox 552 984 961 1059; x_wconf 88' lang='lat' dir='ltr'>interpretatur</span> <span class='ocrx_word' id='word_1_19' title='bbox 978 981 1220 1040; x_wconf 88' lang='lat' dir='ltr'>rationis</span> <span class='ocrx_word' id='word_1_20' title='bbox 1242 978 1609 1037; x_wconf 79' lang='lat' dir='ltr'>deliberatio·</span> <span class='ocrx_word' id='word_1_21' title='bbox 1630 980 1696 1035; x_wconf 90' lang='lat' dir='ltr'>Et</span> <span class='ocrx_word' id='word_1_22' title='bbox 1716 979 1859 1034; x_wconf 91' lang='lat' dir='ltr'>nota</span> 
     </span>
    </p>
   </div>
   <div class='ocr_carea' id='block_1_4' title="bbox 312 1074 1884 1153">
    <p class='ocr_par' dir='ltr' id='par_1_4' title="bbox 312 1074 1884 1153">
     <span class='ocr_line' id='line_1_6' title="bbox 312 1074 1884 1153; baseline -0.004 -16"><span class='ocrx_word' id='word_1_23' title='bbox 312 1080 604 1153; x_wconf 81' lang='lat' dir='ltr'>triplicem</span> <span class='ocrx_word' id='word_1_24' title='bbox 632 1075 1197 1146; x_wconf 78' lang='lat' dir='ltr'>considerationem,</span> <span class='ocrx_word' id='word_1_25' title='bbox 1233 1091 1368 1149; x_wconf 80' lang='lat' dir='ltr'>quae</span> <span class='ocrx_word' id='word_1_26' title='bbox 1400 1088 1642 1130; x_wconf 89' lang='lat' dir='ltr'>movere</span> <span class='ocrx_word' id='word_1_27' title='bbox 1670 1074 1884 1146; x_wconf 88' lang='lat' dir='ltr'>potest.</span> 
     </span>
    </p>
   </div>
   <div class='ocr_carea' id='block_1_5' title="bbox 308 1166 1867 2936">
    <p class='ocr_par' dir='ltr' id='par_1_5' title="bbox 308 1166 1867 2936">
     <span class='ocr_line' id='line_1_7' title="bbox 314 1166 1859 1245; baseline -0.006 -14"><span class='ocrx_word' id='word_1_28' title='bbox 314 1174 393 1231; x_wconf 93' lang='lat' dir='ltr'>ad</span> <span class='ocrx_word' id='word_1_29' title='bbox 420 1174 723 1231; x_wconf 91' lang='lat' dir='ltr'>bonorum</span> <span class='ocrx_word' id='word_1_30' title='bbox 761 1170 1181 1245; x_wconf 83' lang='lat' dir='ltr'>temporalium</span> <span class='ocrx_word' id='word_1_31' title='bbox 1212 1166 1687 1241; x_wconf 83' lang='lat' dir='ltr'>despectionem,</span> <span class='ocrx_word' id='word_1_32' title='bbox 1713 1167 1859 1239; x_wconf 89' lang='lat' dir='ltr'>puta</span> 
     </span>
     <span class='ocr_line' id='line_1_8' title="bbox 314 1259 1857 1338; baseline -0.006 -13"><span class='ocrx_word' id='word_1_33' title='bbox 314 1266 849 1325; x_wconf 82' lang='lat' dir='ltr'>considerationem</span> <span class='ocrx_word' id='word_1_34' title='bbox 878 1263 1127 1338; x_wconf 90' lang='lat' dir='ltr'>periculi</span> <span class='ocrx_word' id='word_1_35' title='bbox 1171 1261 1498 1332; x_wconf 86' lang='lat' dir='ltr'>interioris,</span> <span class='ocrx_word' id='word_1_36' title='bbox 1534 1259 1857 1330; x_wconf 82' lang='lat' dir='ltr'>inferioriS,</span> 
     </span>
     <span class='ocr_line' id='line_1_9' title="bbox 314 1354 1862 1435; baseline -0.006 -17"><span class='ocrx_word' id='word_1_37' title='bbox 314 1363 369 1417; x_wconf 90' lang='lat' dir='ltr'>et</span> <span class='ocrx_word' id='word_1_38' title='bbox 404 1359 745 1435; x_wconf 78' lang='lat' dir='ltr'>superioriS.</span> <span class='ocrx_word' id='word_1_39' title='bbox 788 1356 1119 1415; x_wconf 88' lang='lat' dir='ltr'>Periculum</span> <span class='ocrx_word' id='word_1_40' title='bbox 1144 1355 1387 1414; x_wconf 90' lang='lat' dir='ltr'>interius</span> <span class='ocrx_word' id='word_1_41' title='bbox 1426 1358 1511 1412; x_wconf 88' lang='lat' dir='ltr'>est</span> <span class='ocrx_word' id='word_1_42' title='bbox 1548 1354 1611 1410; x_wconf 90' lang='lat' dir='ltr'>in</span> <span class='ocrx_word' id='word_1_43' title='bbox 1651 1368 1862 1410; x_wconf 87' lang='lat' dir='ltr'>conco-</span> 
     </span>
     <span class='ocr_line' id='line_1_10' title="bbox 310 1448 1861 1527; baseline -0.007 -13"><span class='ocrx_word' id='word_1_44' title='bbox 310 1455 578 1514; x_wconf 89' lang='lat' dir='ltr'>mitantia</span> <span class='ocrx_word' id='word_1_45' title='bbox 603 1458 798 1513; x_wconf 88' lang='lat' dir='ltr'>reatus</span> <span class='ocrx_word' id='word_1_46' title='bbox 808 1471 827 1526; x_wconf 92' lang='lat'>;</span> <span class='ocrx_word' id='word_1_47' title='bbox 866 1452 1200 1527; x_wconf 89' lang='lat' dir='ltr'>periculum</span> <span class='ocrx_word' id='word_1_48' title='bbox 1241 1450 1483 1507; x_wconf 78' lang='lat' dir='ltr'>inferius</span> <span class='ocrx_word' id='word_1_49' title='bbox 1519 1448 1691 1506; x_wconf 89' lang='lat' dir='ltr'>estin</span> <span class='ocrx_word' id='word_1_50' title='bbox 1719 1463 1861 1505; x_wconf 90' lang='lat' dir='ltr'>con-</span> 
     </span>
     <span class='ocr_line' id='line_1_11' title="bbox 311 1542 1862 1625; baseline -0.005 -19"><span class='ocrx_word' id='word_1_51' title='bbox 311 1550 616 1625; x_wconf 77' lang='lat' dir='ltr'>sequentia</span> <span class='ocrx_word' id='word_1_52' title='bbox 641 1551 875 1607; x_wconf 88' lang='lat' dir='ltr'>reatus:</span> <span class='ocrx_word' id='word_1_53' title='bbox 905 1546 1240 1622; x_wconf 89' lang='lat' dir='ltr'>periculum</span> <span class='ocrx_word' id='word_1_54' title='bbox 1266 1544 1536 1619; x_wconf 90' lang='lat' dir='ltr'>superius</span> <span class='ocrx_word' id='word_1_55' title='bbox 1561 1546 1646 1601; x_wconf 87' lang='lat' dir='ltr'>est</span> <span class='ocrx_word' id='word_1_56' title='bbox 1673 1542 1736 1598; x_wconf 91' lang='lat' dir='ltr'>in</span> <span class='ocrx_word' id='word_1_57' title='bbox 1765 1558 1862 1600; x_wconf 89' lang='lat' dir='ltr'>ca-</span> 
     </span>
     <span class='ocr_line' id='line_1_12' title="bbox 308 1635 1856 1718; baseline -0.006 -16"><span class='ocrx_word' id='word_1_58' title='bbox 308 1644 497 1702; x_wconf 89' lang='lat' dir='ltr'>rentia</span> <span class='ocrx_word' id='word_1_59' title='bbox 524 1643 908 1718; x_wconf 83' lang='lat' dir='ltr'>principatus.</span> <span class='ocrx_word' id='word_1_60' title='bbox 944 1645 1019 1699; x_wconf 89' lang='lat' dir='ltr'>De</span> <span class='ocrx_word' id='word_1_61' title='bbox 1049 1641 1246 1715; x_wconf 88' lang='lat' dir='ltr'>primo</span> <span class='ocrx_word' id='word_1_62' title='bbox 1274 1638 1477 1713; x_wconf 82' lang='lat' dir='ltr'>psallit</span> <span class='ocrx_word' id='word_1_63' title='bbox 1502 1636 1791 1711; x_wconf 81' lang='lat' dir='ltr'>Propheta</span> <span class='ocrx_word' id='word_1_64' title='bbox 1809 1635 1856 1692; x_wconf 87' lang='lat'>¹:</span> 
     </span>
     <span class='ocr_line' id='line_1_13' title="bbox 316 1729 1862 1809; baseline -0.004 -19"><span class='ocrx_word' id='word_1_65' title='bbox 316 1757 345 1790; x_wconf 86' lang='lat'>«</span> <span class='ocrx_word' id='word_1_66' title='bbox 373 1738 511 1795; x_wconf 85' lang='lat' dir='ltr'>ldeo</span> <span class='ocrx_word' id='word_1_67' title='bbox 541 1737 727 1795; x_wconf 89' lang='lat' dir='ltr'>tenuit</span> <span class='ocrx_word' id='word_1_68' title='bbox 761 1753 864 1793; x_wconf 89' lang='lat' dir='ltr'>eos</span> <span class='ocrx_word' id='word_1_69' title='bbox 904 1734 1214 1809; x_wconf 88' lang='lat' dir='ltr'>superbia,</span> <span class='ocrx_word' id='word_1_70' title='bbox 1245 1732 1432 1807; x_wconf 89' lang='lat' dir='ltr'>operti</span> <span class='ocrx_word' id='word_1_71' title='bbox 1477 1735 1611 1788; x_wconf 90' lang='lat' dir='ltr'>sunt</span> <span class='ocrx_word' id='word_1_72' title='bbox 1649 1729 1862 1804; x_wconf 90' lang='lat' dir='ltr'>iniqui-</span> 
     </span>
     <span class='ocr_line' id='line_1_14' title="bbox 311 1823 1863 1906; baseline -0.005 -18"><span class='ocrx_word' id='word_1_73' title='bbox 311 1835 427 1888; x_wconf 87' lang='lat' dir='ltr'>tate</span> <span class='ocrx_word' id='word_1_74' title='bbox 473 1835 529 1889; x_wconf 90' lang='lat' dir='ltr'>et</span> <span class='ocrx_word' id='word_1_75' title='bbox 567 1830 866 1906; x_wconf 81' lang='lat' dir='ltr'>impietate</span> <span class='ocrx_word' id='word_1_76' title='bbox 909 1847 1036 1887; x_wconf 89' lang='lat' dir='ltr'>sua.</span> <span class='ocrx_word' id='word_1_77' title='bbox 1082 1849 1111 1882; x_wconf 63' lang='lat' dir='ltr'>i&gt;</span> <span class='ocrx_word' id='word_1_78' title='bbox 1143 1832 1288 1886; x_wconf 82' lang='lat' dir='ltr'>Ecce</span> <span class='ocrx_word' id='word_1_79' title='bbox 1327 1830 1522 1885; x_wconf 88' lang='lat' dir='ltr'>reatus</span> <span class='ocrx_word' id='word_1_80' title='bbox 1569 1823 1863 1883; x_wconf 88' lang='lat' dir='ltr'>concomi-</span> 
     </span>
     <span class='ocr_line' id='line_1_15' title="bbox 311 1917 1859 1999; baseline -0.005 -17"><span class='ocrx_word' id='word_1_81' title='bbox 311 1925 526 1997; x_wconf 81' lang='lat' dir='ltr'>tantia,</span> <span class='ocrx_word' id='word_1_82' title='bbox 551 1941 685 1999; x_wconf 81' lang='lat' dir='ltr'>quae</span> <span class='ocrx_word' id='word_1_83' title='bbox 720 1924 1151 1982; x_wconf 89' lang='lat' dir='ltr'>concomitatur</span> <span class='ocrx_word' id='word_1_84' title='bbox 1178 1925 1445 1979; x_wconf 88' lang='lat' dir='ltr'>amantes</span> <span class='ocrx_word' id='word_1_85' title='bbox 1478 1917 1859 1993; x_wconf 84' lang='lat' dir='ltr'>temporalia3</span> 
     </span>
     <span class='ocr_line' id='line_1_16' title="bbox 313 2013 1865 2093; baseline -0.003 -20"><span class='ocrx_word' id='word_1_86' title='bbox 313 2018 535 2077; x_wconf 88' lang='lat' dir='ltr'>scilicet</span> <span class='ocrx_word' id='word_1_87' title='bbox 555 2018 834 2093; x_wconf 89' lang='lat' dir='ltr'>superbia</span> <span class='ocrx_word' id='word_1_88' title='bbox 858 2021 1129 2092; x_wconf 87' lang='lat' dir='ltr'>respectu</span> <span class='ocrx_word' id='word_1_89' title='bbox 1152 2015 1277 2086; x_wconf 91' lang='lat' dir='ltr'>Dei,</span> <span class='ocrx_word' id='word_1_90' title='bbox 1300 2013 1579 2089; x_wconf 89' lang='lat' dir='ltr'>iniquitas</span> <span class='ocrx_word' id='word_1_91' title='bbox 1597 2013 1865 2086; x_wconf 90' lang='lat' dir='ltr'>respectu</span> 
     </span>
     <span class='ocr_line' id='line_1_17' title="bbox 312 2105 1864 2187; baseline -0.005 -18"><span class='ocrx_word' id='word_1_92' title='bbox 312 2112 425 2183; x_wconf 91' lang='lat' dir='ltr'>sui,</span> <span class='ocrx_word' id='word_1_93' title='bbox 455 2112 723 2186; x_wconf 85' lang='lat' dir='ltr'>impietas</span> <span class='ocrx_word' id='word_1_94' title='bbox 751 2116 1023 2187; x_wconf 88' lang='lat' dir='ltr'>respectu</span> <span class='ocrx_word' id='word_1_95' title='bbox 1054 2108 1336 2185; x_wconf 86' lang='lat' dir='ltr'>proximi.</span> <span class='ocrx_word' id='word_1_96' title='bbox 1369 2112 1447 2166; x_wconf 90' lang='lat' dir='ltr'>De</span> <span class='ocrx_word' id='word_1_97' title='bbox 1476 2105 1740 2165; x_wconf 89' lang='lat' dir='ltr'>secundo</span> <span class='ocrx_word' id='word_1_98' title='bbox 1768 2122 1864 2163; x_wconf 87' lang='lat' dir='ltr'>ca-</span> 
     </span>
     <span class='ocr_line' id='line_1_18' title="bbox 312 2199 1866 2275; baseline -0.005 -12"><span class='ocrx_word' id='word_1_99' title='bbox 312 2207 398 2264; x_wconf 85' lang='lat' dir='ltr'>nit</span> <span class='ocrx_word' id='word_1_100' title='bbox 425 2206 730 2264; x_wconf 88' lang='lat' dir='ltr'>Psalmista</span> <span class='ocrx_word' id='word_1_101' title='bbox 756 2207 816 2263; x_wconf 80' lang='lat'>²:</span> <span class='ocrx_word' id='word_1_102' title='bbox 849 2226 879 2261; x_wconf 75' lang='grc' dir='ltr'>(ι</span> <span class='ocrx_word' id='word_1_103' title='bbox 903 2205 1045 2263; x_wconf 80' lang='lat' dir='ltr'>Ideo</span> <span class='ocrx_word' id='word_1_104' title='bbox 1083 2219 1208 2262; x_wconf 88' lang='lat' dir='ltr'>non</span> <span class='ocrx_word' id='word_1_105' title='bbox 1242 2204 1556 2275; x_wconf 89' lang='lat' dir='ltr'>resurgunt</span> <span class='ocrx_word' id='word_1_106' title='bbox 1584 2201 1657 2274; x_wconf 94' lang='lat' dir='ltr'>(a)</span> <span class='ocrx_word' id='word_1_107' title='bbox 1696 2199 1866 2274; x_wconf 89' lang='lat' dir='ltr'>impii</span> 
     </span>
     <span class='ocr_line' id='line_1_19' title="bbox 313 2293 1863 2374; baseline -0.003 -17"><span class='ocrx_word' id='word_1_108' title='bbox 313 2301 374 2357; x_wconf 94' lang='lat' dir='ltr'>in</span> <span class='ocrx_word' id='word_1_109' title='bbox 396 2300 645 2374; x_wconf 87' lang='lat' dir='ltr'>judicio,</span> <span class='ocrx_word' id='word_1_110' title='bbox 674 2321 705 2354; x_wconf 70' lang='grc' dir='ltr'>ιο</span> <span class='ocrx_word' id='word_1_111' title='bbox 736 2304 885 2358; x_wconf 87' lang='lat' dir='ltr'>etc.:</span> <span class='ocrx_word' id='word_1_112' title='bbox 919 2315 1052 2356; x_wconf 90' lang='lat' dir='ltr'>ecce</span> <span class='ocrx_word' id='word_1_113' title='bbox 1084 2297 1373 2355; x_wconf 88' lang='lat' dir='ltr'>cruciatus</span> <span class='ocrx_word' id='word_1_114' title='bbox 1411 2293 1863 2369; x_wconf 89' lang='lat' dir='ltr'>consequentia,</span> 
     </span>
     <span class='ocr_line' id='line_1_20' title="bbox 313 2389 1865 2468; baseline -0.005 -15"><span class='ocrx_word' id='word_1_115' title='bbox 313 2395 418 2468; x_wconf 89' lang='lat' dir='ltr'>qui</span> <span class='ocrx_word' id='word_1_116' title='bbox 472 2394 856 2468; x_wconf 88' lang='lat' dir='ltr'>consequitur</span> <span class='ocrx_word' id='word_1_117' title='bbox 911 2391 1317 2465; x_wconf 82' lang='lat' dir='ltr'>amplexantes</span> <span class='ocrx_word' id='word_1_118' title='bbox 1375 2389 1729 2447; x_wconf 88' lang='lat' dir='ltr'>stercoralia.</span> <span class='ocrx_word' id='word_1_119' title='bbox 1786 2391 1865 2446; x_wconf 89' lang='lat' dir='ltr'>De</span> 
     </span>
     <span class='ocr_line' id='line_1_21' title="bbox 312 2484 1867 2561; baseline -0.003 -15"><span class='ocrx_word' id='word_1_120' title='bbox 312 2488 506 2561; x_wconf 89' lang='lat' dir='ltr'>terti0,</span> <span class='ocrx_word' id='word_1_121' title='bbox 530 2489 636 2547; x_wconf 92' lang='lat' dir='ltr'>ubi</span> <span class='ocrx_word' id='word_1_122' title='bbox 655 2488 930 2547; x_wconf 88' lang='lat' dir='ltr'>scribitur</span> <span class='ocrx_word' id='word_1_123' title='bbox 950 2488 1025 2544; x_wconf 90' lang='lat' dir='ltr'>de</span> <span class='ocrx_word' id='word_1_124' title='bbox 1053 2501 1388 2560; x_wconf 89' lang='lat' dir='ltr'>pauperum</span> <span class='ocrx_word' id='word_1_125' title='bbox 1409 2484 1618 2541; x_wconf 89' lang='lat' dir='ltr'>merito</span> <span class='ocrx_word' id='word_1_126' title='bbox 1644 2487 1701 2540; x_wconf 91' lang='lat' dir='ltr'>et</span> <span class='ocrx_word' id='word_1_127' title='bbox 1719 2499 1867 2557; x_wconf 78' lang='lat' dir='ltr'>prae-</span> 
     </span>
     <span class='ocr_line' id='line_1_22' title="bbox 312 2577 1862 2654; baseline -0.005 -15"><span class='ocrx_word' id='word_1_128' title='bbox 312 2582 434 2640; x_wconf 91' lang='lat' dir='ltr'>mio</span> <span class='ocrx_word' id='word_1_129' title='bbox 462 2584 521 2639; x_wconf 80' lang='lat'>⁸:</span> <span class='ocrx_word' id='word_1_130' title='bbox 567 2605 595 2634; x_wconf 92' lang='lat'>«</span> <span class='ocrx_word' id='word_1_131' title='bbox 641 2581 928 2654; x_wconf 81' lang='lat' dir='ltr'>Cogitatio</span> <span class='ocrx_word' id='word_1_132' title='bbox 980 2596 1189 2638; x_wconf 90' lang='lat' dir='ltr'>eorum</span> <span class='ocrx_word' id='word_1_133' title='bbox 1243 2577 1405 2652; x_wconf 89' lang='lat' dir='ltr'>apud</span> <span class='ocrx_word' id='word_1_134' title='bbox 1458 2577 1815 2635; x_wconf 89' lang='lat' dir='ltr'>Altissimum</span> <span class='ocrx_word' id='word_1_135' title='bbox 1848 2596 1862 2633; x_wconf 73' lang='grc' dir='ltr'><strong><em>ε</em></strong></span> 
     </span>
     <span class='ocr_line' id='line_1_23' title="bbox 311 2671 1863 2751; baseline -0.004 -19"><span class='ocrx_word' id='word_1_136' title='bbox 311 2675 448 2733; x_wconf 92' lang='lat' dir='ltr'>ideo</span> <span class='ocrx_word' id='word_1_137' title='bbox 478 2675 766 2751; x_wconf 85' lang='lat' dir='ltr'>accipient</span> <span class='ocrx_word' id='word_1_138' title='bbox 788 2690 1042 2748; x_wconf 84' lang='lat' dir='ltr'>regnum</span> <span class='ocrx_word' id='word_1_139' title='bbox 1064 2671 1314 2743; x_wconf 76' lang='lat' dir='ltr'>decoris,</span> <span class='ocrx_word' id='word_1_140' title='bbox 1335 2674 1392 2728; x_wconf 89' lang='lat' dir='ltr'>et</span> <span class='ocrx_word' id='word_1_141' title='bbox 1419 2671 1700 2728; x_wconf 89' lang='lat' dir='ltr'>diadema</span> <span class='ocrx_word' id='word_1_142' title='bbox 1729 2684 1863 2743; x_wconf 83' lang='lat' dir='ltr'>spe-</span> 
     </span>
     <span class='ocr_line' id='line_1_24' title="bbox 313 2765 1867 2841; baseline -0.005 -15"><span class='ocrx_word' id='word_1_143' title='bbox 313 2769 449 2841; x_wconf 88' lang='lat' dir='ltr'>ciei,</span> <span class='ocrx_word' id='word_1_144' title='bbox 482 2771 558 2828; x_wconf 90' lang='lat' dir='ltr'>de</span> <span class='ocrx_word' id='word_1_145' title='bbox 585 2786 771 2827; x_wconf 90' lang='lat' dir='ltr'>manu</span> <span class='ocrx_word' id='word_1_146' title='bbox 801 2767 1069 2828; x_wconf 88' lang='lat' dir='ltr'>Domini:</span> <span class='ocrx_word' id='word_1_147' title='bbox 1104 2787 1134 2823; x_wconf 69' lang='lat' dir='ltr'><strong><em>n</em></strong></span> <span class='ocrx_word' id='word_1_148' title='bbox 1177 2766 1354 2837; x_wconf 87' lang='lat' dir='ltr'>hujus</span> <span class='ocrx_word' id='word_1_149' title='bbox 1378 2765 1740 2839; x_wconf 86' lang='lat' dir='ltr'>principatus</span> <span class='ocrx_word' id='word_1_150' title='bbox 1769 2779 1867 2820; x_wconf 92' lang='lat' dir='ltr'>ca-</span> 
     </span>
     <span class='ocr_line' id='line_1_25' title="bbox 310 2857 1770 2936; baseline -0.005 -15"><span class='ocrx_word' id='word_1_151' title='bbox 310 2865 499 2923; x_wconf 89' lang='lat' dir='ltr'>rentia</span> <span class='ocrx_word' id='word_1_152' title='bbox 525 2864 790 2923; x_wconf 86' lang='lat' dir='ltr'>timenda</span> <span class='ocrx_word' id='word_1_153' title='bbox 813 2866 899 2922; x_wconf 90' lang='lat' dir='ltr'>est</span> <span class='ocrx_word' id='word_1_154' title='bbox 922 2878 961 2920; x_wconf 90' lang='lat' dir='ltr'>a</span> <span class='ocrx_word' id='word_1_155' title='bbox 993 2858 1393 2936; x_wconf 61' lang='lat' dir='ltr'>quaerentibus</span> <span class='ocrx_word' id='word_1_156' title='bbox 1417 2857 1770 2916; x_wconf 92' lang='lat' dir='ltr'>transitoria.</span> 
     </span>
    </p>
   </div>
   <div class='ocr_carea' id='block_1_6' title="bbox 775 3018 1398 3079">
    <p class='ocr_par' dir='ltr' id='par_1_6' title="bbox 775 3018 1398 3079">
     <span class='ocr_line' id='line_1_26' title="bbox 775 3018 1398 3079; baseline -0.01 0"><span class='ocrx_word' id='word_1_157' title='bbox 775 3023 1065 3079; x_wconf 76' lang='lat' dir='ltr'>Articulus</span> <span class='ocrx_word' id='word_1_158' title='bbox 1101 3018 1297 3077; x_wconf 79' lang='lat' dir='ltr'>secund</span> <span class='ocrx_word' id='word_1_159' title='bbox 1314 3033 1398 3074; x_wconf 81' lang='lat' dir='ltr'>us.</span> 
     </span>
    </p>
   </div>
   <div class='ocr_carea' id='block_1_7' title="bbox 306 3143 1868 4729">
    <p class='ocr_par' dir='ltr' id='par_1_7' title="bbox 306 3143 1868 4729">
     <span class='ocr_line' id='line_1_27' title="bbox 388 3143 1868 3220; baseline -0.005 -13"><span class='ocrx_word' id='word_1_160' title='bbox 388 3147 882 3207; x_wconf 88' lang='lat' dir='ltr'>Desiderationem</span> <span class='ocrx_word' id='word_1_161' title='bbox 924 3145 1277 3220; x_wconf 81' lang='lat' dir='ltr'>assignavit,</span> <span class='ocrx_word' id='word_1_162' title='bbox 1307 3162 1444 3203; x_wconf 88' lang='lat' dir='ltr'>cum</span> <span class='ocrx_word' id='word_1_163' title='bbox 1473 3143 1734 3202; x_wconf 89' lang='lat' dir='ltr'>addidit:</span> <span class='ocrx_word' id='word_1_164' title='bbox 1768 3146 1868 3200; x_wconf 79' lang='lat' dir='ltr'>Di-</span> 
     </span>
     <span class='ocr_line' id='line_1_28' title="bbox 314 3240 1867 3317; baseline -0.003 -18"><span class='ocrx_word' id='word_1_165' title='bbox 314 3246 425 3301; x_wconf 78' lang='lat' dir='ltr'>leaei</span> <span class='ocrx_word' id='word_1_166' title='bbox 445 3262 461 3298; x_wconf 87' lang='lat'>:</span> <span class='ocrx_word' id='word_1_167' title='bbox 490 3243 555 3300; x_wconf 88' lang='lat' dir='ltr'>in</span> <span class='ocrx_word' id='word_1_168' title='bbox 582 3259 705 3317; x_wconf 92' lang='lat' dir='ltr'>quo</span> <span class='ocrx_word' id='word_1_169' title='bbox 746 3241 974 3299; x_wconf 88' lang='lat' dir='ltr'>notavit</span> <span class='ocrx_word' id='word_1_170' title='bbox 1014 3240 1376 3298; x_wconf 83' lang='lat' dir='ltr'>desiderium</span> <span class='ocrx_word' id='word_1_171' title='bbox 1412 3255 1538 3297; x_wconf 91' lang='lat' dir='ltr'>non</span> <span class='ocrx_word' id='word_1_172' title='bbox 1570 3243 1867 3312; x_wconf 90' lang='lat' dir='ltr'>tempora-</span> 
     </span>
     <span class='ocr_line' id='line_1_29' title="bbox 313 3333 1866 3407; baseline -0.005 -12"><span class='ocrx_word' id='word_1_173' title='bbox 313 3337 460 3394; x_wconf 88' lang='lat' dir='ltr'>lium</span> <span class='ocrx_word' id='word_1_174' title='bbox 497 3336 833 3407; x_wconf 90' lang='lat' dir='ltr'>bonorum,</span> <span class='ocrx_word' id='word_1_175' title='bbox 865 3334 971 3392; x_wconf 92' lang='lat' dir='ltr'>sed</span> <span class='ocrx_word' id='word_1_176' title='bbox 1013 3334 1348 3391; x_wconf 90' lang='lat' dir='ltr'>moralium.</span> <span class='ocrx_word' id='word_1_177' title='bbox 1382 3338 1448 3390; x_wconf 89' lang='lat' dir='ltr'>Et</span> <span class='ocrx_word' id='word_1_178' title='bbox 1473 3335 1616 3389; x_wconf 91' lang='lat' dir='ltr'>nota</span> <span class='ocrx_word' id='word_1_179' title='bbox 1653 3333 1866 3406; x_wconf 83' lang='lat' dir='ltr'>triplex</span> 
     </span>
     <span class='ocr_line' id='line_1_30' title="bbox 312 3426 1865 3504; baseline -0.003 -18"><span class='ocrx_word' id='word_1_180' title='bbox 312 3430 598 3488; x_wconf 89' lang='lat' dir='ltr'>indicium</span> <span class='ocrx_word' id='word_1_181' title='bbox 617 3473 637 3501; x_wconf 98' lang='lat'>,</span> <span class='ocrx_word' id='word_1_182' title='bbox 666 3446 775 3503; x_wconf 91' lang='lat' dir='ltr'>per</span> <span class='ocrx_word' id='word_1_183' title='bbox 801 3428 971 3504; x_wconf 92' lang='lat' dir='ltr'>quod</span> <span class='ocrx_word' id='word_1_184' title='bbox 1000 3428 1295 3486; x_wconf 88' lang='lat' dir='ltr'>indicatur</span> <span class='ocrx_word' id='word_1_185' title='bbox 1321 3429 1437 3485; x_wconf 87' lang='lat' dir='ltr'>hoc</span> <span class='ocrx_word' id='word_1_186' title='bbox 1464 3426 1865 3485; x_wconf 89' lang='lat' dir='ltr'>desiderium:</span> 
     </span>
     <span class='ocr_line' id='line_1_31' title="bbox 311 3520 1868 3597; baseline -0.003 -17"><span class='ocrx_word' id='word_1_187' title='bbox 311 3525 529 3582; x_wconf 91' lang='lat' dir='ltr'>scilicet</span> <span class='ocrx_word' id='word_1_188' title='bbox 569 3523 817 3597; x_wconf 87' lang='lat' dir='ltr'>diligere</span> <span class='ocrx_word' id='word_1_189' title='bbox 862 3521 1238 3593; x_wconf 87' lang='lat' dir='ltr'>munditiam,</span> <span class='ocrx_word' id='word_1_190' title='bbox 1277 3522 1660 3596; x_wconf 90' lang='lat' dir='ltr'>sapientiam,</span> <span class='ocrx_word' id='word_1_191' title='bbox 1700 3520 1868 3579; x_wconf 89' lang='lat' dir='ltr'>disci-</span> 
     </span>
     <span class='ocr_line' id='line_1_32' title="bbox 310 3608 1868 3691; baseline -0.002 -16"><span class='ocrx_word' id='word_1_192' title='bbox 310 3608 568 3690; x_wconf 75' lang='lat' dir='ltr'>plinam3</span> <span class='ocrx_word' id='word_1_193' title='bbox 604 3622 897 3691; x_wconf 90' lang='lat' dir='ltr'>quantum</span> <span class='ocrx_word' id='word_1_194' title='bbox 941 3616 1018 3673; x_wconf 91' lang='lat' dir='ltr'>ad</span> <span class='ocrx_word' id='word_1_195' title='bbox 1049 3615 1498 3687; x_wconf 88' lang='lat' dir='ltr'>conscientiam,</span> <span class='ocrx_word' id='word_1_196' title='bbox 1540 3614 1868 3687; x_wconf 87' lang='lat' dir='ltr'>intelligen-</span> 
     </span>
     <span class='ocr_line' id='line_1_33' title="bbox 316 3708 1867 3784; baseline -0.001 -17"><span class='ocrx_word' id='word_1_197' title='bbox 316 3712 481 3782; x_wconf 85' lang='lat' dir='ltr'>tiam,</span> <span class='ocrx_word' id='word_1_198' title='bbox 516 3710 847 3769; x_wconf 86' lang='lat' dir='ltr'>custodiam</span> <span class='ocrx_word' id='word_1_199' title='bbox 880 3709 1239 3767; x_wconf 86' lang='lat' dir='ltr'>sensitivam.</span> <span class='ocrx_word' id='word_1_200' title='bbox 1277 3713 1353 3767; x_wconf 85' lang='lat' dir='ltr'>De</span> <span class='ocrx_word' id='word_1_201' title='bbox 1384 3710 1578 3784; x_wconf 91' lang='lat' dir='ltr'>primo</span> <span class='ocrx_word' id='word_1_202' title='bbox 1604 3709 1660 3765; x_wconf 69' lang='lat'>⁴:</span> <span class='ocrx_word' id='word_1_203' title='bbox 1699 3728 1727 3761; x_wconf 74' lang='grc' dir='ltr'>«ι</span> <span class='ocrx_word' id='word_1_204' title='bbox 1755 3708 1867 3777; x_wconf 86' lang='lat' dir='ltr'>Qui</span> 
     </span>
     <span class='ocr_line' id='line_1_34' title="bbox 314 3802 1868 3877; baseline -0.001 -16"><span class='ocrx_word' id='word_1_205' title='bbox 314 3803 507 3877; x_wconf 85' lang='lat' dir='ltr'>diligit</span> <span class='ocrx_word' id='word_1_206' title='bbox 528 3803 725 3862; x_wconf 88' lang='lat' dir='ltr'>cordis</span> <span class='ocrx_word' id='word_1_207' title='bbox 747 3802 1125 3875; x_wconf 88' lang='lat' dir='ltr'>munditiam,</span> <span class='ocrx_word' id='word_1_208' title='bbox 1146 3807 1388 3877; x_wconf 89' lang='lat' dir='ltr'>propter</span> <span class='ocrx_word' id='word_1_209' title='bbox 1406 3804 1656 3877; x_wconf 81' lang='lat' dir='ltr'>gratiam</span> <span class='ocrx_word' id='word_1_210' title='bbox 1679 3802 1868 3861; x_wconf 89' lang='lat' dir='ltr'>labio-</span> 
     </span>
     <span class='ocr_line' id='line_1_35' title="bbox 310 3897 1863 3970; baseline 0 -15"><span class='ocrx_word' id='word_1_211' title='bbox 310 3914 447 3955; x_wconf 85' lang='lat' dir='ltr'>rum</span> <span class='ocrx_word' id='word_1_212' title='bbox 491 3897 740 3956; x_wconf 89' lang='lat' dir='ltr'>habebit</span> <span class='ocrx_word' id='word_1_213' title='bbox 786 3898 1047 3956; x_wconf 88' lang='lat' dir='ltr'>amicum</span> <span class='ocrx_word' id='word_1_214' title='bbox 1090 3914 1329 3970; x_wconf 86' lang='lat' dir='ltr'>regem:</span> <span class='ocrx_word' id='word_1_215' title='bbox 1373 3918 1401 3950; x_wconf 66' lang='grc' dir='ltr'>ι)</span> <span class='ocrx_word' id='word_1_216' title='bbox 1450 3913 1583 3956; x_wconf 89' lang='lat' dir='ltr'>ecce</span> <span class='ocrx_word' id='word_1_217' title='bbox 1629 3897 1863 3955; x_wconf 89' lang='lat' dir='ltr'>dilectio</span> 
     </span>
     <span class='ocr_line' id='line_1_36' title="bbox 312 3990 1863 4065; baseline -0.001 -16"><span class='ocrx_word' id='word_1_218' title='bbox 312 3990 616 4050; x_wconf 60' lang='lat' dir='ltr'>munditiae</span> <span class='ocrx_word' id='word_1_219' title='bbox 663 3992 1084 4050; x_wconf 81' lang='lat' dir='ltr'>conscientiam</span> <span class='ocrx_word' id='word_1_220' title='bbox 1148 3990 1548 4065; x_wconf 82' lang='lat' dir='ltr'>purificantiS,</span> <span class='ocrx_word' id='word_1_221' title='bbox 1593 3991 1863 4064; x_wconf 85' lang='lat' dir='ltr'>linguam</span> 
     </span>
     <span class='ocr_line' id='line_1_37' title="bbox 309 4086 1861 4159; baseline -0.001 -13"><span class='ocrx_word' id='word_1_222' title='bbox 309 4086 710 4159; x_wconf 78' lang='lat' dir='ltr'>gratificantis‚</span> <span class='ocrx_word' id='word_1_223' title='bbox 765 4092 821 4146; x_wconf 91' lang='lat' dir='ltr'>et</span> <span class='ocrx_word' id='word_1_224' title='bbox 871 4088 1189 4147; x_wconf 89' lang='lat' dir='ltr'>Dominum</span> <span class='ocrx_word' id='word_1_225' title='bbox 1234 4088 1600 4147; x_wconf 65' lang='lat' dir='ltr'>admirantis</span> <span class='ocrx_word' id='word_1_226' title='bbox 1651 4091 1729 4145; x_wconf 90' lang='lat' dir='ltr'>De</span> <span class='ocrx_word' id='word_1_227' title='bbox 1768 4104 1861 4145; x_wconf 89' lang='lat' dir='ltr'>se-</span> 
     </span>
     <span class='ocr_line' id='line_1_38' title="bbox 311 4180 1863 4256; baseline -0.001 -18"><span class='ocrx_word' id='word_1_228' title='bbox 311 4181 509 4239; x_wconf 83' lang='lat' dir='ltr'>cundo</span> <span class='ocrx_word' id='word_1_229' title='bbox 538 4183 594 4239; x_wconf 77' lang='lat'>⁵:</span> <span class='ocrx_word' id='word_1_230' title='bbox 643 4202 672 4235; x_wconf 76' lang='grc' dir='ltr'>α</span> <span class='ocrx_word' id='word_1_231' title='bbox 709 4182 819 4251; x_wconf 86' lang='lat' dir='ltr'>Qui</span> <span class='ocrx_word' id='word_1_232' title='bbox 873 4183 1064 4256; x_wconf 85' lang='lat' dir='ltr'>diligit</span> <span class='ocrx_word' id='word_1_233' title='bbox 1114 4181 1495 4256; x_wconf 88' lang='lat' dir='ltr'>sapientiam,</span> <span class='ocrx_word' id='word_1_234' title='bbox 1536 4180 1729 4255; x_wconf 87' lang='lat' dir='ltr'>diligit</span> <span class='ocrx_word' id='word_1_235' title='bbox 1774 4180 1863 4237; x_wconf 88' lang='lat' dir='ltr'>vi-</span> 
     </span>
     <span class='ocr_line' id='line_1_39' title="bbox 308 4276 1861 4353; baseline -0.002 -18"><span class='ocrx_word' id='word_1_236' title='bbox 308 4281 432 4335; x_wconf 88' lang='lat' dir='ltr'>tam</span> <span class='ocrx_word' id='word_1_237' title='bbox 464 4297 478 4336; x_wconf 89' lang='lat'>:</span> <span class='ocrx_word' id='word_1_238' title='bbox 506 4300 537 4335; x_wconf 68' lang='grc' dir='ltr'>π</span> <span class='ocrx_word' id='word_1_239' title='bbox 571 4295 706 4337; x_wconf 88' lang='lat' dir='ltr'>ecce</span> <span class='ocrx_word' id='word_1_240' title='bbox 734 4278 970 4337; x_wconf 89' lang='lat' dir='ltr'>dilectio</span> <span class='ocrx_word' id='word_1_241' title='bbox 998 4277 1329 4353; x_wconf 75' lang='lat' dir='ltr'>sapientiae,</span> <span class='ocrx_word' id='word_1_242' title='bbox 1355 4293 1489 4351; x_wconf 83' lang='lat' dir='ltr'>quoe</span> <span class='ocrx_word' id='word_1_243' title='bbox 1514 4276 1638 4333; x_wconf 86' lang='lat' dir='ltr'>vita</span> <span class='ocrx_word' id='word_1_244' title='bbox 1666 4279 1752 4333; x_wconf 90' lang='lat' dir='ltr'>est</span> <span class='ocrx_word' id='word_1_245' title='bbox 1774 4276 1861 4332; x_wconf 91' lang='lat' dir='ltr'>in-</span> 
     </span>
     <span class='ocr_line' id='line_1_40' title="bbox 306 4369 1860 4445; baseline -0.002 -17"><span class='ocrx_word' id='word_1_246' title='bbox 306 4372 661 4445; x_wconf 81' lang='lat' dir='ltr'>telligentiae.</span> <span class='ocrx_word' id='word_1_247' title='bbox 685 4376 763 4430; x_wconf 91' lang='lat' dir='ltr'>De</span> <span class='ocrx_word' id='word_1_248' title='bbox 792 4373 960 4432; x_wconf 89' lang='lat' dir='ltr'>tertio</span> <span class='ocrx_word' id='word_1_249' title='bbox 981 4376 1002 4409; x_wconf 78' lang='lat'><strong>⁶</strong></span> <span class='ocrx_word' id='word_1_250' title='bbox 1025 4390 1039 4431; x_wconf 76' lang='grc' dir='ltr'><strong><em>ε</em></strong></span> <span class='ocrx_word' id='word_1_251' title='bbox 1065 4393 1094 4427; x_wconf 77' lang='grc' dir='ltr'><strong>α</strong></span> <span class='ocrx_word' id='word_1_252' title='bbox 1111 4372 1220 4442; x_wconf 87' lang='lat' dir='ltr'>Qui</span> <span class='ocrx_word' id='word_1_253' title='bbox 1248 4370 1437 4443; x_wconf 88' lang='lat' dir='ltr'>diligit</span> <span class='ocrx_word' id='word_1_254' title='bbox 1464 4369 1860 4443; x_wconf 88' lang='lat' dir='ltr'>disciplinam,</span> 
     </span>
     <span class='ocr_line' id='line_1_41' title="bbox 311 4463 1861 4538; baseline -0.001 -17"><span class='ocrx_word' id='word_1_255' title='bbox 311 4464 504 4537; x_wconf 84' lang='lat' dir='ltr'>diligit</span> <span class='ocrx_word' id='word_1_256' title='bbox 529 4466 862 4525; x_wconf 91' lang='lat' dir='ltr'>scientiam:</span> <span class='ocrx_word' id='word_1_257' title='bbox 886 4486 915 4521; x_wconf 71' lang='lat' dir='ltr'>n</span> <span class='ocrx_word' id='word_1_258' title='bbox 940 4483 1074 4525; x_wconf 88' lang='lat' dir='ltr'>ecce</span> <span class='ocrx_word' id='word_1_259' title='bbox 1103 4464 1340 4523; x_wconf 88' lang='lat' dir='ltr'>dilectio</span> <span class='ocrx_word' id='word_1_260' title='bbox 1364 4463 1707 4538; x_wconf 79' lang='lat' dir='ltr'>disciplinae,</span> <span class='ocrx_word' id='word_1_261' title='bbox 1729 4479 1861 4537; x_wconf 82' lang='lat' dir='ltr'>quoe</span> 
     </span>
     <span class='ocr_line' id='line_1_42' title="bbox 311 4556 1863 4634; baseline -0.002 -19"><span class='ocrx_word' id='word_1_262' title='bbox 311 4559 456 4616; x_wconf 91' lang='lat' dir='ltr'>dum</span> <span class='ocrx_word' id='word_1_263' title='bbox 482 4564 646 4619; x_wconf 88' lang='lat' dir='ltr'>actus</span> <span class='ocrx_word' id='word_1_264' title='bbox 676 4561 973 4619; x_wconf 88' lang='lat' dir='ltr'>sensuales</span> <span class='ocrx_word' id='word_1_265' title='bbox 1010 4559 1347 4634; x_wconf 90' lang='lat' dir='ltr'>componit,</span> <span class='ocrx_word' id='word_1_266' title='bbox 1388 4559 1468 4617; x_wconf 89' lang='lat' dir='ltr'>ad</span> <span class='ocrx_word' id='word_1_267' title='bbox 1496 4561 1661 4616; x_wconf 91' lang='lat' dir='ltr'>actus</span> <span class='ocrx_word' id='word_1_268' title='bbox 1696 4556 1863 4613; x_wconf 90' lang='lat' dir='ltr'>intel-</span> 
     </span>
     <span class='ocr_line' id='line_1_43' title="bbox 309 4652 899 4729; baseline -0.002 -19"><span class='ocrx_word' id='word_1_269' title='bbox 309 4652 588 4713; x_wconf 88' lang='lat' dir='ltr'>lectuales</span> <span class='ocrx_word' id='word_1_270' title='bbox 618 4654 899 4729; x_wconf 91' lang='lat' dir='ltr'>disponit.</span> 
     </span>
    </p>
   </div>
   <div class='ocr_carea' id='block_1_8' title="bbox 814 4817 1359 4873">
    <p class='ocr_par' dir='ltr' id='par_1_8' title="bbox 814 4817 1359 4873">
     <span class='ocr_line' id='line_1_44' title="bbox 814 4817 1359 4873; baseline -0.006 0"><span class='ocrx_word' id='word_1_271' title='bbox 814 4818 1099 4873; x_wconf 80' lang='lat' dir='ltr'>Articulas</span> <span class='ocrx_word' id='word_1_272' title='bbox 1140 4817 1359 4872; x_wconf 79' lang='lat' dir='ltr'>tertius.</span> 
     </span>
    </p>
   </div>
   <div class='ocr_carea' id='block_1_9' title="bbox 383 4938 1860 5020">
    <p class='ocr_par' dir='ltr' id='par_1_9' title="bbox 383 4938 1860 5020">
     <span class='ocr_line' id='line_1_45' title="bbox 383 4938 1860 5020; baseline -0.006 -15"><span class='ocrx_word' id='word_1_273' title='bbox 383 4943 796 5020; x_wconf 84' lang='lat' dir='ltr'>operationem</span> <span class='ocrx_word' id='word_1_274' title='bbox 825 4941 1183 5015; x_wconf 87' lang='lat' dir='ltr'>designavit,</span> <span class='ocrx_word' id='word_1_275' title='bbox 1214 4956 1350 4999; x_wconf 88' lang='lat' dir='ltr'>cum</span> <span class='ocrx_word' id='word_1_276' title='bbox 1376 4938 1561 4997; x_wconf 83' lang='lat' dir='ltr'>dixit:</span> <span class='ocrx_word' id='word_1_277' title='bbox 1594 4940 1860 4997; x_wconf 79' lang='lat' dir='ltr'>Mandata</span> 
     </span>
    </p>
   </div>
   <div class='ocr_carea' id='block_1_10' title="bbox 41 5033 1859 5202">
    <p class='ocr_par' dir='ltr' id='par_1_10' title="bbox 41 5033 1859 5202">
     <span class='ocr_line' id='line_1_46' title="bbox 78 5033 1857 5120; baseline -0.003 -23"><span class='ocrx_word' id='word_1_278' title='bbox 78 5074 285 5120; x_wconf 51' lang='lat' dir='ltr'>Mad„</span> <span class='ocrx_word' id='word_1_279' title='bbox 317 5044 431 5097; x_wconf 76' lang='lat' dir='ltr'>tua.</span> <span class='ocrx_word' id='word_1_280' title='bbox 460 5043 607 5098; x_wconf 84' lang='lat' dir='ltr'>Nam</span> <span class='ocrx_word' id='word_1_281' title='bbox 626 5037 907 5096; x_wconf 88' lang='lat' dir='ltr'>mandata</span> <span class='ocrx_word' id='word_1_282' title='bbox 928 5038 1063 5092; x_wconf 89' lang='lat' dir='ltr'>sunt</span> <span class='ocrx_word' id='word_1_283' title='bbox 1076 5036 1212 5107; x_wconf 87' lang='lat' dir='ltr'>jura</span> <span class='ocrx_word' id='word_1_284' title='bbox 1230 5034 1448 5105; x_wconf 82' lang='lat' dir='ltr'>divina,</span> <span class='ocrx_word' id='word_1_285' title='bbox 1469 5033 1674 5091; x_wconf 90' lang='lat' dir='ltr'>manui</span> <span class='ocrx_word' id='word_1_286' title='bbox 1698 5034 1857 5107; x_wconf 85' lang='lat' dir='ltr'>data,</span> 
     </span>
     <span class='ocr_line' id='line_1_47' title="bbox 41 5127 1859 5202; baseline -0.001 -16"><span class='ocrx_word' id='word_1_287' title='bbox 41 5145 118 5194; x_wconf 69' lang='lat' dir='ltr'>ta,</span> <span class='ocrx_word' id='word_1_288' title='bbox 146 5138 193 5179; x_wconf 85' lang='lat' dir='ltr'>id</span> <span class='ocrx_word' id='word_1_289' title='bbox 216 5138 289 5180; x_wconf 58' lang='grc' dir='ltr'>οι*</span> <span class='ocrx_word' id='word_1_290' title='bbox 314 5133 410 5189; x_wconf 89' lang='lat' dir='ltr'>vel</span> <span class='ocrx_word' id='word_1_291' title='bbox 445 5132 676 5191; x_wconf 78' lang='lat' dir='ltr'>effectui</span> <span class='ocrx_word' id='word_1_292' title='bbox 715 5129 1158 5199; x_wconf 88' lang='lat' dir='ltr'>commendata,</span> <span class='ocrx_word' id='word_1_293' title='bbox 1191 5127 1339 5185; x_wconf 82' lang='lat' dir='ltr'>sicut</span> <span class='ocrx_word' id='word_1_294' title='bbox 1380 5127 1614 5202; x_wconf 89' lang='lat' dir='ltr'>plenius</span> <span class='ocrx_word' id='word_1_295' title='bbox 1653 5132 1737 5184; x_wconf 90' lang='lat' dir='ltr'>est</span> <span class='ocrx_word' id='word_1_296' title='bbox 1766 5145 1859 5185; x_wconf 85' lang='lat' dir='ltr'>ex-</span> 
     </span>
    </p>
   </div>
   <div class='ocr_carea' id='block_1_11' title="bbox 85 5198 259 5308">
    <p class='ocr_par' dir='ltr' id='par_1_11' title="bbox 85 5198 259 5308">
     <span class='ocr_line' id='line_1_48' title="bbox 85 5198 259 5247; baseline -0.034 0"><span class='ocrx_word' id='word_1_297' title='bbox 85 5198 259 5247; x_wconf 73' lang='lat' dir='ltr'>manni</span> 
     </span>
     <span class='ocr_line' id='line_1_49' title="bbox 100 5264 238 5308; baseline -0.014 0"><span class='ocrx_word' id='word_1_298' title='bbox 100 5264 238 5308; x_wconf 73' lang='lat' dir='ltr'>data.</span> 
     </span>
    </p>
   </div>
   <div class='ocr_carea' id='block_1_12' title="bbox 313 5221 1855 5301">
    <p class='ocr_par' dir='ltr' id='par_1_12' title="bbox 313 5221 1855 5301">
     <span class='ocr_line' id='line_1_50' title="bbox 313 5221 1855 5301; baseline -0.004 -16"><span class='ocrx_word' id='word_1_299' title='bbox 313 5242 582 5301; x_wconf 87' lang='lat' dir='ltr'>pressum</span> <span class='ocrx_word' id='word_1_300' title='bbox 600 5241 799 5300; x_wconf 88' lang='lat' dir='ltr'>supra,</span> <span class='ocrx_word' id='word_1_301' title='bbox 825 5241 956 5300; x_wconf 88' lang='lat' dir='ltr'>cap.</span> <span class='ocrx_word' id='word_1_302' title='bbox 978 5240 1063 5298; x_wconf 80' lang='lat' dir='ltr'>vr,</span> <span class='ocrx_word' id='word_1_303' title='bbox 1087 5221 1377 5280; x_wconf 80' lang='lat' dir='ltr'>versiculo</span> <span class='ocrx_word' id='word_1_304' title='bbox 1400 5238 1641 5297; x_wconf 83' lang='lat' dir='ltr'>quoque</span> <span class='ocrx_word' id='word_1_305' title='bbox 1672 5227 1855 5280; x_wconf 84' lang='lat' dir='ltr'>sexto.</span> 
     </span>
    </p>
   </div>
   <div class='ocr_carea' id='block_1_13' title="bbox 381 5425 944 5582">
    <p class='ocr_par' dir='ltr' id='par_1_13' title="bbox 381 5425 944 5582">
     <span class='ocr_line' id='line_1_51' title="bbox 381 5425 944 5490; baseline 0.002 -16"><span class='ocrx_word' id='word_1_306' title='bbox 381 5426 447 5489; x_wconf 83' lang='lat' dir='ltr'>(a)</span> <span class='ocrx_word' id='word_1_307' title='bbox 482 5425 628 5490; x_wconf 64' lang='grc' dir='ltr'>ναῖς.</span> <span class='ocrx_word' id='word_1_308' title='bbox 660 5428 944 5490; x_wconf 85' lang='lat' dir='ltr'>resurgent.</span> 
     </span>
     <span class='ocr_line' id='line_1_52' title="bbox 554 5534 837 5582; baseline -0.004 0"><span class='ocrx_word' id='word_1_309' title='bbox 554 5534 701 5582; x_wconf 75' lang='lat' dir='ltr'>&#39;mlt-</span> <span class='ocrx_word' id='word_1_310' title='bbox 746 5535 837 5581; x_wconf 80' lang='lat' dir='ltr'>lx.</span> 
     </span>
    </p>
   </div>
   <div class='ocr_carea' id='block_1_14' title="bbox 3386 479 3498 540">
    <p class='ocr_par' dir='ltr' id='par_1_14' title="bbox 3386 479 3498 540">
     <span class='ocr_line' id='line_1_53' title="bbox 3386 479 3498 540; baseline 0.009 -1"><span class='ocrx_word' id='word_1_311' title='bbox 3386 479 3498 540; x_wconf 69' lang='lat'>481</span> 
     </span>
    </p>
   </div>
   <div class='ocr_carea' id='block_1_15' title="bbox 1967 600 3516 2073">
    <p class='ocr_par' dir='ltr' id='par_1_15' title="bbox 1967 600 3516 2073">
     <span class='ocr_line' id='line_1_54' title="bbox 1969 600 3509 676; baseline 0.008 -19"><span class='ocrx_word' id='word_1_312' title='bbox 1969 603 2282 675; x_wconf 83' lang='lat' dir='ltr'>Propterea</span> <span class='ocrx_word' id='word_1_313' title='bbox 2316 615 2424 676; x_wconf 91' lang='lat' dir='ltr'>per</span> <span class='ocrx_word' id='word_1_314' title='bbox 2448 600 2730 660; x_wconf 89' lang='lat' dir='ltr'>mandata</span> <span class='ocrx_word' id='word_1_315' title='bbox 2769 605 2855 659; x_wconf 88' lang='lat' dir='ltr'>est</span> <span class='ocrx_word' id='word_1_316' title='bbox 2880 604 3144 676; x_wconf 89' lang='lat' dir='ltr'>operatio</span> <span class='ocrx_word' id='word_1_317' title='bbox 3172 611 3509 672; x_wconf 85' lang='lat' dir='ltr'>connotata.</span> 
     </span>
     <span class='ocr_line' id='line_1_55' title="bbox 1968 694 3515 777; baseline 0.007 -27"><span class='ocrx_word' id='word_1_318' title='bbox 1968 695 2034 749; x_wconf 88' lang='lat' dir='ltr'>Et</span> <span class='ocrx_word' id='word_1_319' title='bbox 2068 699 2212 752; x_wconf 87' lang='lat' dir='ltr'>nota</span> <span class='ocrx_word' id='word_1_320' title='bbox 2237 694 2390 752; x_wconf 90' lang='lat' dir='ltr'>circa</span> <span class='ocrx_word' id='word_1_321' title='bbox 2417 695 2697 753; x_wconf 85' lang='lat' dir='ltr'>mandata</span> <span class='ocrx_word' id='word_1_322' title='bbox 2724 696 2994 767; x_wconf 89' lang='lat' dir='ltr'>moralia,</span> <span class='ocrx_word' id='word_1_323' title='bbox 3024 697 3192 772; x_wconf 85' lang='lat' dir='ltr'>quod</span> <span class='ocrx_word' id='word_1_324' title='bbox 3212 706 3348 760; x_wconf 90' lang='lat' dir='ltr'>sunt</span> <span class='ocrx_word' id='word_1_325' title='bbox 3373 718 3515 777; x_wconf 90' lang='lat' dir='ltr'>ope-</span> 
     </span>
     <span class='ocr_line' id='line_1_56' title="bbox 1967 788 3513 868; baseline 0.007 -24"><span class='ocrx_word' id='word_1_326' title='bbox 1967 788 2184 845; x_wconf 90' lang='lat' dir='ltr'>rabilia</span> <span class='ocrx_word' id='word_1_327' title='bbox 2220 805 2345 848; x_wconf 92' lang='lat' dir='ltr'>non</span> <span class='ocrx_word' id='word_1_328' title='bbox 2385 789 2785 862; x_wconf 86' lang='lat' dir='ltr'>somnolente,</span> <span class='ocrx_word' id='word_1_329' title='bbox 2829 807 2950 848; x_wconf 92' lang='lat' dir='ltr'>non</span> <span class='ocrx_word' id='word_1_330' title='bbox 2988 791 3351 868; x_wconf 88' lang='lat' dir='ltr'>turbulente,</span> <span class='ocrx_word' id='word_1_331' title='bbox 3390 812 3513 855; x_wconf 93' lang='lat' dir='ltr'>non</span> 
     </span>
     <span class='ocr_line' id='line_1_57' title="bbox 1968 880 3514 964; baseline 0.006 -26"><span class='ocrx_word' id='word_1_332' title='bbox 1968 880 2378 956; x_wconf 82' lang='lat' dir='ltr'>fraudulente3</span> <span class='ocrx_word' id='word_1_333' title='bbox 2407 887 2612 942; x_wconf 86' lang='lat' dir='ltr'>contra</span> <span class='ocrx_word' id='word_1_334' title='bbox 2637 883 2903 958; x_wconf 79' lang='lat' dir='ltr'>tepidOS,</span> <span class='ocrx_word' id='word_1_335' title='bbox 2944 884 3192 958; x_wconf 83' lang='lat' dir='ltr'>frigidos</span> <span class='ocrx_word' id='word_1_336' title='bbox 3208 930 3228 959; x_wconf 96' lang='lat'>,</span> <span class='ocrx_word' id='word_1_337' title='bbox 3257 889 3482 948; x_wconf 88' lang='lat' dir='ltr'>calidos</span> <span class='ocrx_word' id='word_1_338' title='bbox 3491 932 3514 964; x_wconf 94' lang='lat'>,</span> 
     </span>
     <span class='ocr_line' id='line_1_58' title="bbox 1968 975 3513 1051; baseline 0.006 -19"><span class='ocrx_word' id='word_1_339' title='bbox 1968 992 2074 1032; x_wconf 89' lang='lat' dir='ltr'>seu</span> <span class='ocrx_word' id='word_1_340' title='bbox 2101 975 2371 1035; x_wconf 66' lang='lat' dir='ltr'>callidos</span> <span class='ocrx_word' id='word_1_341' title='bbox 2410 981 2487 1034; x_wconf 91' lang='lat' dir='ltr'>De</span> <span class='ocrx_word' id='word_1_342' title='bbox 2522 978 2719 1051; x_wconf 91' lang='lat' dir='ltr'>primo</span> <span class='ocrx_word' id='word_1_343' title='bbox 2748 980 2806 1034; x_wconf 79' lang='lat'>⁷:</span> <span class='ocrx_word' id='word_1_344' title='bbox 2843 978 3059 1037; x_wconf 85' lang='lat' dir='ltr'>«Viam</span> <span class='ocrx_word' id='word_1_345' title='bbox 3095 982 3513 1041; x_wconf 88' lang='lat' dir='ltr'>mandatorum</span> 
     </span>
     <span class='ocr_line' id='line_1_59' title="bbox 1967 1070 3512 1152; baseline 0.007 -27"><span class='ocrx_word' id='word_1_346' title='bbox 1967 1073 2209 1128; x_wconf 88' lang='lat' dir='ltr'>tuorum</span> <span class='ocrx_word' id='word_1_347' title='bbox 2244 1070 2503 1144; x_wconf 90' lang='lat' dir='ltr'>cucurri;</span> <span class='ocrx_word' id='word_1_348' title='bbox 2537 1092 2566 1127; x_wconf 67' lang='lat'>&gt;³</span> <span class='ocrx_word' id='word_1_349' title='bbox 2599 1088 2733 1130; x_wconf 92' lang='lat' dir='ltr'>ecce</span> <span class='ocrx_word' id='word_1_350' title='bbox 2772 1074 3037 1147; x_wconf 87' lang='lat' dir='ltr'>operatio</span> <span class='ocrx_word' id='word_1_351' title='bbox 3071 1077 3512 1152; x_wconf 89' lang='lat' dir='ltr'>mandatorum,</span> 
     </span>
     <span class='ocr_line' id='line_1_60' title="bbox 1971 1163 3511 1242; baseline 0.007 -22"><span class='ocrx_word' id='word_1_352' title='bbox 1971 1163 2100 1222; x_wconf 91' lang='lat' dir='ltr'>sine</span> <span class='ocrx_word' id='word_1_353' title='bbox 2152 1166 2550 1224; x_wconf 86' lang='lat' dir='ltr'>somnolentia</span> <span class='ocrx_word' id='word_1_354' title='bbox 2603 1166 2962 1242; x_wconf 89' lang='lat' dir='ltr'>tepidorum.</span> <span class='ocrx_word' id='word_1_355' title='bbox 3016 1171 3093 1227; x_wconf 93' lang='lat' dir='ltr'>De</span> <span class='ocrx_word' id='word_1_356' title='bbox 3144 1172 3408 1230; x_wconf 89' lang='lat' dir='ltr'>secundo</span> <span class='ocrx_word' id='word_1_357' title='bbox 3451 1173 3511 1231; x_wconf 80' lang='lat'>⁸:</span> 
     </span>
     <span class='ocr_line' id='line_1_61' title="bbox 1983 1260 3516 1331; baseline 0.008 -19"><span class='ocrx_word' id='word_1_358' title='bbox 1983 1278 2011 1312; x_wconf 77' lang='grc' dir='ltr'>α</span> <span class='ocrx_word' id='word_1_359' title='bbox 2045 1262 2174 1317; x_wconf 90' lang='lat' dir='ltr'>Non</span> <span class='ocrx_word' id='word_1_360' title='bbox 2219 1277 2353 1318; x_wconf 88' lang='lat' dir='ltr'>sum</span> <span class='ocrx_word' id='word_1_361' title='bbox 2402 1260 2701 1331; x_wconf 80' lang='lat' dir='ltr'>turbatuS,</span> <span class='ocrx_word' id='word_1_362' title='bbox 2756 1266 2821 1319; x_wconf 91' lang='lat' dir='ltr'>ut</span> <span class='ocrx_word' id='word_1_363' title='bbox 2865 1262 3192 1321; x_wconf 91' lang='lat' dir='ltr'>custodiam</span> <span class='ocrx_word' id='word_1_364' title='bbox 3230 1265 3516 1324; x_wconf 90' lang='lat' dir='ltr'>mandata</span> 
     </span>
     <span class='ocr_line' id='line_1_62' title="bbox 1970 1355 3513 1429; baseline 0.005 -19"><span class='ocrx_word' id='word_1_365' title='bbox 1970 1356 2100 1425; x_wconf 86' lang='lat' dir='ltr'>tua;</span> <span class='ocrx_word' id='word_1_366' title='bbox 2139 1375 2166 1408; x_wconf 84' lang='lat'>»</span> <span class='ocrx_word' id='word_1_367' title='bbox 2204 1369 2339 1412; x_wconf 89' lang='lat' dir='ltr'>ecce</span> <span class='ocrx_word' id='word_1_368' title='bbox 2379 1355 2643 1429; x_wconf 90' lang='lat' dir='ltr'>operatio</span> <span class='ocrx_word' id='word_1_369' title='bbox 2691 1356 3109 1414; x_wconf 88' lang='lat' dir='ltr'>mandatorum</span> <span class='ocrx_word' id='word_1_370' title='bbox 3150 1358 3273 1416; x_wconf 88' lang='lat' dir='ltr'>sine</span> <span class='ocrx_word' id='word_1_371' title='bbox 3307 1359 3513 1418; x_wconf 88' lang='lat' dir='ltr'>turbu-</span> 
     </span>
     <span class='ocr_line' id='line_1_63' title="bbox 1968 1445 3513 1521; baseline 0.007 -20"><span class='ocrx_word' id='word_1_372' title='bbox 1968 1445 2151 1504; x_wconf 87' lang='lat' dir='ltr'>lentia</span> <span class='ocrx_word' id='word_1_373' title='bbox 2196 1447 2567 1520; x_wconf 86' lang='lat' dir='ltr'>frigidorum.</span> <span class='ocrx_word' id='word_1_374' title='bbox 2618 1452 2694 1506; x_wconf 85' lang='lat' dir='ltr'>De</span> <span class='ocrx_word' id='word_1_375' title='bbox 2740 1449 2936 1521; x_wconf 91' lang='lat' dir='ltr'>tertio,</span> <span class='ocrx_word' id='word_1_376' title='bbox 2978 1451 3084 1508; x_wconf 91' lang='lat' dir='ltr'>ubi</span> <span class='ocrx_word' id='word_1_377' title='bbox 3124 1451 3397 1511; x_wconf 89' lang='lat' dir='ltr'>scribitur</span> <span class='ocrx_word' id='word_1_378' title='bbox 3437 1454 3513 1512; x_wconf 89' lang='lat' dir='ltr'>de</span> 
     </span>
     <span class='ocr_line' id='line_1_64' title="bbox 1970 1540 3515 1606; baseline 0.006 -9"><span class='ocrx_word' id='word_1_379' title='bbox 1970 1540 2268 1598; x_wconf 88' lang='lat' dir='ltr'>mandatis</span> <span class='ocrx_word' id='word_1_380' title='bbox 2293 1542 2640 1600; x_wconf 86' lang='lat' dir='ltr'>humanis⁹:</span> <span class='ocrx_word' id='word_1_381' title='bbox 2678 1563 2707 1596; x_wconf 71' lang='grc' dir='ltr'>(ι</span> <span class='ocrx_word' id='word_1_382' title='bbox 2735 1543 3072 1602; x_wconf 84' lang='lat' dir='ltr'>custodient</span> <span class='ocrx_word' id='word_1_383' title='bbox 3104 1546 3386 1605; x_wconf 86' lang='lat' dir='ltr'>mandata</span> <span class='ocrx_word' id='word_1_384' title='bbox 3413 1564 3515 1606; x_wconf 89' lang='lat' dir='ltr'>eo-</span> 
     </span>
     <span class='ocr_line' id='line_1_65' title="bbox 1972 1635 3514 1709; baseline 0.006 -19"><span class='ocrx_word' id='word_1_385' title='bbox 1972 1650 2107 1691; x_wconf 90' lang='lat' dir='ltr'>rum</span> <span class='ocrx_word' id='word_1_386' title='bbox 2143 1635 2370 1709; x_wconf 89' lang='lat' dir='ltr'>absque</span> <span class='ocrx_word' id='word_1_387' title='bbox 2416 1636 2580 1695; x_wconf 81' lang='lat' dir='ltr'>dolo,</span> <span class='ocrx_word' id='word_1_388' title='bbox 2613 1659 2638 1688; x_wconf 79' lang='lat' dir='ltr'>n</span> <span class='ocrx_word' id='word_1_389' title='bbox 2668 1636 2723 1694; x_wconf 91' lang='lat' dir='ltr'>Si</span> <span class='ocrx_word' id='word_1_390' title='bbox 2769 1641 2964 1695; x_wconf 86' lang='lat' dir='ltr'>autem</span> <span class='ocrx_word' id='word_1_391' title='bbox 2998 1639 3311 1698; x_wconf 89' lang='lat' dir='ltr'>hominum</span> <span class='ocrx_word' id='word_1_392' title='bbox 3344 1658 3514 1699; x_wconf 90' lang='lat' dir='ltr'>man-</span> 
     </span>
     <span class='ocr_line' id='line_1_66' title="bbox 1974 1727 3512 1810; baseline 0.006 -26"><span class='ocrx_word' id='word_1_393' title='bbox 1974 1727 2132 1795; x_wconf 86' lang='lat' dir='ltr'>data,</span> <span class='ocrx_word' id='word_1_394' title='bbox 2159 1728 2490 1787; x_wconf 89' lang='lat' dir='ltr'>videntium</span> <span class='ocrx_word' id='word_1_395' title='bbox 2508 1730 2792 1788; x_wconf 85' lang='lat' dir='ltr'>duntaxat</span> <span class='ocrx_word' id='word_1_396' title='bbox 2808 1732 3117 1804; x_wconf 78' lang='lat' dir='ltr'>exteriora,</span> <span class='ocrx_word' id='word_1_397' title='bbox 3136 1737 3270 1791; x_wconf 91' lang='lat' dir='ltr'>sunt</span> <span class='ocrx_word' id='word_1_398' title='bbox 3286 1735 3512 1810; x_wconf 83' lang='lat' dir='ltr'>absque</span> 
     </span>
     <span class='ocr_line' id='line_1_67' title="bbox 1974 1822 3511 1903; baseline 0.006 -24"><span class='ocrx_word' id='word_1_399' title='bbox 1974 1822 2119 1880; x_wconf 93' lang='lat' dir='ltr'>dolo</span> <span class='ocrx_word' id='word_1_400' title='bbox 2162 1823 2493 1898; x_wconf 88' lang='lat' dir='ltr'>servanda,</span> <span class='ocrx_word' id='word_1_401' title='bbox 2544 1829 2766 1899; x_wconf 88' lang='lat' dir='ltr'>quanto</span> <span class='ocrx_word' id='word_1_402' title='bbox 2807 1826 3013 1886; x_wconf 86' lang='lat' dir='ltr'>fortius</span> <span class='ocrx_word' id='word_1_403' title='bbox 3061 1828 3161 1886; x_wconf 91' lang='lat' dir='ltr'>Dei</span> <span class='ocrx_word' id='word_1_404' title='bbox 3201 1829 3511 1903; x_wconf 88' lang='lat' dir='ltr'>mandata,</span> 
     </span>
     <span class='ocr_line' id='line_1_68' title="bbox 1974 1915 3513 1995; baseline 0.008 -23"><span class='ocrx_word' id='word_1_405' title='bbox 1974 1915 2227 1975; x_wconf 87' lang='lat' dir='ltr'>videntis</span> <span class='ocrx_word' id='word_1_406' title='bbox 2267 1917 2576 1976; x_wconf 85' lang='lat' dir='ltr'>interiora!</span> <span class='ocrx_word' id='word_1_407' title='bbox 2609 1923 2752 1977; x_wconf 89' lang='lat' dir='ltr'>Ecce</span> <span class='ocrx_word' id='word_1_408' title='bbox 2791 1921 3056 1995; x_wconf 85' lang='lat' dir='ltr'>operatio</span> <span class='ocrx_word' id='word_1_409' title='bbox 3094 1923 3513 1983; x_wconf 89' lang='lat' dir='ltr'>mandatorum</span> 
     </span>
     <span class='ocr_line' id='line_1_69' title="bbox 1974 2010 2924 2073; baseline 0.005 -6"><span class='ocrx_word' id='word_1_410' title='bbox 1974 2011 2100 2069; x_wconf 90' lang='lat' dir='ltr'>sine</span> <span class='ocrx_word' id='word_1_411' title='bbox 2126 2010 2523 2072; x_wconf 87' lang='lat' dir='ltr'>fraudulentia</span> <span class='ocrx_word' id='word_1_412' title='bbox 2550 2012 2924 2073; x_wconf 89' lang='lat' dir='ltr'>callidorum.</span> 
     </span>
    </p>
   </div>
   <div class='ocr_carea' id='block_1_16' title="bbox 2464 2171 3031 2245">
    <p class='ocr_par' dir='ltr' id='par_1_16' title="bbox 2464 2171 3031 2245">
     <span class='ocr_line' id='line_1_70' title="bbox 2464 2171 3031 2245; baseline 0.009 -19"><span class='ocrx_word' id='word_1_413' title='bbox 2464 2171 2752 2228; x_wconf 75' lang='lat' dir='ltr'>Articulus</span> <span class='ocrx_word' id='word_1_414' title='bbox 2788 2180 3031 2245; x_wconf 79' lang='lat' dir='ltr'>quartas.</span> 
     </span>
    </p>
   </div>
   <div class='ocr_carea' id='block_1_17' title="bbox 1972 2294 3548 4164">
    <p class='ocr_par' dir='ltr' id='par_1_17' title="bbox 1972 2294 3548 4164">
     <span class='ocr_line' id='line_1_71' title="bbox 2043 2294 3514 2375; baseline 0.005 -22"><span class='ocrx_word' id='word_1_415' title='bbox 2043 2294 2480 2371; x_wconf 86' lang='lat' dir='ltr'>Temporalium</span> <span class='ocrx_word' id='word_1_416' title='bbox 2563 2300 3000 2373; x_wconf 88' lang='lat' dir='ltr'>superationem</span> <span class='ocrx_word' id='word_1_417' title='bbox 3098 2302 3514 2375; x_wconf 85' lang='lat' dir='ltr'>consignavit,</span> 
     </span>
     <span class='ocr_line' id='line_1_72' title="bbox 1975 2391 3517 2471; baseline 0.005 -23"><span class='ocrx_word' id='word_1_418' title='bbox 1975 2392 2221 2465; x_wconf 88' lang='lat' dir='ltr'>quando</span> <span class='ocrx_word' id='word_1_419' title='bbox 2273 2391 2558 2449; x_wconf 90' lang='lat' dir='ltr'>conclusit</span> <span class='ocrx_word' id='word_1_420' title='bbox 2601 2412 2614 2450; x_wconf 90' lang='lat'>:</span> <span class='ocrx_word' id='word_1_421' title='bbox 2667 2394 2838 2466; x_wconf 82' lang='lat' dir='ltr'>Super</span> <span class='ocrx_word' id='word_1_422' title='bbox 2881 2411 3069 2451; x_wconf 68' lang='lat' dir='ltr'>aarum</span> <span class='ocrx_word' id='word_1_423' title='bbox 3122 2400 3174 2452; x_wconf 80' lang='lat' dir='ltr'>et</span> <span class='ocrx_word' id='word_1_424' title='bbox 3230 2400 3517 2471; x_wconf 77' lang='lat' dir='ltr'>topazion3</span> 
     </span>
     <span class='ocr_line' id='line_1_73' title="bbox 1975 2485 3520 2564; baseline 0.005 -22"><span class='ocrx_word' id='word_1_425' title='bbox 1975 2485 2265 2560; x_wconf 87' lang='lat' dir='ltr'>quoniam</span> <span class='ocrx_word' id='word_1_426' title='bbox 2291 2504 2504 2545; x_wconf 91' lang='lat' dir='ltr'>aurum</span> <span class='ocrx_word' id='word_1_427' title='bbox 2524 2491 2579 2545; x_wconf 92' lang='lat' dir='ltr'>et</span> <span class='ocrx_word' id='word_1_428' title='bbox 2600 2488 2886 2563; x_wconf 76' lang='lat' dir='ltr'>topaziuS,</span> <span class='ocrx_word' id='word_1_429' title='bbox 2911 2505 3044 2563; x_wconf 76' lang='lat' dir='ltr'>quae</span> <span class='ocrx_word' id='word_1_430' title='bbox 3066 2493 3347 2564; x_wconf 89' lang='lat' dir='ltr'>superant</span> <span class='ocrx_word' id='word_1_431' title='bbox 3370 2491 3520 2550; x_wconf 91' lang='lat' dir='ltr'>inter</span> 
     </span>
     <span class='ocr_line' id='line_1_74' title="bbox 1974 2580 3522 2658; baseline 0.005 -21"><span class='ocrx_word' id='word_1_432' title='bbox 1974 2580 2139 2638; x_wconf 89' lang='lat' dir='ltr'>hona</span> <span class='ocrx_word' id='word_1_433' title='bbox 2173 2581 2553 2656; x_wconf 89' lang='lat' dir='ltr'>temporalia,</span> <span class='ocrx_word' id='word_1_434' title='bbox 2585 2586 2936 2657; x_wconf 90' lang='lat' dir='ltr'>superantur</span> <span class='ocrx_word' id='word_1_435' title='bbox 2975 2599 3084 2658; x_wconf 91' lang='lat' dir='ltr'>per</span> <span class='ocrx_word' id='word_1_436' title='bbox 3122 2583 3285 2643; x_wconf 91' lang='lat' dir='ltr'>bona</span> <span class='ocrx_word' id='word_1_437' title='bbox 3324 2602 3522 2646; x_wconf 90' lang='lat' dir='ltr'>mora-</span> 
     </span>
     <span class='ocr_line' id='line_1_75' title="bbox 1975 2672 3524 2753; baseline 0.006 -24"><span class='ocrx_word' id='word_1_438' title='bbox 1975 2672 2074 2731; x_wconf 90' lang='lat' dir='ltr'>lia.</span> <span class='ocrx_word' id='word_1_439' title='bbox 2126 2675 2288 2733; x_wconf 89' lang='lat' dir='ltr'>Unde</span> <span class='ocrx_word' id='word_1_440' title='bbox 2327 2675 2539 2735; x_wconf 91' lang='lat' dir='ltr'>dicitur</span> <span class='ocrx_word' id='word_1_441' title='bbox 2585 2678 2660 2734; x_wconf 91' lang='lat' dir='ltr'>de</span> <span class='ocrx_word' id='word_1_442' title='bbox 2705 2677 2991 2753; x_wconf 89' lang='lat' dir='ltr'>sapientia</span> <span class='ocrx_word' id='word_1_443' title='bbox 3035 2678 3079 2716; x_wconf 86' lang='lat'>¹⁰</span> <span class='ocrx_word' id='word_1_444' title='bbox 3127 2697 3142 2735; x_wconf 91' lang='lat'>:</span> <span class='ocrx_word' id='word_1_445' title='bbox 3178 2698 3206 2732; x_wconf 72' lang='lat' dir='ltr'>a</span> <span class='ocrx_word' id='word_1_446' title='bbox 3244 2682 3373 2737; x_wconf 91' lang='lat' dir='ltr'>Non</span> <span class='ocrx_word' id='word_1_447' title='bbox 3419 2681 3524 2739; x_wconf 90' lang='lat' dir='ltr'>ad-</span> 
     </span>
     <span class='ocr_line' id='line_1_76' title="bbox 1976 2764 3523 2839; baseline 0.006 -19"><span class='ocrx_word' id='word_1_448' title='bbox 1976 2764 2308 2839; x_wconf 73' lang='lat' dir='ltr'>aequabitur</span> <span class='ocrx_word' id='word_1_449' title='bbox 2354 2766 2408 2824; x_wconf 92' lang='lat' dir='ltr'>ei</span> <span class='ocrx_word' id='word_1_450' title='bbox 2463 2783 2712 2839; x_wconf 81' lang='lat' dir='ltr'>aurum3</span> <span class='ocrx_word' id='word_1_451' title='bbox 2741 2787 2770 2823; x_wconf 70' lang='lat' dir='ltr'><strong>n</strong></span> <span class='ocrx_word' id='word_1_452' title='bbox 2819 2771 2875 2825; x_wconf 91' lang='lat' dir='ltr'>et</span> <span class='ocrx_word' id='word_1_453' title='bbox 2913 2767 3111 2826; x_wconf 80' lang='lat' dir='ltr'>infra:</span> <span class='ocrx_word' id='word_1_454' title='bbox 3170 2790 3198 2821; x_wconf 88' lang='lat'>«</span> <span class='ocrx_word' id='word_1_455' title='bbox 3242 2772 3370 2828; x_wconf 87' lang='lat' dir='ltr'>Non</span> <span class='ocrx_word' id='word_1_456' title='bbox 3414 2771 3523 2828; x_wconf 91' lang='lat' dir='ltr'>ad-</span> 
     </span>
     <span class='ocr_line' id='line_1_77' title="bbox 1977 2857 3520 2937; baseline 0.006 -24"><span class='ocrx_word' id='word_1_457' title='bbox 1977 2857 2310 2931; x_wconf 67' lang='lat' dir='ltr'>aequabitur</span> <span class='ocrx_word' id='word_1_458' title='bbox 2338 2860 2393 2918; x_wconf 90' lang='lat' dir='ltr'>ei</span> <span class='ocrx_word' id='word_1_459' title='bbox 2437 2860 2701 2935; x_wconf 88' lang='lat' dir='ltr'>topazius</span> <span class='ocrx_word' id='word_1_460' title='bbox 2742 2861 2816 2918; x_wconf 90' lang='lat' dir='ltr'>de</span> <span class='ocrx_word' id='word_1_461' title='bbox 2856 2861 3156 2937; x_wconf 80' lang='lat' dir='ltr'>AEthiopia.</span> <span class='ocrx_word' id='word_1_462' title='bbox 3205 2882 3235 2918; x_wconf 63' lang='grc' dir='ltr'><strong>ν</strong></span> <span class='ocrx_word' id='word_1_463' title='bbox 3267 2867 3335 2921; x_wconf 89' lang='lat' dir='ltr'>Et</span> <span class='ocrx_word' id='word_1_464' title='bbox 3357 2869 3520 2936; x_wconf 88' lang='lat' dir='ltr'>nota,</span> 
     </span>
     <span class='ocr_line' id='line_1_78' title="bbox 1979 2952 3522 3030; baseline 0.005 -21"><span class='ocrx_word' id='word_1_465' title='bbox 1979 2952 2148 3025; x_wconf 89' lang='lat' dir='ltr'>quod</span> <span class='ocrx_word' id='word_1_466' title='bbox 2189 2952 2337 3011; x_wconf 87' lang='lat' dir='ltr'>sicut</span> <span class='ocrx_word' id='word_1_467' title='bbox 2361 2953 2577 3027; x_wconf 88' lang='lat' dir='ltr'>legitur</span> <span class='ocrx_word' id='word_1_468' title='bbox 2605 2955 2665 3012; x_wconf 94' lang='lat' dir='ltr'>in</span> <span class='ocrx_word' id='word_1_469' title='bbox 2706 2956 3032 3030; x_wconf 87' lang='lat' dir='ltr'>Scriptura,</span> <span class='ocrx_word' id='word_1_470' title='bbox 3063 2956 3227 3015; x_wconf 90' lang='lat' dir='ltr'>bona</span> <span class='ocrx_word' id='word_1_471' title='bbox 3268 2959 3522 3017; x_wconf 91' lang='lat' dir='ltr'>moralia</span> 
     </span>
     <span class='ocr_line' id='line_1_79' title="bbox 1977 3047 3548 3127; baseline 0.007 -26"><span class='ocrx_word' id='word_1_472' title='bbox 1977 3049 2116 3103; x_wconf 91' lang='lat' dir='ltr'>sunt</span> <span class='ocrx_word' id='word_1_473' title='bbox 2143 3062 2290 3106; x_wconf 90' lang='lat' dir='ltr'>auro</span> <span class='ocrx_word' id='word_1_474' title='bbox 2320 3047 2660 3120; x_wconf 89' lang='lat' dir='ltr'>superiora,</span> <span class='ocrx_word' id='word_1_475' title='bbox 2687 3047 2966 3122; x_wconf 90' lang='lat' dir='ltr'>meliora,</span> <span class='ocrx_word' id='word_1_476' title='bbox 2998 3053 3055 3108; x_wconf 89' lang='lat' dir='ltr'>et</span> <span class='ocrx_word' id='word_1_477' title='bbox 3082 3051 3348 3126; x_wconf 88' lang='lat' dir='ltr'>utiliora,</span> <span class='ocrx_word' id='word_1_478' title='bbox 3380 3053 3548 3127; x_wconf 68' lang='lat' dir='ltr'>quia⁴</span> 
     </span>
     <span class='ocr_line' id='line_1_80' title="bbox 1976 3139 3520 3221; baseline 0.005 -25"><span class='ocrx_word' id='word_1_479' title='bbox 1976 3139 2166 3212; x_wconf 87' lang='lat' dir='ltr'>gratia</span> <span class='ocrx_word' id='word_1_480' title='bbox 2201 3141 2570 3200; x_wconf 81' lang='lat' dir='ltr'>verecundiae</span> <span class='ocrx_word' id='word_1_481' title='bbox 2612 3143 2922 3217; x_wconf 89' lang='lat' dir='ltr'>superior,</span> <span class='ocrx_word' id='word_1_482' title='bbox 2949 3144 3237 3219; x_wconf 89' lang='lat' dir='ltr'>sapientia</span> <span class='ocrx_word' id='word_1_483' title='bbox 3270 3147 3520 3221; x_wconf 90' lang='lat' dir='ltr'>melior,</span> 
     </span>
     <span class='ocr_line' id='line_1_81' title="bbox 1977 3235 3517 3315; baseline 0.004 -23"><span class='ocrx_word' id='word_1_484' title='bbox 1977 3235 2354 3293; x_wconf 84' lang='lat' dir='ltr'>observantia</span> <span class='ocrx_word' id='word_1_485' title='bbox 2388 3237 2809 3295; x_wconf 89' lang='lat' dir='ltr'>mandatorum</span> <span class='ocrx_word' id='word_1_486' title='bbox 2835 3238 3050 3297; x_wconf 88' lang='lat' dir='ltr'>utilior.</span> <span class='ocrx_word' id='word_1_487' title='bbox 3081 3243 3159 3298; x_wconf 87' lang='lat' dir='ltr'>De</span> <span class='ocrx_word' id='word_1_488' title='bbox 3195 3240 3389 3315; x_wconf 90' lang='lat' dir='ltr'>primo</span> <span class='ocrx_word' id='word_1_489' title='bbox 3427 3242 3464 3279; x_wconf 86' lang='lat'>¹¹</span> <span class='ocrx_word' id='word_1_490' title='bbox 3501 3260 3517 3298; x_wconf 93' lang='lat'>:</span> 
     </span>
     <span class='ocr_line' id='line_1_82' title="bbox 1982 3329 3516 3410; baseline 0.007 -27"><span class='ocrx_word' id='word_1_491' title='bbox 1982 3349 2009 3381; x_wconf 90' lang='lat'>«</span> <span class='ocrx_word' id='word_1_492' title='bbox 2044 3329 2176 3386; x_wconf 88' lang='lat' dir='ltr'>Noli</span> <span class='ocrx_word' id='word_1_493' title='bbox 2223 3329 2523 3388; x_wconf 87' lang='lat' dir='ltr'>discedere</span> <span class='ocrx_word' id='word_1_494' title='bbox 2567 3348 2603 3388; x_wconf 92' lang='lat' dir='ltr'>a</span> <span class='ocrx_word' id='word_1_495' title='bbox 2653 3332 2901 3391; x_wconf 90' lang='lat' dir='ltr'>muliere</span> <span class='ocrx_word' id='word_1_496' title='bbox 2942 3337 3174 3392; x_wconf 89' lang='lat' dir='ltr'>sensata</span> <span class='ocrx_word' id='word_1_497' title='bbox 3217 3339 3274 3393; x_wconf 91' lang='lat' dir='ltr'>et</span> <span class='ocrx_word' id='word_1_498' title='bbox 3315 3336 3516 3410; x_wconf 90' lang='lat' dir='ltr'>bona,</span> 
     </span>
     <span class='ocr_line' id='line_1_83' title="bbox 1977 3424 3521 3505; baseline 0.007 -27"><span class='ocrx_word' id='word_1_499' title='bbox 1977 3438 2161 3495; x_wconf 88' lang='lat' dir='ltr'>quam</span> <span class='ocrx_word' id='word_1_500' title='bbox 2206 3424 2443 3481; x_wconf 85' lang='lat' dir='ltr'>sortitus</span> <span class='ocrx_word' id='word_1_501' title='bbox 2487 3441 2548 3481; x_wconf 90' lang='lat' dir='ltr'>es</span> <span class='ocrx_word' id='word_1_502' title='bbox 2597 3425 2658 3483; x_wconf 93' lang='lat' dir='ltr'>in</span> <span class='ocrx_word' id='word_1_503' title='bbox 2719 3425 2928 3485; x_wconf 89' lang='lat' dir='ltr'>timore</span> <span class='ocrx_word' id='word_1_504' title='bbox 2973 3428 3203 3486; x_wconf 90' lang='lat' dir='ltr'>Domini</span> <span class='ocrx_word' id='word_1_505' title='bbox 3260 3447 3274 3486; x_wconf 74' lang='grc' dir='ltr'><strong><em>ε</em></strong></span> <span class='ocrx_word' id='word_1_506' title='bbox 3332 3430 3521 3505; x_wconf 85' lang='lat' dir='ltr'>gratia</span> 
     </span>
     <span class='ocr_line' id='line_1_84' title="bbox 1976 3519 3518 3598; baseline 0.006 -23"><span class='ocrx_word' id='word_1_507' title='bbox 1976 3519 2135 3575; x_wconf 90' lang='lat' dir='ltr'>enim</span> <span class='ocrx_word' id='word_1_508' title='bbox 2184 3520 2555 3577; x_wconf 60' lang='lat' dir='ltr'>verecundiae</span> <span class='ocrx_word' id='word_1_509' title='bbox 2604 3520 2761 3578; x_wconf 89' lang='lat' dir='ltr'>illius</span> <span class='ocrx_word' id='word_1_510' title='bbox 2807 3539 2984 3598; x_wconf 86' lang='lat' dir='ltr'>super</span> <span class='ocrx_word' id='word_1_511' title='bbox 3024 3539 3234 3581; x_wconf 90' lang='lat' dir='ltr'>aurum</span> <span class='ocrx_word' id='word_1_512' title='bbox 3277 3544 3350 3582; x_wconf 78' lang='lat' dir='ltr'>z»</span> <span class='ocrx_word' id='word_1_513' title='bbox 3386 3542 3518 3584; x_wconf 88' lang='lat' dir='ltr'>ecce</span> 
     </span>
     <span class='ocr_line' id='line_1_85' title="bbox 1976 3615 3518 3693; baseline 0.005 -21"><span class='ocrx_word' id='word_1_514' title='bbox 1976 3615 2165 3687; x_wconf 86' lang='lat' dir='ltr'>gratia</span> <span class='ocrx_word' id='word_1_515' title='bbox 2187 3616 2556 3674; x_wconf 73' lang='lat' dir='ltr'>verecundiae</span> <span class='ocrx_word' id='word_1_516' title='bbox 2577 3631 2723 3674; x_wconf 90' lang='lat' dir='ltr'>auro</span> <span class='ocrx_word' id='word_1_517' title='bbox 2742 3618 3030 3693; x_wconf 91' lang='lat' dir='ltr'>superior.</span> <span class='ocrx_word' id='word_1_518' title='bbox 3055 3621 3132 3676; x_wconf 90' lang='lat' dir='ltr'>De</span> <span class='ocrx_word' id='word_1_519' title='bbox 3148 3620 3410 3679; x_wconf 89' lang='lat' dir='ltr'>secundo</span> <span class='ocrx_word' id='word_1_520' title='bbox 3434 3624 3477 3658; x_wconf 85' lang='lat'>¹²</span> <span class='ocrx_word' id='word_1_521' title='bbox 3501 3640 3518 3679; x_wconf 90' lang='lat'>:</span> 
     </span>
     <span class='ocr_line' id='line_1_86' title="bbox 1980 3709 3512 3785; baseline 0.003 -20"><span class='ocrx_word' id='word_1_522' title='bbox 1980 3731 2007 3762; x_wconf 75' lang='grc' dir='ltr'><strong>α</strong></span> <span class='ocrx_word' id='word_1_523' title='bbox 2037 3709 2274 3768; x_wconf 90' lang='lat' dir='ltr'>Posside</span> <span class='ocrx_word' id='word_1_524' title='bbox 2301 3709 2682 3785; x_wconf 89' lang='lat' dir='ltr'>sapientiam,</span> <span class='ocrx_word' id='word_1_525' title='bbox 2715 3711 2858 3785; x_wconf 91' lang='lat' dir='ltr'>quia</span> <span class='ocrx_word' id='word_1_526' title='bbox 2898 3728 3046 3770; x_wconf 91' lang='lat' dir='ltr'>auro</span> <span class='ocrx_word' id='word_1_527' title='bbox 3081 3713 3293 3772; x_wconf 84' lang='lat' dir='ltr'>melior</span> <span class='ocrx_word' id='word_1_528' title='bbox 3322 3718 3408 3772; x_wconf 90' lang='lat' dir='ltr'>est</span> <span class='ocrx_word' id='word_1_529' title='bbox 3437 3734 3451 3771; x_wconf 90' lang='lat'>:</span> <span class='ocrx_word' id='word_1_530' title='bbox 3484 3738 3512 3769; x_wconf 83' lang='lat'>»</span> 
     </span>
     <span class='ocr_line' id='line_1_87' title="bbox 1974 3805 3513 3881; baseline 0.005 -21"><span class='ocrx_word' id='word_1_531' title='bbox 1974 3820 2111 3863; x_wconf 88' lang='lat' dir='ltr'>ecce</span> <span class='ocrx_word' id='word_1_532' title='bbox 2140 3806 2430 3881; x_wconf 89' lang='lat' dir='ltr'>sapientia</span> <span class='ocrx_word' id='word_1_533' title='bbox 2444 3821 2594 3864; x_wconf 91' lang='lat' dir='ltr'>auro</span> <span class='ocrx_word' id='word_1_534' title='bbox 2623 3805 2856 3864; x_wconf 86' lang='lat' dir='ltr'>melior.</span> <span class='ocrx_word' id='word_1_535' title='bbox 2877 3809 2955 3865; x_wconf 90' lang='lat' dir='ltr'>De</span> <span class='ocrx_word' id='word_1_536' title='bbox 2982 3808 3152 3866; x_wconf 88' lang='lat' dir='ltr'>tertio</span> <span class='ocrx_word' id='word_1_537' title='bbox 3182 3807 3226 3845; x_wconf 85' lang='lat'>¹³</span> <span class='ocrx_word' id='word_1_538' title='bbox 3256 3827 3272 3866; x_wconf 91' lang='lat'>:</span> <span class='ocrx_word' id='word_1_539' title='bbox 3299 3828 3330 3863; x_wconf 72' lang='lat' dir='ltr'>a</span> <span class='ocrx_word' id='word_1_540' title='bbox 3355 3812 3513 3868; x_wconf 89' lang='lat' dir='ltr'>Pone</span> 
     </span>
     <span class='ocr_line' id='line_1_88' title="bbox 1973 3899 3515 3977; baseline 0.002 -18"><span class='ocrx_word' id='word_1_541' title='bbox 1973 3902 2314 3959; x_wconf 88' lang='lat' dir='ltr'>thesaurum</span> <span class='ocrx_word' id='word_1_542' title='bbox 2367 3904 2535 3957; x_wconf 91' lang='lat' dir='ltr'>tuum</span> <span class='ocrx_word' id='word_1_543' title='bbox 2598 3899 2660 3957; x_wconf 90' lang='lat' dir='ltr'>in</span> <span class='ocrx_word' id='word_1_544' title='bbox 2723 3900 3031 3975; x_wconf 73' lang='lat' dir='ltr'>praeceptis</span> <span class='ocrx_word' id='word_1_545' title='bbox 3084 3901 3357 3961; x_wconf 83' lang='lat' dir='ltr'>Altissimi</span> <span class='ocrx_word' id='word_1_546' title='bbox 3382 3923 3402 3977; x_wconf 74' lang='grc' dir='ltr'><strong><em>ς</em></strong></span> <span class='ocrx_word' id='word_1_547' title='bbox 3459 3908 3515 3962; x_wconf 91' lang='lat' dir='ltr'>et</span> 
     </span>
     <span class='ocr_line' id='line_1_89' title="bbox 1972 3993 3512 4071; baseline 0.001 -18"><span class='ocrx_word' id='word_1_548' title='bbox 1972 3994 2240 4070; x_wconf 87' lang='lat' dir='ltr'>proderit</span> <span class='ocrx_word' id='word_1_549' title='bbox 2264 3993 2372 4052; x_wconf 88' lang='lat' dir='ltr'>tibi</span> <span class='ocrx_word' id='word_1_550' title='bbox 2398 3993 2608 4067; x_wconf 80' lang='lat' dir='ltr'>magiS,</span> <span class='ocrx_word' id='word_1_551' title='bbox 2638 4010 2821 4068; x_wconf 91' lang='lat' dir='ltr'>quam</span> <span class='ocrx_word' id='word_1_552' title='bbox 2849 4010 3062 4052; x_wconf 91' lang='lat' dir='ltr'>aurum</span> <span class='ocrx_word' id='word_1_553' title='bbox 3094 4014 3110 4052; x_wconf 93' lang='lat'>:</span> <span class='ocrx_word' id='word_1_554' title='bbox 3140 4016 3169 4051; x_wconf 71' lang='lat' dir='ltr'>n</span> <span class='ocrx_word' id='word_1_555' title='bbox 3204 4012 3336 4055; x_wconf 89' lang='lat' dir='ltr'>ecce</span> <span class='ocrx_word' id='word_1_556' title='bbox 3364 4012 3512 4071; x_wconf 83' lang='lat' dir='ltr'>prae-</span> 
     </span>
     <span class='ocr_line' id='line_1_90' title="bbox 1974 4087 3103 4164; baseline 0 -18"><span class='ocrx_word' id='word_1_557' title='bbox 1974 4092 2280 4164; x_wconf 88' lang='lat' dir='ltr'>ceptorum</span> <span class='ocrx_word' id='word_1_558' title='bbox 2311 4087 2690 4146; x_wconf 85' lang='lat' dir='ltr'>observantia</span> <span class='ocrx_word' id='word_1_559' title='bbox 2716 4103 2861 4146; x_wconf 90' lang='lat' dir='ltr'>auro</span> <span class='ocrx_word' id='word_1_560' title='bbox 2890 4088 3103 4148; x_wconf 83' lang='lat' dir='ltr'>utilior.</span> 
     </span>
    </p>
   </div>
   <div class='ocr_carea' id='block_1_18' title="bbox 2611 4250 2868 4316">
    <p class='ocr_par' dir='ltr' id='par_1_18' title="bbox 2611 4250 2868 4316">
     <span class='ocr_line' id='line_1_91' title="bbox 2611 4250 2868 4316; baseline -0.004 -13"><span class='ocrx_word' id='word_1_561' title='bbox 2611 4250 2868 4316; x_wconf 80' lang='lat' dir='ltr'>Epilogus.</span> 
     </span>
    </p>
   </div>
   <div class='ocr_carea' id='block_1_19' title="bbox 1966 4367 3509 5009">
    <p class='ocr_par' dir='ltr' id='par_1_19' title="bbox 1966 4367 3509 5009">
     <span class='ocr_line' id='line_1_92' title="bbox 2043 4367 3506 4444; baseline 0.004 -17"><span class='ocrx_word' id='word_1_562' title='bbox 2043 4367 2362 4427; x_wconf 88' lang='lat' dir='ltr'>Ostendens</span> <span class='ocrx_word' id='word_1_563' title='bbox 2440 4384 2579 4441; x_wconf 88' lang='lat' dir='ltr'>ergo</span> <span class='ocrx_word' id='word_1_564' title='bbox 2660 4368 3155 4444; x_wconf 73' lang='lat' dir='ltr'>psalmographus</span> <span class='ocrx_word' id='word_1_565' title='bbox 3242 4372 3506 4432; x_wconf 84' lang='lat' dir='ltr'>adultam</span> 
     </span>
     <span class='ocr_line' id='line_1_93' title="bbox 1971 4460 3509 4540; baseline 0.005 -21"><span class='ocrx_word' id='word_1_566' title='bbox 1971 4461 2304 4536; x_wconf 82' lang='lat' dir='ltr'>aequitatem</span> <span class='ocrx_word' id='word_1_567' title='bbox 2350 4460 2580 4519; x_wconf 92' lang='lat' dir='ltr'>bonum</span> <span class='ocrx_word' id='word_1_568' title='bbox 2626 4462 2908 4521; x_wconf 87' lang='lat' dir='ltr'>deficiens</span> <span class='ocrx_word' id='word_1_569' title='bbox 2965 4469 3403 4540; x_wconf 88' lang='lat' dir='ltr'>aspernantem,</span> <span class='ocrx_word' id='word_1_570' title='bbox 3452 4473 3509 4526; x_wconf 92' lang='lat' dir='ltr'>et</span> 
     </span>
     <span class='ocr_line' id='line_1_94' title="bbox 1971 4555 3506 4629; baseline 0.004 -16"><span class='ocrx_word' id='word_1_571' title='bbox 1971 4555 2277 4614; x_wconf 88' lang='lat' dir='ltr'>adducens</span> <span class='ocrx_word' id='word_1_572' title='bbox 2313 4555 2638 4629; x_wconf 88' lang='lat' dir='ltr'>quamdam</span> <span class='ocrx_word' id='word_1_573' title='bbox 2669 4556 2885 4615; x_wconf 89' lang='lat' dir='ltr'>virium</span> <span class='ocrx_word' id='word_1_574' title='bbox 2911 4557 3227 4618; x_wconf 87' lang='lat' dir='ltr'>trinitatem</span> <span class='ocrx_word' id='word_1_575' title='bbox 3258 4560 3323 4618; x_wconf 88' lang='lat' dir='ltr'>in</span> <span class='ocrx_word' id='word_1_576' title='bbox 3352 4560 3506 4620; x_wconf 89' lang='lat' dir='ltr'>hanc</span> 
     </span>
     <span class='ocr_line' id='line_1_95' title="bbox 1968 4650 3506 4730; baseline 0.003 -21"><span class='ocrx_word' id='word_1_577' title='bbox 1968 4650 2315 4709; x_wconf 89' lang='lat' dir='ltr'>sententiam</span> <span class='ocrx_word' id='word_1_578' title='bbox 2355 4653 2832 4725; x_wconf 89' lang='lat' dir='ltr'>concurrentem,</span> <span class='ocrx_word' id='word_1_579' title='bbox 2860 4652 2941 4711; x_wconf 92' lang='lat' dir='ltr'>ait</span> <span class='ocrx_word' id='word_1_580' title='bbox 2979 4673 2992 4711; x_wconf 94' lang='lat'>:</span> <span class='ocrx_word' id='word_1_581' title='bbox 3028 4653 3189 4729; x_wconf 78' lang='lat' dir='ltr'>Iden,</span> <span class='ocrx_word' id='word_1_582' title='bbox 3217 4658 3506 4730; x_wconf 88' lang='lat' dir='ltr'>quantum</span> 
     </span>
     <span class='ocr_line' id='line_1_96' title="bbox 1968 4743 3506 4825; baseline 0.003 -22"><span class='ocrx_word' id='word_1_583' title='bbox 1968 4745 2048 4803; x_wconf 91' lang='lat' dir='ltr'>ad</span> <span class='ocrx_word' id='word_1_584' title='bbox 2087 4743 2415 4802; x_wconf 86' lang='lat' dir='ltr'>intellectus</span> <span class='ocrx_word' id='word_1_585' title='bbox 2458 4743 2986 4804; x_wconf 90' lang='lat' dir='ltr'>considerationem</span> <span class='ocrx_word' id='word_1_586' title='bbox 3003 4767 3022 4818; x_wconf 84' lang='lat'><em>3</em></span> <span class='ocrx_word' id='word_1_587' title='bbox 3063 4751 3279 4823; x_wconf 69' lang='lat' dir='ltr'>Dite-vi,</span> <span class='ocrx_word' id='word_1_588' title='bbox 3316 4765 3506 4825; x_wconf 91' lang='lat' dir='ltr'>quan-</span> 
     </span>
     <span class='ocr_line' id='line_1_97' title="bbox 1966 4837 3507 4916; baseline 0.003 -20"><span class='ocrx_word' id='word_1_589' title='bbox 1966 4844 2094 4897; x_wconf 91' lang='lat' dir='ltr'>tum</span> <span class='ocrx_word' id='word_1_590' title='bbox 2121 4839 2202 4896; x_wconf 92' lang='lat' dir='ltr'>ad</span> <span class='ocrx_word' id='word_1_591' title='bbox 2246 4838 2486 4897; x_wconf 84' lang='lat' dir='ltr'>effectus</span> <span class='ocrx_word' id='word_1_592' title='bbox 2514 4837 3034 4916; x_wconf 87' lang='lat' dir='ltr'>desiderationem3</span> <span class='ocrx_word' id='word_1_593' title='bbox 3074 4843 3342 4901; x_wconf 76' lang='lat' dir='ltr'>Mandata</span> <span class='ocrx_word' id='word_1_594' title='bbox 3376 4847 3507 4913; x_wconf 82' lang='lat' dir='ltr'>tua,</span> 
     </span>
     <span class='ocr_line' id='line_1_98' title="bbox 1968 4931 3508 5009; baseline 0.003 -19"><span class='ocrx_word' id='word_1_595' title='bbox 1968 4936 2257 5008; x_wconf 90' lang='lat' dir='ltr'>quantum</span> <span class='ocrx_word' id='word_1_596' title='bbox 2286 4931 2364 4990; x_wconf 90' lang='lat' dir='ltr'>ad</span> <span class='ocrx_word' id='word_1_597' title='bbox 2390 4931 2630 4991; x_wconf 85' lang='lat' dir='ltr'>effectus</span> <span class='ocrx_word' id='word_1_598' title='bbox 2659 4935 3094 5009; x_wconf 81' lang='lat' dir='ltr'>operationem3</span> <span class='ocrx_word' id='word_1_599' title='bbox 3114 4938 3287 5009; x_wconf 75' lang='lat' dir='ltr'>Super</span> <span class='ocrx_word' id='word_1_600' title='bbox 3313 4954 3508 4995; x_wconf 73' lang='lat' dir='ltr'>aarum</span> 
     </span>
    </p>
   </div>
   <div class='ocr_carea' id='block_1_20' title="bbox 1965 5131 3513 5483">
    <p class='ocr_par' dir='ltr' id='par_1_20' title="bbox 1965 5131 3513 5483">
     <span class='ocr_line' id='line_1_99' title="bbox 2032 5131 3511 5199; baseline 0.005 -18"><span class='ocrx_word' id='word_1_601' title='bbox 2032 5134 2046 5166; x_wconf 90' lang='lat'>¹</span> <span class='ocrx_word' id='word_1_602' title='bbox 2080 5132 2209 5181; x_wconf 75' lang='lat' dir='ltr'>Psal.</span> <span class='ocrx_word' id='word_1_603' title='bbox 2249 5143 2422 5196; x_wconf 74' lang='lat' dir='ltr'>Lxxn,</span> <span class='ocrx_word' id='word_1_604' title='bbox 2455 5134 2502 5181; x_wconf 86' lang='grc'>6.</span> <span class='ocrx_word' id='word_1_605' title='bbox 2532 5156 2596 5167; x_wconf 88' lang='lat'>—-</span> <span class='ocrx_word' id='word_1_606' title='bbox 2630 5131 2653 5164; x_wconf 80' lang='lat'><strong>¹</strong></span> <span class='ocrx_word' id='word_1_607' title='bbox 2681 5131 2811 5182; x_wconf 81' lang='lat' dir='ltr'>Psal.</span> <span class='ocrx_word' id='word_1_608' title='bbox 2852 5145 2897 5196; x_wconf 87' lang='lat'>1,</span> <span class='ocrx_word' id='word_1_609' title='bbox 2931 5137 2979 5184; x_wconf 88' lang='lat'>5.</span> <span class='ocrx_word' id='word_1_610' title='bbox 3009 5160 3073 5171; x_wconf 88' lang='lat'>—-</span> <span class='ocrx_word' id='word_1_611' title='bbox 3106 5134 3128 5169; x_wconf 79' lang='lat'>³</span> <span class='ocrx_word' id='word_1_612' title='bbox 3155 5135 3296 5199; x_wconf 65' lang='lat' dir='ltr'>Sap„</span> <span class='ocrx_word' id='word_1_613' title='bbox 3339 5148 3395 5199; x_wconf 82' lang='lat' dir='ltr'>v,</span> <span class='ocrx_word' id='word_1_614' title='bbox 3434 5142 3511 5199; x_wconf 85' lang='grc'>16,</span> 
     </span>
     <span class='ocr_line' id='line_1_100' title="bbox 1971 5201 3512 5273; baseline 0.003 -19"><span class='ocrx_word' id='word_1_615' title='bbox 1971 5207 2045 5254; x_wconf 82' lang='grc' dir='ltr'>Π.</span> <span class='ocrx_word' id='word_1_616' title='bbox 2067 5230 2130 5241; x_wconf 93' lang='lat'><em>-</em></span> <span class='ocrx_word' id='word_1_617' title='bbox 2155 5201 2177 5236; x_wconf 62' lang='grc' dir='ltr'>δ</span> <span class='ocrx_word' id='word_1_618' title='bbox 2205 5203 2371 5263; x_wconf 73' lang='grc' dir='ltr'><strong>Ρνου.,</strong></span> <span class='ocrx_word' id='word_1_619' title='bbox 2399 5213 2530 5263; x_wconf 84' lang='lat' dir='ltr'>xxu,</span> <span class='ocrx_word' id='word_1_620' title='bbox 2561 5206 2641 5251; x_wconf 83' lang='grc'>11.</span> <span class='ocrx_word' id='word_1_621' title='bbox 2668 5229 2732 5240; x_wconf 88' lang='lat'>—-</span> <span class='ocrx_word' id='word_1_622' title='bbox 2758 5205 2780 5238; x_wconf 80' lang='lat'>⁸</span> <span class='ocrx_word' id='word_1_623' title='bbox 2808 5203 2983 5266; x_wconf 70' lang='lat' dir='ltr'>Eccli„</span> <span class='ocrx_word' id='word_1_624' title='bbox 3015 5216 3085 5269; x_wconf 77' lang='lat' dir='ltr'>iv,</span> <span class='ocrx_word' id='word_1_625' title='bbox 3111 5207 3188 5258; x_wconf 83' lang='grc'>13.</span> <span class='ocrx_word' id='word_1_626' title='bbox 3212 5232 3275 5245; x_wconf 93' lang='grc'><strong>-</strong></span> <span class='ocrx_word' id='word_1_627' title='bbox 3302 5209 3322 5238; x_wconf 78' lang='lat'><em>⁰</em></span> <span class='ocrx_word' id='word_1_628' title='bbox 3342 5208 3512 5273; x_wconf 68' lang='lat' dir='ltr'>Prov„</span> 
     </span>
     <span class='ocr_line' id='line_1_101' title="bbox 1965 5273 3513 5342; baseline 0.005 -17"><span class='ocrx_word' id='word_1_629' title='bbox 1965 5287 2063 5339; x_wconf 72' lang='grc' dir='ltr'>ιιι,</span> <span class='ocrx_word' id='word_1_630' title='bbox 2103 5279 2148 5324; x_wconf 82' lang='grc'>1.</span> <span class='ocrx_word' id='word_1_631' title='bbox 2171 5301 2232 5313; x_wconf 89' lang='grc'><strong>-</strong></span> <span class='ocrx_word' id='word_1_632' title='bbox 2260 5277 2276 5304; x_wconf 88' lang='lat'>⁷</span> <span class='ocrx_word' id='word_1_633' title='bbox 2305 5273 2447 5324; x_wconf 80' lang='lat' dir='ltr'>Psal.</span> <span class='ocrx_word' id='word_1_634' title='bbox 2475 5274 2596 5334; x_wconf 86' lang='lat' dir='ltr'>hoc,</span> <span class='ocrx_word' id='word_1_635' title='bbox 2626 5276 2706 5324; x_wconf 80' lang='lat'>32.</span> <span class='ocrx_word' id='word_1_636' title='bbox 2730 5301 2793 5313; x_wconf 93' lang='grc'>-</span> <span class='ocrx_word' id='word_1_637' title='bbox 2822 5275 2846 5309; x_wconf 79' lang='lat'><strong>⁸</strong></span> <span class='ocrx_word' id='word_1_638' title='bbox 2870 5275 3019 5339; x_wconf 68' lang='lat' dir='ltr'>ibid„</span> <span class='ocrx_word' id='word_1_639' title='bbox 3050 5278 3209 5328; x_wconf 83' lang='lat'>60.—</span> <span class='ocrx_word' id='word_1_640' title='bbox 3235 5279 3254 5308; x_wconf 79' lang='lat'>⁸</span> <span class='ocrx_word' id='word_1_641' title='bbox 3281 5279 3298 5327; x_wconf 90' lang='lat'>1</span> <span class='ocrx_word' id='word_1_642' title='bbox 3326 5279 3513 5342; x_wconf 69' lang='lat' dir='ltr'>Maeli„</span> 
     </span>
     <span class='ocr_line' id='line_1_102' title="bbox 1967 5345 3505 5413; baseline 0.005 -19"><span class='ocrx_word' id='word_1_643' title='bbox 1967 5360 2079 5411; x_wconf 76' lang='lat' dir='ltr'>vni,</span> <span class='ocrx_word' id='word_1_644' title='bbox 2110 5350 2188 5397; x_wconf 83' lang='lat'>28.</span> <span class='ocrx_word' id='word_1_645' title='bbox 2213 5372 2275 5383; x_wconf 93' lang='lat'>—-</span> <span class='ocrx_word' id='word_1_646' title='bbox 2307 5348 2346 5379; x_wconf 79' lang='lat'>¹·</span> <span class='ocrx_word' id='word_1_647' title='bbox 2371 5345 2482 5406; x_wconf 74' lang='lat' dir='ltr'>lob,</span> <span class='ocrx_word' id='word_1_648' title='bbox 2511 5356 2701 5405; x_wconf 76' lang='lat' dir='ltr'>xxvm,</span> <span class='ocrx_word' id='word_1_649' title='bbox 2738 5350 2815 5411; x_wconf 81' lang='lat'>17,</span> <span class='ocrx_word' id='word_1_650' title='bbox 2852 5349 2929 5398; x_wconf 81' lang='grc'>19.</span> <span class='ocrx_word' id='word_1_651' title='bbox 2950 5371 3011 5384; x_wconf 92' lang='lat'>——</span> <span class='ocrx_word' id='word_1_652' title='bbox 3043 5347 3278 5413; x_wconf 76' lang='lat' dir='ltr'>¹¹Eec11&#39;.,</span> <span class='ocrx_word' id='word_1_653' title='bbox 3309 5360 3400 5413; x_wconf 81' lang='lat' dir='ltr'>vn,</span> <span class='ocrx_word' id='word_1_654' title='bbox 3429 5355 3505 5404; x_wconf 79' lang='lat'>21.</span> 
     </span>
     <span class='ocr_line' id='line_1_103' title="bbox 1968 5418 3159 5483; baseline 0.005 -16"><span class='ocrx_word' id='word_1_655' title='bbox 1968 5447 2025 5456; x_wconf 96' lang='lat'><strong>—</strong></span> <span class='ocrx_word' id='word_1_656' title='bbox 2058 5421 2096 5455; x_wconf 81' lang='lat'>¹¹</span> <span class='ocrx_word' id='word_1_657' title='bbox 2125 5420 2288 5483; x_wconf 58' lang='lat' dir='ltr'>Prota,</span> <span class='ocrx_word' id='word_1_658' title='bbox 2321 5431 2425 5482; x_wconf 75' lang='lat' dir='ltr'>xvi,</span> <span class='ocrx_word' id='word_1_659' title='bbox 2459 5420 2535 5469; x_wconf 87' lang='grc'>16.</span> <span class='ocrx_word' id='word_1_660' title='bbox 2566 5444 2626 5456; x_wconf 90' lang='grc'><strong>-</strong></span> <span class='ocrx_word' id='word_1_661' title='bbox 2657 5418 2693 5448; x_wconf 80' lang='lat'>¹³</span> <span class='ocrx_word' id='word_1_662' title='bbox 2724 5418 2900 5481; x_wconf 72' lang='lat' dir='ltr'>Eccli„</span> <span class='ocrx_word' id='word_1_663' title='bbox 2927 5430 3051 5483; x_wconf 83' lang='lat' dir='ltr'>xxx,</span> <span class='ocrx_word' id='word_1_664' title='bbox 3085 5422 3159 5473; x_wconf 76' lang='lat'>14.</span> 
     </span>
    </p>
   </div>
   <div class='ocr_carea' id='block_1_21' title="bbox 3197 5517 3267 5578">
    <p class='ocr_par' dir='ltr' id='par_1_21' title="bbox 3197 5517 3267 5578">
     <span class='ocr_line' id='line_1_104' title="bbox 3197 5517 3267 5578; baseline -0.029 0"><span class='ocrx_word' id='word_1_665' title='bbox 3197 5517 3267 5578; x_wconf 77' lang='lat'>31</span> 
     </span>
    </p>
   </div>
  </div>
 </body>
</html>
