4196 6294
615 492 730 554 106

616 625 858 689 duntur
900 642 1087 708 aquae
1126 627 1206 691 ab
1252 628 1433 711 aquis
1459 631 1572 709 (a),
1606 628 1697 692 sic
1736 631 2043 713 purgatio
2086 632 2156 696 in

615 751 786 815 aqua
803 733 964 797 facta
990 734 1260 798 formam
1279 735 1577 817 baptismi
1609 736 1776 817 gerit
1798 739 2155 803 secundum

620 842 881 905 beatum
911 839 1170 906 Petrum
1191 845 1208 879 ¹
1231 890 1252 921 ,
1282 845 1411 906 tam
1442 843 1741 925 baptismi
1774 846 2150 927 sanguiniS,

620 968 815 1031 quam
844 949 1169 1029 fluminis,
1200 968 1396 1031 quam
1422 950 1722 1015 flaminiS.

696 1055 839 1120 Dies
873 1060 1059 1120 terrae
1092 1057 1432 1135 foecundae,
1463 1062 1716 1140 tempus
1747 1061 1961 1141 gentis
1992 1063 2152 1127 elec-

616 1168 731 1242 tae,
758 1181 1000 1228 normae
1024 1163 1174 1227 fidei
1215 1164 1564 1230 catholicae.
1596 1165 1793 1231 Terra
1824 1172 2151 1251 germina·

619 1272 710 1336 vit
737 1271 1095 1349 Abraham,
1137 1274 1202 1334 et
1225 1271 1549 1335 Abraham
1577 1271 1750 1337 Isaac
1784 1278 2009 1356 genuit
2029 1328 2049 1357 ‚
2094 1283 2158 1343 et

617 1379 790 1444 Isaac
817 1379 1041 1455 Jacob,
1074 1382 1191 1442 etc.
1229 1378 1307 1442 Et
1350 1379 1627 1445 Ecclesia
1670 1400 1965 1448 normam
2009 1386 2157 1451 fidei

615 1489 875 1566 statuit,
921 1489 1273 1553 secundum
1303 1507 1499 1573 quam
1534 1489 1891 1555 -succedunt
1939 1492 2158 1559 fideles

613 1594 932 1659 fidelibus.

698 1701 841 1766 Dies
863 1701 1023 1766 lucis
1049 1701 1339 1782 sidereae,
1375 1706 1625 1786 tempus
1659 1704 1827 1787 legis
1860 1708 2115 1773 statutae
2137 1756 2157 1787 ,

619 1815 874 1893 tempus
900 1827 1147 1874 normae
1181 1811 1469 1891 justitiae.
1500 1809 1630 1874 Lex
1665 1813 1838 1876 enim
1869 1814 2162 1880 distincta

620 1919 740 1984 fuit
782 1937 896 2001 per
935 1917 1170 1997 solem,
1220 1917 1475 1995 lunam,
1517 1922 1582 1984 et
1624 1920 1865 1999 stellaS,
1914 1923 2037 1987 hoc
2068 1928 2163 1988 est

620 2026 975 2091 secundum
1010 2026 1209 2090 ritum
1239 2026 1349 2090 Dei
1391 2027 1663 2109 colendi,
1697 2029 1831 2094 sive
1857 2030 1930 2113 (b)
1962 2050 2158 2097 caere-

623 2133 935 2212 moniam,
978 2152 1313 2199 censuram
1344 2135 1712 2216 judicandi,
1758 2138 2027 2202 formam
2067 2142 2161 2205 vi-

623 2244 844 2323 vendi,
876 2244 1012 2308 sive
1054 2244 1403 2310 secundum
1451 2246 1752 2326 moralia,
1787 2248 2155 2331 judicialia,

625 2351 1136 2416 caeremonialia:
1168 2352 1257 2416 sic
1300 2353 1368 2416 in
1405 2352 1680 2418 Ecclesia
1708 2374 2016 2436 canones3
2050 2359 2164 2423 de-

624 2459 770 2523 inde
791 2458 968 2540 leges
995 2478 1109 2542 per
1133 2459 1166 2525 J
1174 2461 1567 2527 ustinianum
1595 2462 1664 2526 in
1693 2482 1903 2527 unum
1931 2483 2163 2549 corpus

624 2567 924 2645 redactae,
955 2585 1102 2649 quae
1129 2568 1335 2649 primo
1358 2572 1540 2631 erant
1566 2588 1969 2652 paganorum
1986 2623 2004 2653 ,
2033 2576 2162 2638 fac-

624 2678 709 2739 tae
736 2677 888 2737 sunt
914 2673 1415 2739 Christianorum
1438 2696 1454 2755 ;
1486 2679 1548 2740 et
1574 2678 1826 2759 regulae
1856 2682 2162 2746 monasti-

625 2801 717 2846 cae
730 2830 752 2861 ,
783 2786 855 2847 ut
874 2782 1055 2847 ¹beati
1083 2780 1422 2846 Benedicti.
1455 2783 1737 2850 Canones
1782 2790 2167 2870 respondent

624 2890 1208 2970 caeremonialffiuS,
1244 2890 1419 2971 leges
1434 2892 1886 2975 judicialibus,
1918 2915 2166 2962 monas-

623 2998 745 3064 tica
770 2996 1140 3063 moralibus,

700 3106 843 3190 Dies
870 3106 1019 3172 vitae
1047 3106 1336 3186 motivae,
1367 3108 1623 3191 tempus
1643 3111 1880 3193 regalis
1907 3114 2158 3196 gloriae,

619 3219 868 3299 tempus
900 3214 1190 3279 sublimis
1216 3216 1568 3298 cathedrae,
1614 3222 2026 3302 respondent.
2059 3223 2160 3287 Si-

617 3326 725 3389 cut
752 3323 921 3387 enim
968 3342 1098 3387 una
1139 3342 1287 3407 pars
1313 3324 1464 3390 vitae
1492 3327 1753 3393 motivae
1783 3330 1904 3392 suit
1928 3348 2159 3413 repen-

618 3431 817 3509 tium,
848 3428 1047 3494 altera
1073 3430 1470 3509 volatilium;
1502 3432 1590 3495 sic
1617 3433 1687 3497 in
1726 3434 2005 3499 Ecclesia
2031 3455 2166 3501 una

616 3557 766 3623 pars
788 3544 881 3605 est
906 3558 1141 3622 regum
1180 3544 1242 3605 et
1269 3541 1683 3622 pontificum,
1717 3542 1842 3607 alia
1871 3544 2160 3610 subdito-

618 3666 789 3712 rum.

698 3755 842 3819 Dies
868 3756 1173 3820 humanae
1200 3755 1455 3834 formae,
1486 3759 1744 3839 tempus
1793 3759 1969 3823 vocis
2012 3778 2164 3842 pro-

618 3864 884 3948 pheticae
908 3913 924 3944 ,
974 3867 1228 3946 tempus
1272 3864 1462 3928 clarae
1510 3865 1812 3930 doctrinae
1850 3916 1867 3947 ,
1918 3869 1987 3931 in
2035 3887 2165 3950 quo

620 3976 782 4036 esset
827 3971 961 4034 vita
1003 3972 1403 4055 prophetica,
1458 3974 1864 4056 respondent.
1919 3974 1998 4040 Et
2042 3995 2163 4041 ne-

621 4097 789 4144 cesse
818 4079 937 4143 tuit
976 4084 1050 4143 ut
1095 4080 1163 4144 in
1205 4079 1327 4143 hoc
1367 4084 1652 4163 tempore
1698 4081 1950 4147 veniret
1994 4101 2166 4146 unus

621 4187 776 4252 ordo
801 4236 819 4266 ‚
871 4186 1106 4250 scilicet
1157 4187 1416 4251 habitus
1472 4189 1878 4272 propheticus
1939 4191 2166 4255 similis

622 4297 831 4363 ordini
868 4294 1016 4360 Jasu
1061 4295 1340 4375 Cams'n,
1373 4299 1559 4379 quus
1607 4301 2002 4380 caput-esset
2047 4310 2194 4363 an-·

622 4403 837 4488 geluS,
886 4403 1225 4468 ascendens
1269 4404 1349 4467 ab
1394 4407 1541 4468 ortu
1589 4405 1736 4468 solis
1758 4454 1776 4484 ,
1822 4408 2168 4472 conformis

624 4512 909 4577 Cmusro.
941 4510 1020 4576 Et
1045 4512 1178 4576 dixi
1207 4512 1279 4595 (c)
1298 4561 1318 4591 ,
1367 4513 1536 4596 quod
1554 4515 1696 4596 jam
1721 4520 1989 4579 venerat
2032 4517 2168 4580 dies

625 4620 853 4704 quietis
881 4621 1155 4699 sabbati,
1186 4625 1437 4703 tempus
1462 4622 1695 4704 quietis
1725 4622 1976 4702 mediae,
2010 4627 2168 4687 tem-

626 4747 746 4812 pus
791 4729 1021 4812 quietis
1058 4727 1195 4792 sive
1243 4729 1415 4812 pacis
1474 4737 1833 4811 postremae.
1885 4729 2169 4814 Tempus

625 4837 854 4920 quietis
883 4836 1111 4901 mediae
1147 4835 1295 4915 fuit,
1326 4837 1582 4919 quando
1624 4837 1951 4921 prophetae
1996 4839 2161 4902 nihil

626 4945 1054 5025 scripserunt;
1085 4948 1149 5008 et
1174 4947 1329 5008 tunc
1367 4944 1489 5009 fuit
1528 4945 1849 5008 silentium
1880 4946 2162 5030 prophe-

627 5055 874 5130 tarum,
906 5052 1190 5116 medium
1218 5052 1384 5115 inter
1420 5051 1695 5134 primam
1739 5052 2019 5134 quietem
2045 5103 2063 5132 ,
2108 5058 2173 5118 et

630 5157 947 5224 ultimam.
979 5157 1124 5223 Fuit
1158 5160 1350 5224 etiam
1376 5163 1632 5243 tempus
1659 5160 1949 5243 quietum
1966 5210 1991 5241 ,
2016 5161 2171 5244 quia

632 5272 786 5332 tunc
801 5267 872 5330 in
886 5252 1168 5332 maxima
1179 5287 1333 5352 pace
1349 5267 1474 5333 fuit
1487 5269 1767 5333 mundus
1781 5272 1974 5349 totus,
1997 5270 2171 5333 unde

632 5379 698 5440 et
722 5393 837 5458 per
859 5374 1189 5440 duodecim
1218 5392 1422 5440 annos
1451 5375 1761 5459 templum
1791 5375 2010 5441 Romae
2033 5378 2171 5458 ,iam

698 5503 716 5536 ¹
745 5501 762 5552 Ι
793 5491 951 5562 Ρέὶι·υ
980 5511 1063 5566 ιιι,
1094 5503 1174 5551 2¹.
1198 5525 1259 5538 -
1288 5499 1307 5530 ²
1331 5500 1470 5562 Luc..
1500 5511 1561 5563 11,
1593 5504 1636 5551 1.

1658 494 2231 563 ILLUMINATION
2234 496 2328 564 Es
2364 499 2653 568 ECCLES
2684 501 2760 567 AE

2266 635 2553 700 clausum
2581 638 2702 703 fuit
2739 640 2886 704 ante
2926 638 3275 702 adventum
3304 632 3552 699 Cmusn
3573 682 3591 712 ,
3630 631 3806 716 quod

2266 744 2550 826 tempore
2591 745 2741 810 belli
2769 764 3021 829 semper
3047 748 3343 828 apertum
3370 744 3519 822 fuit,
3550 746 3614 806 et
3637 747 3801 806 tem-

2264 869 2420 932 pore
2447 854 2618 934 pacis
2648 853 2960 918 clausum.
2992 851 3172 916 Unde
3200 852 3390 915 etiam
3429 855 3632 934 portae
3661 849 3804 912 rui-

2266 976 2442 1024 nosae
2486 962 2665 1026 factae
2708 966 2880 1027 sunt.
2912 961 3091 1026 Unde
3134 965 3198 1024 et
3240 960 3587 1042 imperator
3607 960 3629 993 ¹
3660 958 3804 1021 des-

2268 1067 2426 1131 cribi
2463 1069 2605 1133 fecit
2650 1071 2971 1134 mundum
3006 1090 3021 1132 :
3053 1072 3117 1131 et
3161 1067 3325 1131 Dans
3365 1065 3646 1149 ponebat
3687 1065 3809 1130 hoc

2268 1174 2337 1236 in
2360 1175 2547 1239 corde
2574 1177 2812 1258 pagani
2834 1224 2854 1255 ,
2886 1179 2961 1240 ut
2991 1174 3454 1239 describeretur
3479 1172 3760 1237 mundus
3781 1220 3801 1251 ,

2267 1285 2340 1345 ut
2368 1282 2563 1363 virgo
2591 1283 2735 1348 ierit
2759 1284 2828 1347 in
2859 1282 3183 1347 Bethleem
3203 1331 3221 1361 ,
3250 1286 3314 1345 et
3341 1281 3430 1344 ibi
3458 1285 3713 1363 pareret
3739 1280 3806 1343 iu

2268 1390 2639 1455 diversorio.
2684 1391 2763 1455 Et
2806 1389 3315 1473 frequentissime
3363 1388 3760 1451 inculcabam
3787 1435 3802 1465 ,

2269 1498 2440 1579 quod
2470 1516 2600 1562 non
2640 1502 2790 1563 sunt
2826 1518 2865 1562 a
2892 1517 3043 1561 casu
3086 1500 3150 1561 et
3188 1514 3227 1559 a
3267 1497 3523 1560 fortuna
3566 1494 3717 1572 ista,
3747 1498 3810 1558 et

2270 1603 2652 1683 consimilia,
2682 1606 2886 1687 posita
2914 1605 2982 1667 in
3008 1604 3364 1686 Scriptura,
3399 1603 3506 1667 sed
3527 1602 3810 1666 maxima

2271 1711 2534 1791 ratione,
2568 1713 2854 1777 maximo
2876 1712 3216 1796 mysteri03
3241 1711 3347 1774 sed
3369 1711 3631 1792 quinon
3658 1726 3807 1772 con-

2271 1818 2526 1898 siderat,
2546 1818 2708 1884 nihil
2725 1819 3048 1900 intelligit.
3075 1819 3221 1883 Fuit
3248 1819 3441 1883 etiam
3461 1835 3593 1881 nox
3611 1817 3675 1879 in
3698 1835 3813 1881 suo

2271 1943 2488 2005 cursu,
2519 1927 2672 2009 quia
2700 1931 2852 1989 tunc
2875 1930 3013 1990 erat
3039 1944 3297 1990 summa
3325 1924 3701 1989 idololatria.

2355 2031 2719 2097 Secundum
2747 2034 2870 2098 hoc
2898 2051 3081 2115 erg0‚
3119 2036 3371 2115 tempus
3395 2034 3645 2095 naturae
3673 2048 3816 2095 con·
3858 2053 4074 2096 matum

2271 2139 2419 2203 ditae
2455 2140 2641 2204 durat
2665 2141 2746 2204 ab
2769 2139 2973 2205 Adam
3000 2158 3206 2223 usque
3237 2140 3318 2204 ad
3342 2138 3494 2204 Noe.

2354 2246 2635 2330 Tempus
2679 2247 2884 2330 culpae
2927 2246 3320 2331 purgandae,
3360 2264 3401 2309 a
3440 2244 3573 2311 Noe
3612 2263 3816 2328 usque

2274 2355 2353 2420 ad
2381 2355 2719 2419 Abraham.

2353 2464 2630 2549 Tempus
2658 2467 2868 2547 gentis
2914 2464 3126 2530 electae
3147 2513 3163 2544 ,
3211 2464 3290 2529 ad
3331 2463 3659 2527 Abraham
3704 2479 3817 2526 us-

2274 2592 2400 2656 que
2425 2573 2504 2638 ad
2530 2573 2816 2656 Moysen.
2847 2573 3059 2654 Elegit
3080 2573 3253 2635 enim
3282 2571 3445 2635 Dssus
3462 2570 3813 2648 Abraham,

2274 2699 2401 2744 non
2422 2681 2566 2760 Lot3
2591 2681 2781 2760 Isaac,
2800 2699 2929 2745 non
2951 2680 3170 2744 ismael
3187 2703 3202 2759 ;
3228 2680 3441 2756 Jacob,
3460 2697 3588 2743 non
3607 2678 3778 2743 Esau
3796 2702 3812 2758 ;

2274 2793 2337 2853 et
2377 2788 2606 2853 Judam
2649 2789 2727 2853 de
2772 2807 2901 2871 quo
2946 2792 3136 2853 natus
3179 2792 3275 2853 est
3311 2787 3610 2853 cmusrus
3633 2835 3654 2866 ,
3684 2806 3819 2853 non

2273 2898 2499 2961 fratres
2525 2897 2702 2960 alioS.

2352 3002 2631 3086 Tempus
2655 3003 2818 3085 legis
2842 3006 3125 3082 statutae,
3159 3023 3198 3067 a
3226 3003 3442 3086 Moyse
3486 3022 3693 3086 usque
3736 3004 3814 3067 ad

2273 3111 2671 3192 Samuelem,
2704 3112 2815 3196 qui
2841 3129 3050 3176 unum
3077 3129 3303 3193 regem
3330 3112 3677 3195 reprobum
3700 3161 3718 3192 ,
3751 3115 3816 3176 et

2273 3223 2473 3287 alium
2501 3222 2772 3284 electum
2807 3220 3173 3283 inunxerat.

2352 3327 2629 3410 Tempus
2673 3326 2914 3407 regalis
2963 3326 3226 3407 gloriae,
3279 3346 3318 3391 a
3372 3326 3570 3391 David
3611 3345 3819 3410 usque

2272 3438 2352 3502 ad
2393 3436 2725 3500 EzechIam
2744 3484 2760 3514 ,
2805 3434 2872 3497 in
2902 3452 3030 3516 quo
3068 3434 3557 3514 transmigratio
3597 3434 3814 3500 decem

2272 3546 2560 3609 tribuum
2591 3542 2754 3606 facta
2783 3546 2900 3606 est.

2353 3651 2632 3734 Tempus
2684 3649 2859 3714 vocis
2913 3648 3303 3730 propheticae
3339 3697 3359 3727 ,
3417 3650 3498 3713 ab
3551 3649 3820 3714 Ezechia

2272 3760 2482 3824 stricte
2504 3757 2843 3840 loquend0‚
2874 3755 3054 3836 large
3096 3756 3177 3819 ab
3218 3756 3388 3835 Ozia,
3424 3757 3537 3840 qui
3577 3758 3698 3822 fuit
3723 3758 3821 3821 le-

2272 3884 2524 3949 prosuS‚
2541 3883 2750 3947 usque
2769 3865 2847 3928 ad
2875 3862 3236 3927 Zorobabel.
3256 3862 3392 3927 Sub
3409 3863 3677 3928 Ezechia
3689 3867 3822 3929 sac-

2274 3978 2416 4037 tum
2443 3977 2537 4036 est
2564 3972 2722 4036 illud
2761 3970 3166 4050 miraculum,
3209 3972 3380 4053 quod
3414 3972 3548 4035 dies
3593 3972 3824 4037 habuit

2273 4081 2538 4162 triginta
2583 4080 2744 4143 duas
2777 4078 2970 4142 horas
3006 4097 3120 4160 per
3162 4079 3598 4143 reversionem
3647 4080 3818 4143 solis.

2354 4186 2631 4270 Tempus
2659 4187 2831 4269 pacis
2855 4190 2920 4250 et
2947 4186 3181 4268 quietis
3202 4233 3219 4262 ,
3251 4204 3290 4248 a
3322 4185 3666 4250 Zorobabel
3708 4204 3822 4250 us-

2273 4314 2401 4379 que
2430 4297 2510 4360 ad
2534 4295 2870 4360 Cnms‘rum.
2920 4293 2994 4358 In
3039 4312 3210 4358 novo
3250 4296 3627 4358 testamento
3668 4299 3823 4359 tem-

2274 4424 2395 4489 pus
2422 4406 2666 4471 collatae
2697 4405 2955 4487 gratiae,
2989 4422 3028 4466 a
3066 4404 3327 4467 Cmusro
3371 4408 3433 4466 et
3460 4404 3775 4487 Apostolis
3799 4453 3819 4484 ,

2276 4512 2866 4596 comprehendendo
2885 4514 3160 4574 mortem
3184 4510 3215 4576 J
3221 4510 3474 4588 oannis,
3503 4529 3708 4595 usque
3734 4512 3815 4576 ad

2275 4620 2664 4686 Clementem
2692 4637 2947 4702 papam.

2354 4728 2632 4811 Tempus
2658 4725 2954 4808 baptismi
2979 4725 3046 4788 in
3071 4724 3415 4806 sanguine,
3435 4745 3474 4789 a
3502 4725 3825 4791 Clemente

2277 4854 2481 4919 usque
2529 4835 2609 4899 ad
2656 4833 3091 4916 Sylvestrum,
3139 4833 3290 4914 quia
3334 4833 3454 4897 sub
3507 4832 3825 4897 Clemente

2277 4943 2536 5027 incoepit
2572 4958 2816 5022 magna
2853 4940 3209 5023 persecutio
3247 4990 3264 5018 ,
3314 4940 3569 5022 quando
3613 4938 3823 5004 Judaei

2278 5050 2518 5115 venditi
2562 5050 2851 5126 fuerunt,
2886 5049 3135 5130 expulsi
3174 5049 3253 5113 de
3294 5046 3689 5111 Hlarusalem
3713 5093 3729 5123 ,
3758 5050 3822 5110 et

2280 5160 2566 5226 Clemens
2589 5157 2826 5220 missus
2856 5161 2950 5220 est
2977 5155 3364 5221 Chersonam
3406 5174 3554 5219 cum
3581 5154 3821 5237 populo

2278 5268 2347 5332 in
2372 5266 2642 5331 exilium
2687 5264 2757 5329 in
2787 5263 3119 5328 Graeciam.
3163 5263 3241 5328 Et
3275 5264 3342 5327 in
3380 5262 3490 5326 illo
3531 5266 3822 5345 tempore

2343 5427 2412 5491 (α)
2444 5426 2567 5477 Coet.
2592 5424 2714 5474 edit.
2742 5425 2983 5477 dividitur
3010 5439 3142 5491 aqua
3169 5424 3332 5490 aquia.
3357 5453 3420 5465 —
3450 5423 3517 5488 (b)
3547 5424 3672 5477 Coet.
3695 5424 3821 5478 edit.

2280 5513 2377 5551 non
2413 5496 2594 5549 habent
2626 5497 3009 5550 caeremoniam.
3037 5524 3097 5537 —
3123 5499 3187 5563 (c)
3217 5496 3341 5548 Coet.
3362 5495 3489 5547 edit.
3516 5495 3661 5547 dixit.

3869 2115 4037 2157 mundi

3860 2177 4052 2221 distino-

3862 2240 3940 2283 tio.
