<?xml version="1.0" encoding="UTF-8"?>
<!DOCTYPE html PUBLIC "-//W3C//DTD XHTML 1.0 Transitional//EN"
    "http://www.w3.org/TR/xhtml1/DTD/xhtml1-transitional.dtd">
<html xmlns="http://www.w3.org/1999/xhtml" xml:lang="en" lang="en">
 <head>
  <title>
</title>
<meta http-equiv="Content-Type" content="text/html;charset=utf-8" />
  <meta name='ocr-system' content='tesseract 3.04.00' />
  <meta name='ocr-capabilities' content='ocr_page ocr_carea ocr_par ocr_line ocrx_word'/>
</head>
<body>
  <div class='ocr_page' id='page_1' title='image "./srecardinalissb00cargoog_0442.png"; bbox 0 0 4196 6294; ppageno 0'>
   <div class='ocr_carea' id='block_1_1' title="bbox 774 501 893 567">
    <p class='ocr_par' dir='ltr' id='par_1_1' title="bbox 774 501 893 567">
     <span class='ocr_line' id='line_1_1' title="bbox 774 501 893 567; baseline -0.017 1"><span class='ocrx_word' id='word_1_1' title='bbox 774 501 893 567; x_wconf 66' lang='lat'>402</span> 
     </span>
    </p>
   </div>
   <div class='ocr_carea' id='block_1_2' title="bbox 774 625 2317 1177">
    <p class='ocr_par' dir='ltr' id='par_1_2' title="bbox 774 625 2317 1177">
     <span class='ocr_line' id='line_1_2' title="bbox 774 625 2312 708; baseline -0.008 -14"><span class='ocrx_word' id='word_1_2' title='bbox 774 637 919 708; x_wconf 89' lang='lat' dir='ltr'>bus,</span> <span class='ocrx_word' id='word_1_3' title='bbox 957 655 985 691; x_wconf 68' lang='lat' dir='ltr'>a</span> <span class='ocrx_word' id='word_1_4' title='bbox 1036 635 1188 692; x_wconf 81' lang='lat' dir='ltr'>sicut</span> <span class='ocrx_word' id='word_1_5' title='bbox 1228 633 1482 707; x_wconf 88' lang='lat' dir='ltr'>legimus</span> <span class='ocrx_word' id='word_1_6' title='bbox 1521 635 1560 688; x_wconf 88' lang='lat'>¹.</span> <span class='ocrx_word' id='word_1_7' title='bbox 1602 633 1821 701; x_wconf 76' lang='lat' dir='ltr'>Quoeris</span> <span class='ocrx_word' id='word_1_8' title='bbox 1862 632 2093 705; x_wconf 70' lang='lat' dir='ltr'>quare?</span> <span class='ocrx_word' id='word_1_9' title='bbox 2137 625 2312 695; x_wconf 83' lang='lat' dir='ltr'><strong>Quia,</strong></span> 
     </span>
     <span class='ocr_line' id='line_1_3' title="bbox 775 720 2314 798; baseline -0.008 -12"><span class='ocrx_word' id='word_1_10' title='bbox 775 730 926 789; x_wconf 88' lang='lat' dir='ltr'>sicut</span> <span class='ocrx_word' id='word_1_11' title='bbox 950 728 1225 787; x_wconf 77' lang='lat' dir='ltr'><strong>scribitur</strong></span> <span class='ocrx_word' id='word_1_12' title='bbox 1250 725 1306 785; x_wconf 80' lang='lat'>¹:</span> <span class='ocrx_word' id='word_1_13' title='bbox 1345 747 1373 781; x_wconf 77' lang='grc' dir='ltr'><strong>α</strong></span> <span class='ocrx_word' id='word_1_14' title='bbox 1398 729 1556 784; x_wconf 88' lang='lat' dir='ltr'>Unus</span> <span class='ocrx_word' id='word_1_15' title='bbox 1580 730 1667 784; x_wconf 90' lang='lat' dir='ltr'>est</span> <span class='ocrx_word' id='word_1_16' title='bbox 1689 725 1990 798; x_wconf 83' lang='lat' dir='ltr'>legislator</span> <span class='ocrx_word' id='word_1_17' title='bbox 2018 726 2076 781; x_wconf 88' lang='lat' dir='ltr'>et</span> <span class='ocrx_word' id='word_1_18' title='bbox 2096 720 2314 795; x_wconf 87' lang='lat' dir='ltr'>judex,</span> 
     </span>
     <span class='ocr_line' id='line_1_4' title="bbox 775 816 2314 898; baseline -0.009 -16"><span class='ocrx_word' id='word_1_19' title='bbox 775 824 882 898; x_wconf 88' lang='lat' dir='ltr'>qui</span> <span class='ocrx_word' id='word_1_20' title='bbox 906 827 1097 898; x_wconf 87' lang='lat' dir='ltr'>potest</span> <span class='ocrx_word' id='word_1_21' title='bbox 1123 821 1372 898; x_wconf 80' lang='lat' dir='ltr'>perdere</span> <span class='ocrx_word' id='word_1_22' title='bbox 1399 823 1457 879; x_wconf 88' lang='lat' dir='ltr'>et</span> <span class='ocrx_word' id='word_1_23' title='bbox 1492 820 1765 879; x_wconf 89' lang='lat' dir='ltr'>liberare.</span> <span class='ocrx_word' id='word_1_24' title='bbox 1796 839 1826 875; x_wconf 68' lang='lat' dir='ltr'>x&gt;</span> <span class='ocrx_word' id='word_1_25' title='bbox 1857 821 1936 876; x_wconf 91' lang='lat' dir='ltr'>De</span> <span class='ocrx_word' id='word_1_26' title='bbox 1962 816 2131 874; x_wconf 88' lang='lat' dir='ltr'>tertio</span> <span class='ocrx_word' id='word_1_27' title='bbox 2162 828 2314 888; x_wconf 91' lang='lat' dir='ltr'>quo-</span> 
     </span>
     <span class='ocr_line' id='line_1_5' title="bbox 776 905 2315 993; baseline -0.009 -17"><span class='ocrx_word' id='word_1_28' title='bbox 776 934 894 993; x_wconf 89' lang='lat' dir='ltr'>que</span> <span class='ocrx_word' id='word_1_29' title='bbox 933 917 1089 976; x_wconf 89' lang='lat' dir='ltr'>canit</span> <span class='ocrx_word' id='word_1_30' title='bbox 1113 917 1172 972; x_wconf 82' lang='lat'>³:</span> <span class='ocrx_word' id='word_1_31' title='bbox 1210 935 1239 970; x_wconf 72' lang='grc' dir='ltr'><strong>α</strong></span> <span class='ocrx_word' id='word_1_32' title='bbox 1265 913 1592 988; x_wconf 86' lang='lat' dir='ltr'>Surgebam</span> <span class='ocrx_word' id='word_1_33' title='bbox 1628 914 1708 972; x_wconf 88' lang='lat' dir='ltr'>ad</span> <span class='ocrx_word' id='word_1_34' title='bbox 1743 910 2147 972; x_wconf 87' lang='lat' dir='ltr'>confitendum</span> <span class='ocrx_word' id='word_1_35' title='bbox 2176 905 2315 976; x_wconf 87' lang='lat' dir='ltr'>tibi,</span> 
     </span>
     <span class='ocr_line' id='line_1_6' title="bbox 775 999 2317 1087; baseline -0.008 -17"><span class='ocrx_word' id='word_1_36' title='bbox 775 1029 953 1087; x_wconf 87' lang='lat' dir='ltr'>super</span> <span class='ocrx_word' id='word_1_37' title='bbox 973 1011 1197 1083; x_wconf 85' lang='lat' dir='ltr'>judicia</span> <span class='ocrx_word' id='word_1_38' title='bbox 1215 1008 1644 1083; x_wconf 88' lang='lat' dir='ltr'>justificationis</span> <span class='ocrx_word' id='word_1_39' title='bbox 1669 1011 1785 1066; x_wconf 78' lang='lat' dir='ltr'>tuae</span> <span class='ocrx_word' id='word_1_40' title='bbox 1811 1027 1825 1065; x_wconf 74' lang='grc' dir='ltr'>ε</span> <span class='ocrx_word' id='word_1_41' title='bbox 1847 1029 1876 1063; x_wconf 71' lang='lat' dir='ltr'>n</span> <span class='ocrx_word' id='word_1_42' title='bbox 1913 1022 2046 1064; x_wconf 86' lang='lat' dir='ltr'>ecce</span> <span class='ocrx_word' id='word_1_43' title='bbox 2070 999 2317 1076; x_wconf 87' lang='lat' dir='ltr'>judicia-</span> 
     </span>
     <span class='ocr_line' id='line_1_7' title="bbox 774 1100 2161 1177; baseline -0.006 -13"><span class='ocrx_word' id='word_1_44' title='bbox 774 1106 862 1164; x_wconf 90' lang='lat' dir='ltr'>les</span> <span class='ocrx_word' id='word_1_45' title='bbox 888 1106 1181 1164; x_wconf 64' lang='lat' dir='ltr'>sententiaa</span> <span class='ocrx_word' id='word_1_46' title='bbox 1207 1122 1245 1164; x_wconf 93' lang='lat' dir='ltr'>a</span> <span class='ocrx_word' id='word_1_47' title='bbox 1273 1120 1507 1162; x_wconf 87' lang='lat' dir='ltr'>summo</span> <span class='ocrx_word' id='word_1_48' title='bbox 1530 1103 1730 1176; x_wconf 72' lang='lat' dir='ltr'>iudice</span> <span class='ocrx_word' id='word_1_49' title='bbox 1756 1100 2161 1177; x_wconf 71' lang='lat' dir='ltr'>promulgatas.</span> 
     </span>
    </p>
   </div>
   <div class='ocr_carea' id='block_1_3' title="bbox 1244 1226 1814 1334">
    <p class='ocr_par' dir='ltr' id='par_1_3' title="bbox 1244 1226 1814 1334">
     <span class='ocr_line' id='line_1_8' title="bbox 1244 1226 1814 1334; baseline -0.004 -16"><span class='ocrx_word' id='word_1_50' title='bbox 1244 1262 1528 1318; x_wconf 80' lang='lat' dir='ltr'>Articulus</span> <span class='ocrx_word' id='word_1_51' title='bbox 1565 1226 1814 1334; x_wconf 72' lang='lat' dir='ltr'>quartus.</span> 
     </span>
    </p>
   </div>
   <div class='ocr_carea' id='block_1_4' title="bbox 771 1377 2323 2516">
    <p class='ocr_par' dir='ltr' id='par_1_4' title="bbox 771 1377 2323 2516">
     <span class='ocr_line' id='line_1_9' title="bbox 845 1377 2317 1460; baseline -0.01 -10"><span class='ocrx_word' id='word_1_52' title='bbox 845 1390 1165 1451; x_wconf 85' lang='lat' dir='ltr'>Efficaciter</span> <span class='ocrx_word' id='word_1_53' title='bbox 1193 1403 1614 1447; x_wconf 89' lang='lat' dir='ltr'>consummans</span> <span class='ocrx_word' id='word_1_54' title='bbox 1639 1382 2034 1460; x_wconf 82' lang='lat' dir='ltr'>justificabitis</span> <span class='ocrx_word' id='word_1_55' title='bbox 2060 1377 2317 1454; x_wconf 88' lang='lat' dir='ltr'>indigni-</span> 
     </span>
     <span class='ocr_line' id='line_1_10' title="bbox 774 1473 2318 1555; baseline -0.011 -9"><span class='ocrx_word' id='word_1_56' title='bbox 774 1492 954 1546; x_wconf 85' lang='lat' dir='ltr'>tatem</span> <span class='ocrx_word' id='word_1_57' title='bbox 978 1483 1317 1555; x_wconf 75' lang='lat' dir='ltr'><strong>insinuavit,</strong></span> <span class='ocrx_word' id='word_1_58' title='bbox 1338 1499 1474 1541; x_wconf 91' lang='lat' dir='ltr'>cum</span> <span class='ocrx_word' id='word_1_59' title='bbox 1497 1481 1573 1539; x_wconf 91' lang='lat' dir='ltr'>de</span> <span class='ocrx_word' id='word_1_60' title='bbox 1589 1477 2110 1555; x_wconf 86' lang='lat' dir='ltr'>justificationibus</span> <span class='ocrx_word' id='word_1_61' title='bbox 2135 1473 2318 1548; x_wconf 89' lang='lat' dir='ltr'>ipsius</span> 
     </span>
     <span class='ocr_line' id='line_1_11' title="bbox 772 1580 2316 1649; baseline -0.01 1"><span class='ocrx_word' id='word_1_62' title='bbox 772 1590 1003 1649; x_wconf 87' lang='lat' dir='ltr'>intulit:</span> <span class='ocrx_word' id='word_1_63' title='bbox 1048 1591 1185 1644; x_wconf 86' lang='lat' dir='ltr'>Doce</span> <span class='ocrx_word' id='word_1_64' title='bbox 1216 1602 1299 1643; x_wconf 86' lang='lat' dir='ltr'>me</span> <span class='ocrx_word' id='word_1_65' title='bbox 1323 1602 1344 1642; x_wconf 86' lang='lat'>.·</span> <span class='ocrx_word' id='word_1_66' title='bbox 1384 1601 1454 1642; x_wconf 91' lang='lat' dir='ltr'>ac</span> <span class='ocrx_word' id='word_1_67' title='bbox 1488 1583 1538 1640; x_wconf 89' lang='lat' dir='ltr'>si</span> <span class='ocrx_word' id='word_1_68' title='bbox 1576 1582 1796 1640; x_wconf 90' lang='lat' dir='ltr'>diceret</span> <span class='ocrx_word' id='word_1_69' title='bbox 1829 1580 2166 1639; x_wconf 83' lang='lat' dir='ltr'>manifeste:</span> <span class='ocrx_word' id='word_1_70' title='bbox 2208 1581 2316 1635; x_wconf 89' lang='lat' dir='ltr'>Do-</span> 
     </span>
     <span class='ocr_line' id='line_1_12' title="bbox 771 1674 2318 1756; baseline -0.01 -12"><span class='ocrx_word' id='word_1_71' title='bbox 771 1685 964 1756; x_wconf 88' lang='lat' dir='ltr'><strong>mine,</strong></span> <span class='ocrx_word' id='word_1_72' title='bbox 994 1697 1120 1741; x_wconf 92' lang='lat' dir='ltr'>non</span> <span class='ocrx_word' id='word_1_73' title='bbox 1159 1696 1293 1738; x_wconf 91' lang='lat' dir='ltr'>sum</span> <span class='ocrx_word' id='word_1_74' title='bbox 1320 1677 1522 1736; x_wconf 89' lang='lat' dir='ltr'>doceri</span> <span class='ocrx_word' id='word_1_75' title='bbox 1552 1676 1768 1749; x_wconf 87' lang='lat' dir='ltr'>dignus</span> <span class='ocrx_word' id='word_1_76' title='bbox 1799 1694 1813 1733; x_wconf 73' lang='grc' dir='ltr'><strong><em>ε</em></strong></span> <span class='ocrx_word' id='word_1_77' title='bbox 1858 1674 1964 1732; x_wconf 91' lang='lat' dir='ltr'>sed</span> <span class='ocrx_word' id='word_1_78' title='bbox 2000 1679 2066 1732; x_wconf 85' lang='lat' dir='ltr'>tu</span> <span class='ocrx_word' id='word_1_79' title='bbox 2104 1686 2230 1730; x_wconf 90' lang='lat' dir='ltr'>non</span> <span class='ocrx_word' id='word_1_80' title='bbox 2256 1687 2318 1728; x_wconf 92' lang='lat' dir='ltr'>es</span> 
     </span>
     <span class='ocr_line' id='line_1_13' title="bbox 774 1767 2320 1849; baseline -0.011 -10"><span class='ocrx_word' id='word_1_81' title='bbox 774 1782 990 1839; x_wconf 87' lang='lat' dir='ltr'>docere</span> <span class='ocrx_word' id='word_1_82' title='bbox 1019 1776 1336 1849; x_wconf 90' lang='lat' dir='ltr'>indignus:</span> <span class='ocrx_word' id='word_1_83' title='bbox 1375 1772 1471 1830; x_wconf 85' lang='lat' dir='ltr'>fac</span> <span class='ocrx_word' id='word_1_84' title='bbox 1499 1787 1642 1845; x_wconf 88' lang='lat' dir='ltr'>ergo</span> <span class='ocrx_word' id='word_1_85' title='bbox 1678 1785 1938 1840; x_wconf 89' lang='lat' dir='ltr'>mecum,</span> <span class='ocrx_word' id='word_1_86' title='bbox 1966 1767 2129 1826; x_wconf 90' lang='lat' dir='ltr'>unde</span> <span class='ocrx_word' id='word_1_87' title='bbox 2164 1770 2228 1824; x_wconf 92' lang='lat' dir='ltr'>tu</span> <span class='ocrx_word' id='word_1_88' title='bbox 2256 1780 2320 1822; x_wconf 88' lang='lat' dir='ltr'>es</span> 
     </span>
     <span class='ocr_line' id='line_1_14' title="bbox 775 1863 2321 1948; baseline -0.009 -16"><span class='ocrx_word' id='word_1_89' title='bbox 775 1875 1014 1948; x_wconf 75' lang='lat' dir='ltr'>dignuS,</span> <span class='ocrx_word' id='word_1_90' title='bbox 1041 1875 1107 1928; x_wconf 90' lang='lat' dir='ltr'>ut</span> <span class='ocrx_word' id='word_1_91' title='bbox 1130 1870 1274 1927; x_wconf 84' lang='lat' dir='ltr'>fiam</span> <span class='ocrx_word' id='word_1_92' title='bbox 1303 1867 1542 1940; x_wconf 91' lang='lat' dir='ltr'>dignus,</span> <span class='ocrx_word' id='word_1_93' title='bbox 1573 1865 1735 1924; x_wconf 92' lang='lat' dir='ltr'>unde</span> <span class='ocrx_word' id='word_1_94' title='bbox 1764 1881 1898 1923; x_wconf 91' lang='lat' dir='ltr'>sum</span> <span class='ocrx_word' id='word_1_95' title='bbox 1923 1863 2223 1936; x_wconf 86' lang='lat' dir='ltr'>indignus.</span> <span class='ocrx_word' id='word_1_96' title='bbox 2254 1864 2321 1918; x_wconf 86' lang='lat' dir='ltr'>Et</span> 
     </span>
     <span class='ocr_line' id='line_1_15' title="bbox 774 1958 2318 2039; baseline -0.01 -12"><span class='ocrx_word' id='word_1_97' title='bbox 774 1972 936 2039; x_wconf 85' lang='lat' dir='ltr'>nota,</span> <span class='ocrx_word' id='word_1_98' title='bbox 963 1965 1131 2039; x_wconf 88' lang='lat' dir='ltr'>quod</span> <span class='ocrx_word' id='word_1_99' title='bbox 1158 1962 1372 2037; x_wconf 90' lang='lat' dir='ltr'>aliquis</span> <span class='ocrx_word' id='word_1_100' title='bbox 1395 1960 1608 2018; x_wconf 89' lang='lat' dir='ltr'>dicitur</span> <span class='ocrx_word' id='word_1_101' title='bbox 1630 1959 1843 2019; x_wconf 92' lang='lat' dir='ltr'>docere</span> <span class='ocrx_word' id='word_1_102' title='bbox 1872 1958 2111 2031; x_wconf 88' lang='lat' dir='ltr'>dignus,</span> <span class='ocrx_word' id='word_1_103' title='bbox 2139 1971 2318 2029; x_wconf 91' lang='lat' dir='ltr'>prop-</span> 
     </span>
     <span class='ocr_line' id='line_1_16' title="bbox 774 2053 2320 2134; baseline -0.01 -13"><span class='ocrx_word' id='word_1_104' title='bbox 774 2068 862 2121; x_wconf 88' lang='lat' dir='ltr'>ter</span> <span class='ocrx_word' id='word_1_105' title='bbox 889 2059 1233 2134; x_wconf 83' lang='lat' dir='ltr'>dignitatem</span> <span class='ocrx_word' id='word_1_106' title='bbox 1262 2060 1446 2128; x_wconf 87' lang='lat' dir='ltr'>actus,</span> <span class='ocrx_word' id='word_1_107' title='bbox 1474 2054 1736 2127; x_wconf 85' lang='lat' dir='ltr'>affectus,</span> <span class='ocrx_word' id='word_1_108' title='bbox 1765 2053 2069 2111; x_wconf 90' lang='lat' dir='ltr'>instinctus</span> <span class='ocrx_word' id='word_1_109' title='bbox 2094 2069 2109 2107; x_wconf 72' lang='grc' dir='ltr'><em>ε</em></span> <span class='ocrx_word' id='word_1_110' title='bbox 2140 2064 2320 2124; x_wconf 90' lang='lat' dir='ltr'>prop-</span> 
     </span>
     <span class='ocr_line' id='line_1_17' title="bbox 775 2146 2319 2230; baseline -0.01 -15"><span class='ocrx_word' id='word_1_111' title='bbox 775 2165 863 2215; x_wconf 88' lang='lat' dir='ltr'>ter</span> <span class='ocrx_word' id='word_1_112' title='bbox 898 2156 1158 2230; x_wconf 90' lang='lat' dir='ltr'>primum</span> <span class='ocrx_word' id='word_1_113' title='bbox 1194 2152 1408 2210; x_wconf 90' lang='lat' dir='ltr'>dicitur</span> <span class='ocrx_word' id='word_1_114' title='bbox 1445 2149 1656 2209; x_wconf 89' lang='lat' dir='ltr'>doctor</span> <span class='ocrx_word' id='word_1_115' title='bbox 1692 2148 1916 2219; x_wconf 87' lang='lat' dir='ltr'>bonus;</span> <span class='ocrx_word' id='word_1_116' title='bbox 1957 2146 2201 2220; x_wconf 90' lang='lat' dir='ltr'>propter</span> <span class='ocrx_word' id='word_1_117' title='bbox 2234 2159 2319 2201; x_wconf 91' lang='lat' dir='ltr'>se-</span> 
     </span>
     <span class='ocr_line' id='line_1_18' title="bbox 776 2241 2322 2317; baseline -0.01 -7"><span class='ocrx_word' id='word_1_118' title='bbox 776 2252 1042 2310; x_wconf 89' lang='lat' dir='ltr'>cundum</span> <span class='ocrx_word' id='word_1_119' title='bbox 1077 2249 1290 2307; x_wconf 87' lang='lat' dir='ltr'>dicitnr</span> <span class='ocrx_word' id='word_1_120' title='bbox 1325 2246 1689 2317; x_wconf 81' lang='lat' dir='ltr'>misericorS,</span> <span class='ocrx_word' id='word_1_121' title='bbox 1719 2244 1843 2301; x_wconf 85' lang='lat' dir='ltr'>sive</span> <span class='ocrx_word' id='word_1_122' title='bbox 1878 2241 2046 2317; x_wconf 82' lang='lat' dir='ltr'>pius3</span> <span class='ocrx_word' id='word_1_123' title='bbox 2077 2244 2322 2316; x_wconf 87' lang='lat' dir='ltr'>propter</span> 
     </span>
     <span class='ocr_line' id='line_1_19' title="bbox 774 2339 2323 2412; baseline -0.009 -6"><span class='ocrx_word' id='word_1_124' title='bbox 774 2348 1009 2407; x_wconf 82' lang='lat' dir='ltr'>tertium</span> <span class='ocrx_word' id='word_1_125' title='bbox 1052 2344 1264 2403; x_wconf 91' lang='lat' dir='ltr'>dicitur</span> <span class='ocrx_word' id='word_1_126' title='bbox 1300 2342 1669 2401; x_wconf 72' lang='lat' dir='ltr'>benedictae.</span> <span class='ocrx_word' id='word_1_127' title='bbox 1718 2339 1977 2397; x_wconf 86' lang='lat' dir='ltr'>Primum</span> <span class='ocrx_word' id='word_1_128' title='bbox 2010 2341 2174 2412; x_wconf 89' lang='lat' dir='ltr'>patet</span> <span class='ocrx_word' id='word_1_129' title='bbox 2213 2350 2323 2410; x_wconf 87' lang='lat' dir='ltr'>per</span> 
     </span>
     <span class='ocr_line' id='line_1_20' title="bbox 773 2431 2320 2516; baseline -0.009 -15"><span class='ocrx_word' id='word_1_130' title='bbox 773 2442 1126 2516; x_wconf 77' lang='lat' dir='ltr'>prophetam</span> <span class='ocrx_word' id='word_1_131' title='bbox 1163 2437 1513 2514; x_wconf 82' lang='lat' dir='ltr'>psallentem</span> <span class='ocrx_word' id='word_1_132' title='bbox 1549 2437 1609 2494; x_wconf 69' lang='lat'>⁴:</span> <span class='ocrx_word' id='word_1_133' title='bbox 1655 2454 1685 2489; x_wconf 77' lang='grc' dir='ltr'><strong>α</strong></span> <span class='ocrx_word' id='word_1_134' title='bbox 1711 2437 1906 2492; x_wconf 90' lang='lat' dir='ltr'>Bonus</span> <span class='ocrx_word' id='word_1_135' title='bbox 1944 2447 2006 2489; x_wconf 90' lang='lat' dir='ltr'>es</span> <span class='ocrx_word' id='word_1_136' title='bbox 2040 2436 2136 2502; x_wconf 89' lang='lat' dir='ltr'>tu,</span> <span class='ocrx_word' id='word_1_137' title='bbox 2166 2435 2221 2488; x_wconf 92' lang='lat' dir='ltr'>et</span> <span class='ocrx_word' id='word_1_138' title='bbox 2258 2431 2320 2487; x_wconf 91' lang='lat' dir='ltr'>in</span> 
     </span>
    </p>
   </div>
   <div class='ocr_carea' id='block_1_5' title="bbox 771 2528 2367 2604">
    <p class='ocr_par' dir='ltr' id='par_1_5' title="bbox 771 2528 2367 2604">
     <span class='ocr_line' id='line_1_21' title="bbox 771 2528 2367 2604; baseline -0.009 -9"><span class='ocrx_word' id='word_1_139' title='bbox 771 2536 1037 2595; x_wconf 89' lang='lat' dir='ltr'>bonitate</span> <span class='ocrx_word' id='word_1_140' title='bbox 1063 2539 1168 2593; x_wconf 89' lang='lat' dir='ltr'>tua</span> <span class='ocrx_word' id='word_1_141' title='bbox 1189 2532 1340 2591; x_wconf 92' lang='lat' dir='ltr'>doce</span> <span class='ocrx_word' id='word_1_142' title='bbox 1366 2547 1464 2589; x_wconf 92' lang='lat' dir='ltr'>me</span> <span class='ocrx_word' id='word_1_143' title='bbox 1486 2528 1931 2604; x_wconf 83' lang='lat' dir='ltr'>justificationes</span> <span class='ocrx_word' id='word_1_144' title='bbox 1950 2530 2108 2583; x_wconf 88' lang='lat' dir='ltr'>tuas:</span> <span class='ocrx_word' id='word_1_145' title='bbox 2132 2543 2160 2579; x_wconf 69' lang='lat' dir='ltr'>a</span> <span class='ocrx_word' id='word_1_146' title='bbox 2186 2540 2320 2582; x_wconf 90' lang='lat' dir='ltr'>ecce</span> <span class='ocrx_word' id='word_1_147' title='bbox 2364 2561 2367 2564; x_wconf 87' lang='lat'>-</span> 
     </span>
    </p>
   </div>
   <div class='ocr_carea' id='block_1_6' title="bbox 775 2617 2322 2693">
    <p class='ocr_par' dir='ltr' id='par_1_6' title="bbox 775 2617 2322 2693">
     <span class='ocr_line' id='line_1_22' title="bbox 775 2617 2322 2693; baseline -0.009 -5"><span class='ocrx_word' id='word_1_148' title='bbox 775 2631 1084 2688; x_wconf 87' lang='lat' dir='ltr'>doctorem</span> <span class='ocrx_word' id='word_1_149' title='bbox 1099 2627 1351 2687; x_wconf 89' lang='lat' dir='ltr'>bonum.</span> <span class='ocrx_word' id='word_1_150' title='bbox 1375 2623 1713 2682; x_wconf 89' lang='lat' dir='ltr'>Secundum</span> <span class='ocrx_word' id='word_1_151' title='bbox 1739 2620 2009 2678; x_wconf 82' lang='lat' dir='ltr'>sublucet</span> <span class='ocrx_word' id='word_1_152' title='bbox 2033 2635 2142 2693; x_wconf 88' lang='lat' dir='ltr'>per</span> <span class='ocrx_word' id='word_1_153' title='bbox 2169 2617 2322 2676; x_wconf 88' lang='lat' dir='ltr'>Psal-</span> 
     </span>
    </p>
   </div>
   <div class='ocr_carea' id='block_1_7' title="bbox 773 2717 2328 2782">
    <p class='ocr_par' dir='ltr' id='par_1_7' title="bbox 773 2717 2328 2782">
     <span class='ocr_line' id='line_1_23' title="bbox 773 2717 2328 2782; baseline -0.01 0"><span class='ocrx_word' id='word_1_154' title='bbox 773 2725 1010 2782; x_wconf 90' lang='lat' dir='ltr'>mistam</span> <span class='ocrx_word' id='word_1_155' title='bbox 1037 2722 1330 2780; x_wconf 79' lang='lat' dir='ltr'>dicentem</span> <span class='ocrx_word' id='word_1_156' title='bbox 1349 2720 1401 2776; x_wconf 81' lang='lat'>⁸:</span> <span class='ocrx_word' id='word_1_157' title='bbox 1425 2737 1454 2772; x_wconf 70' lang='grc' dir='ltr'><strong>α</strong></span> <span class='ocrx_word' id='word_1_158' title='bbox 1482 2720 1597 2776; x_wconf 84' lang='lat' dir='ltr'>Fac</span> <span class='ocrx_word' id='word_1_159' title='bbox 1627 2732 1765 2774; x_wconf 90' lang='lat' dir='ltr'>cnm</span> <span class='ocrx_word' id='word_1_160' title='bbox 1787 2731 1959 2772; x_wconf 85' lang='lat' dir='ltr'>servo</span> <span class='ocrx_word' id='word_1_161' title='bbox 1988 2717 2090 2771; x_wconf 90' lang='lat' dir='ltr'>tuo</span> <span class='ocrx_word' id='word_1_162' title='bbox 2120 2727 2328 2769; x_wconf 89' lang='lat' dir='ltr'>secun·</span> 
     </span>
    </p>
   </div>
   <div class='ocr_carea' id='block_1_8' title="bbox 775 2807 2324 2962">
    <p class='ocr_par' dir='ltr' id='par_1_8' title="bbox 775 2807 2324 2962">
     <span class='ocr_line' id='line_1_24' title="bbox 776 2807 2323 2884; baseline -0.009 -8"><span class='ocrx_word' id='word_1_163' title='bbox 776 2819 922 2876; x_wconf 92' lang='lat' dir='ltr'>dum</span> <span class='ocrx_word' id='word_1_164' title='bbox 937 2814 1411 2875; x_wconf 77' lang='lat' dir='ltr'>&#39;misericordiam</span> <span class='ocrx_word' id='word_1_165' title='bbox 1428 2817 1612 2883; x_wconf 90' lang='lat' dir='ltr'>tuam,</span> <span class='ocrx_word' id='word_1_166' title='bbox 1643 2815 1699 2869; x_wconf 92' lang='lat' dir='ltr'>et</span> <span class='ocrx_word' id='word_1_167' title='bbox 1718 2807 2166 2884; x_wconf 84' lang='lat' dir='ltr'>justificationes</span> <span class='ocrx_word' id='word_1_168' title='bbox 2191 2810 2323 2864; x_wconf 90' lang='lat' dir='ltr'>tuas</span> 
     </span>
     <span class='ocr_line' id='line_1_25' title="bbox 775 2890 2324 2962; baseline -0.01 0"><span class='ocrx_word' id='word_1_169' title='bbox 775 2905 927 2962; x_wconf 90' lang='lat' dir='ltr'>doce</span> <span class='ocrx_word' id='word_1_170' title='bbox 959 2919 1055 2961; x_wconf 89' lang='lat' dir='ltr'>me</span> <span class='ocrx_word' id='word_1_171' title='bbox 1088 2923 1106 2959; x_wconf 78' lang='grc' dir='ltr'><strong><em>ε</em></strong></span> <span class='ocrx_word' id='word_1_172' title='bbox 1146 2921 1175 2957; x_wconf 66' lang='grc' dir='ltr'><strong>ι</strong></span> <span class='ocrx_word' id='word_1_173' title='bbox 1218 2916 1352 2959; x_wconf 90' lang='lat' dir='ltr'>ecce</span> <span class='ocrx_word' id='word_1_174' title='bbox 1398 2898 1701 2956; x_wconf 88' lang='lat' dir='ltr'>doctorem</span> <span class='ocrx_word' id='word_1_175' title='bbox 1744 2892 2189 2952; x_wconf 84' lang='lat' dir='ltr'>misericordem</span> <span class='ocrx_word' id='word_1_176' title='bbox 2229 2890 2324 2948; x_wconf 82' lang='lat' dir='ltr'>vel</span> 
     </span>
    </p>
   </div>
   <div class='ocr_carea' id='block_1_9' title="bbox 769 2984 2323 3447">
    <p class='ocr_par' dir='ltr' id='par_1_9' title="bbox 769 2984 2323 3447">
     <span class='ocr_line' id='line_1_26' title="bbox 772 2984 2323 3072; baseline -0.011 -16"><span class='ocrx_word' id='word_1_177' title='bbox 772 2998 963 3072; x_wconf 87' lang='lat' dir='ltr'>pium.</span> <span class='ocrx_word' id='word_1_178' title='bbox 993 2996 1249 3055; x_wconf 88' lang='lat' dir='ltr'>Tertium</span> <span class='ocrx_word' id='word_1_179' title='bbox 1287 2994 1472 3067; x_wconf 88' lang='lat' dir='ltr'>liquet</span> <span class='ocrx_word' id='word_1_180' title='bbox 1514 3006 1625 3065; x_wconf 87' lang='lat' dir='ltr'>per</span> <span class='ocrx_word' id='word_1_181' title='bbox 1664 2985 2196 3061; x_wconf 75' lang='lat' dir='ltr'>psalmographum</span> <span class='ocrx_word' id='word_1_182' title='bbox 2238 2984 2323 3040; x_wconf 92' lang='lat' dir='ltr'>sic</span> 
     </span>
     <span class='ocr_line' id='line_1_27' title="bbox 776 3079 2322 3156; baseline -0.011 -5"><span class='ocrx_word' id='word_1_183' title='bbox 776 3091 1130 3151; x_wconf 86' lang='lat' dir='ltr'>scribentem</span> <span class='ocrx_word' id='word_1_184' title='bbox 1145 3090 1199 3146; x_wconf 82' lang='lat'>⁶:</span> <span class='ocrx_word' id='word_1_185' title='bbox 1227 3107 1256 3143; x_wconf 73' lang='grc' dir='ltr'><strong>α</strong></span> <span class='ocrx_word' id='word_1_186' title='bbox 1273 3085 1622 3145; x_wconf 87' lang='lat' dir='ltr'>Benedictus</span> <span class='ocrx_word' id='word_1_187' title='bbox 1640 3099 1723 3156; x_wconf 89' lang='lat' dir='ltr'>es,</span> <span class='ocrx_word' id='word_1_188' title='bbox 1756 3081 2021 3153; x_wconf 89' lang='lat' dir='ltr'>Domine,</span> <span class='ocrx_word' id='word_1_189' title='bbox 2055 3079 2206 3136; x_wconf 90' lang='lat' dir='ltr'>doce</span> <span class='ocrx_word' id='word_1_190' title='bbox 2226 3093 2322 3134; x_wconf 89' lang='lat' dir='ltr'>me</span> 
     </span>
     <span class='ocr_line' id='line_1_28' title="bbox 769 3173 2321 3259; baseline -0.011 -14"><span class='ocrx_word' id='word_1_191' title='bbox 769 3186 1216 3259; x_wconf 87' lang='lat' dir='ltr'>justificationes</span> <span class='ocrx_word' id='word_1_192' title='bbox 1248 3185 1419 3240; x_wconf 87' lang='lat' dir='ltr'>tuas:</span> <span class='ocrx_word' id='word_1_193' title='bbox 1451 3200 1480 3235; x_wconf 62' lang='grc' dir='ltr'>υ</span> <span class='ocrx_word' id='word_1_194' title='bbox 1514 3195 1648 3237; x_wconf 88' lang='lat' dir='ltr'>ecce</span> <span class='ocrx_word' id='word_1_195' title='bbox 1694 3177 1999 3235; x_wconf 88' lang='lat' dir='ltr'>doctorem</span> <span class='ocrx_word' id='word_1_196' title='bbox 2040 3173 2321 3232; x_wconf 90' lang='lat' dir='ltr'>benedic-</span> 
     </span>
     <span class='ocr_line' id='line_1_29' title="bbox 774 3264 2323 3352; baseline -0.011 -13"><span class='ocrx_word' id='word_1_197' title='bbox 774 3285 921 3339; x_wconf 88' lang='lat' dir='ltr'>tum.</span> <span class='ocrx_word' id='word_1_198' title='bbox 953 3283 1034 3337; x_wconf 87' lang='lat' dir='ltr'>lta</span> <span class='ocrx_word' id='word_1_199' title='bbox 1058 3277 1304 3352; x_wconf 90' lang='lat' dir='ltr'>quidem</span> <span class='ocrx_word' id='word_1_200' title='bbox 1329 3292 1368 3334; x_wconf 91' lang='lat' dir='ltr'>a</span> <span class='ocrx_word' id='word_1_201' title='bbox 1392 3273 1652 3332; x_wconf 84' lang='lat' dir='ltr'>mittente</span> <span class='ocrx_word' id='word_1_202' title='bbox 1679 3268 2078 3342; x_wconf 69' lang='lat' dir='ltr'>:benedicitur,</span> <span class='ocrx_word' id='word_1_203' title='bbox 2115 3266 2220 3341; x_wconf 90' lang='lat' dir='ltr'>qui</span> <span class='ocrx_word' id='word_1_204' title='bbox 2243 3264 2323 3324; x_wconf 90' lang='lat' dir='ltr'>ad</span> 
     </span>
     <span class='ocr_line' id='line_1_30' title="bbox 776 3361 2136 3447; baseline -0.01 -15"><span class='ocrx_word' id='word_1_205' title='bbox 776 3373 1132 3447; x_wconf 87' lang='lat' dir='ltr'>legendum,</span> <span class='ocrx_word' id='word_1_206' title='bbox 1158 3370 1259 3428; x_wconf 77' lang='lat' dir='ltr'>vel</span> <span class='ocrx_word' id='word_1_207' title='bbox 1286 3368 1367 3429; x_wconf 89' lang='lat' dir='ltr'>ad</span> <span class='ocrx_word' id='word_1_208' title='bbox 1394 3363 1842 3444; x_wconf 63' lang='lat' dir='ltr'>praedicandum</span> <span class='ocrx_word' id='word_1_209' title='bbox 1868 3361 2136 3420; x_wconf 85' lang='lat' dir='ltr'>mittitur.</span> 
     </span>
    </p>
   </div>
   <div class='ocr_carea' id='block_1_10' title="bbox 1418 3513 1679 3597">
    <p class='ocr_par' dir='ltr' id='par_1_10' title="bbox 1418 3513 1679 3597">
     <span class='ocr_line' id='line_1_31' title="bbox 1418 3513 1679 3597; baseline -0.019 -14"><span class='ocrx_word' id='word_1_210' title='bbox 1418 3513 1679 3597; x_wconf 81' lang='lat' dir='ltr'>Epilogus.</span> 
     </span>
    </p>
   </div>
   <div class='ocr_carea' id='block_1_11' title="bbox 780 3645 2328 4864">
    <p class='ocr_par' dir='ltr' id='par_1_11' title="bbox 780 3645 2328 4864">
     <span class='ocr_line' id='line_1_32' title="bbox 818 3645 2325 3739; baseline -0.016 -15"><span class='ocrx_word' id='word_1_211' title='bbox 818 3652 1161 3739; x_wconf 63' lang='lat' dir='ltr'>&#39;Propterea</span> <span class='ocrx_word' id='word_1_212' title='bbox 1207 3655 1349 3715; x_wconf 89' lang='lat' dir='ltr'>dicit</span> <span class='ocrx_word' id='word_1_213' title='bbox 1390 3652 1681 3727; x_wconf 84' lang='lat' dir='ltr'>Propheta</span> <span class='ocrx_word' id='word_1_214' title='bbox 1723 3649 1786 3707; x_wconf 92' lang='lat' dir='ltr'>in</span> <span class='ocrx_word' id='word_1_215' title='bbox 1828 3645 2148 3706; x_wconf 83' lang='lat' dir='ltr'>laudabilis</span> <span class='ocrx_word' id='word_1_216' title='bbox 2191 3659 2325 3702; x_wconf 89' lang='lat' dir='ltr'>ora-</span> 
     </span>
     <span class='ocr_line' id='line_1_33' title="bbox 781 3742 2324 3831; baseline -0.016 -14"><span class='ocrx_word' id='word_1_217' title='bbox 781 3759 924 3819; x_wconf 85' lang='lat' dir='ltr'>toris</span> <span class='ocrx_word' id='word_1_218' title='bbox 965 3769 1253 3831; x_wconf 89' lang='lat' dir='ltr'>persona:</span> <span class='ocrx_word' id='word_1_219' title='bbox 1302 3746 1680 3807; x_wconf 75' lang='lat' dir='ltr'>Misericordia</span> <span class='ocrx_word' id='word_1_220' title='bbox 1725 3750 1853 3813; x_wconf 82' lang='lat' dir='ltr'>tua,</span> <span class='ocrx_word' id='word_1_221' title='bbox 1898 3743 2153 3811; x_wconf 80' lang='lat' dir='ltr'>Domine,</span> <span class='ocrx_word' id='word_1_222' title='bbox 2193 3742 2324 3796; x_wconf 89' lang='lat' dir='ltr'>tan-</span> 
     </span>
     <span class='ocr_line' id='line_1_34' title="bbox 781 3831 2328 3929; baseline -0.017 -16"><span class='ocrx_word' id='word_1_223' title='bbox 781 3869 968 3929; x_wconf 86' lang='lat' dir='ltr'>quam</span> <span class='ocrx_word' id='word_1_224' title='bbox 992 3846 1278 3922; x_wconf 80' lang='lat' dir='ltr'>sagaciter</span> <span class='ocrx_word' id='word_1_225' title='bbox 1304 3857 1502 3913; x_wconf 86' lang='lat' dir='ltr'>orans,</span> <span class='ocrx_word' id='word_1_226' title='bbox 1532 3835 1851 3910; x_wconf 83' lang='lat' dir='ltr'>allegando</span> <span class='ocrx_word' id='word_1_227' title='bbox 1874 3833 2090 3891; x_wconf 80' lang='lat' dir='ltr'>divinae</span> <span class='ocrx_word' id='word_1_228' title='bbox 2118 3831 2328 3903; x_wconf 85' lang='lat' dir='ltr'>digna-</span> 
     </span>
     <span class='ocr_line' id='line_1_35' title="bbox 780 3932 2326 4009; baseline -0.017 -2"><span class='ocrx_word' id='word_1_229' title='bbox 780 3947 957 4007; x_wconf 87' lang='lat' dir='ltr'>tionis</span> <span class='ocrx_word' id='word_1_230' title='bbox 993 3941 1450 4009; x_wconf 83' lang='lat' dir='ltr'>humanitatem3</span> <span class='ocrx_word' id='word_1_231' title='bbox 1497 3936 1668 3994; x_wconf 79' lang='lat' dir='ltr'>Plena</span> <span class='ocrx_word' id='word_1_232' title='bbox 1709 3935 1787 3988; x_wconf 85' lang='lat' dir='ltr'>est</span> <span class='ocrx_word' id='word_1_233' title='bbox 1828 3935 2009 3998; x_wconf 82' lang='lat' dir='ltr'>terra,</span> <span class='ocrx_word' id='word_1_234' title='bbox 2047 3932 2326 3999; x_wconf 89' lang='lat' dir='ltr'>tanquam</span> 
     </span>
     <span class='ocr_line' id='line_1_36' title="bbox 780 4018 2326 4111; baseline -0.017 -11"><span class='ocrx_word' id='word_1_235' title='bbox 780 4040 1063 4100; x_wconf 78' lang='lat' dir='ltr'>vivaciter</span> <span class='ocrx_word' id='word_1_236' title='bbox 1086 4032 1475 4111; x_wconf 86' lang='lat' dir='ltr'>persuadens,</span> <span class='ocrx_word' id='word_1_237' title='bbox 1493 4023 1879 4100; x_wconf 88' lang='lat' dir='ltr'>aggregando</span> <span class='ocrx_word' id='word_1_238' title='bbox 1899 4018 2326 4092; x_wconf 83' lang='lat' dir='ltr'>indignationis</span> 
     </span>
     <span class='ocr_line' id='line_1_37' title="bbox 782 4120 2327 4202; baseline -0.017 -7"><span class='ocrx_word' id='word_1_239' title='bbox 782 4133 1244 4202; x_wconf 84' lang='lat' dir='ltr'>immunitatem3</span> <span class='ocrx_word' id='word_1_240' title='bbox 1272 4127 1695 4197; x_wconf 72' lang='lat' dir='ltr'>Justificationes</span> <span class='ocrx_word' id='word_1_241' title='bbox 1718 4125 1859 4188; x_wconf 78' lang='lat' dir='ltr'>tuas,</span> <span class='ocrx_word' id='word_1_242' title='bbox 1879 4120 2166 4188; x_wconf 89' lang='lat' dir='ltr'>tanquam</span> <span class='ocrx_word' id='word_1_243' title='bbox 2190 4128 2327 4187; x_wconf 91' lang='lat' dir='ltr'>per-</span> 
     </span>
     <span class='ocr_line' id='line_1_38' title="bbox 781 4209 2327 4305; baseline -0.016 -17"><span class='ocrx_word' id='word_1_244' title='bbox 781 4229 1088 4305; x_wconf 84' lang='lat' dir='ltr'>spicaciter</span> <span class='ocrx_word' id='word_1_245' title='bbox 1112 4237 1422 4301; x_wconf 83' lang='lat' dir='ltr'>perorans,</span> <span class='ocrx_word' id='word_1_246' title='bbox 1444 4212 1926 4278; x_wconf 89' lang='lat' dir='ltr'>commendando</span> <span class='ocrx_word' id='word_1_247' title='bbox 1950 4209 2327 4283; x_wconf 87' lang='lat' dir='ltr'>justificantis</span> 
     </span>
     <span class='ocr_line' id='line_1_39' title="bbox 783 4304 2327 4397; baseline -0.017 -14"><span class='ocrx_word' id='word_1_248' title='bbox 783 4324 1132 4397; x_wconf 87' lang='lat' dir='ltr'>dignitatem</span> <span class='ocrx_word' id='word_1_249' title='bbox 1143 4339 1162 4394; x_wconf 83' lang='lat'>3</span> <span class='ocrx_word' id='word_1_250' title='bbox 1205 4321 1340 4376; x_wconf 81' lang='lat' dir='ltr'>Doce</span> <span class='ocrx_word' id='word_1_251' title='bbox 1374 4332 1486 4385; x_wconf 82' lang='lat' dir='ltr'>me,</span> <span class='ocrx_word' id='word_1_252' title='bbox 1517 4316 1806 4384; x_wconf 86' lang='lat' dir='ltr'>tanquam</span> <span class='ocrx_word' id='word_1_253' title='bbox 1843 4304 2155 4364; x_wconf 86' lang='lat' dir='ltr'>efficaciter</span> <span class='ocrx_word' id='word_1_254' title='bbox 2184 4318 2327 4360; x_wconf 90' lang='lat' dir='ltr'>con-</span> 
     </span>
     <span class='ocr_line' id='line_1_40' title="bbox 782 4397 2328 4487; baseline -0.016 -10"><span class='ocrx_word' id='word_1_255' title='bbox 782 4432 1119 4485; x_wconf 88' lang='lat' dir='ltr'>summans,</span> <span class='ocrx_word' id='word_1_256' title='bbox 1165 4407 1527 4487; x_wconf 87' lang='lat' dir='ltr'>postulando</span> <span class='ocrx_word' id='word_1_257' title='bbox 1575 4401 1880 4478; x_wconf 84' lang='lat' dir='ltr'>justificari</span> <span class='ocrx_word' id='word_1_258' title='bbox 1932 4397 2328 4472; x_wconf 70' lang='lat' dir='ltr'>iustificabilis</span> 
     </span>
     <span class='ocr_line' id='line_1_41' title="bbox 782 4490 2328 4585; baseline -0.015 -16"><span class='ocrx_word' id='word_1_259' title='bbox 782 4510 1195 4585; x_wconf 80' lang='lat' dir='ltr'>indignitatem</span> <span class='ocrx_word' id='word_1_260' title='bbox 1227 4522 1337 4581; x_wconf 88' lang='lat' dir='ltr'>per</span> <span class='ocrx_word' id='word_1_261' title='bbox 1368 4498 1738 4577; x_wconf 86' lang='lat' dir='ltr'>justificantis</span> <span class='ocrx_word' id='word_1_262' title='bbox 1772 4494 2152 4567; x_wconf 82' lang='lat' dir='ltr'>dignitatem3</span> <span class='ocrx_word' id='word_1_263' title='bbox 2181 4507 2252 4548; x_wconf 87' lang='lat' dir='ltr'>ac</span> <span class='ocrx_word' id='word_1_264' title='bbox 2276 4490 2328 4548; x_wconf 90' lang='lat' dir='ltr'>si</span> 
     </span>
     <span class='ocr_line' id='line_1_42' title="bbox 781 4583 2325 4681; baseline -0.016 -15"><span class='ocrx_word' id='word_1_265' title='bbox 781 4608 1126 4681; x_wconf 88' lang='lat' dir='ltr'>loqueretur</span> <span class='ocrx_word' id='word_1_266' title='bbox 1159 4598 1454 4674; x_wconf 87' lang='lat' dir='ltr'>apertius:</span> <span class='ocrx_word' id='word_1_267' title='bbox 1484 4592 1765 4661; x_wconf 87' lang='lat' dir='ltr'>Domine,</span> <span class='ocrx_word' id='word_1_268' title='bbox 1810 4588 1915 4664; x_wconf 89' lang='lat' dir='ltr'>qui</span> <span class='ocrx_word' id='word_1_269' title='bbox 1941 4585 2204 4645; x_wconf 88' lang='lat' dir='ltr'>misereri</span> <span class='ocrx_word' id='word_1_270' title='bbox 2232 4583 2325 4642; x_wconf 93' lang='lat' dir='ltr'>di-</span> 
     </span>
     <span class='ocr_line' id='line_1_43' title="bbox 784 4679 2327 4774; baseline -0.016 -14"><span class='ocrx_word' id='word_1_271' title='bbox 784 4699 1012 4774; x_wconf 86' lang='lat' dir='ltr'>gnaris,</span> <span class='ocrx_word' id='word_1_272' title='bbox 1041 4699 1101 4755; x_wconf 89' lang='lat' dir='ltr'>et</span> <span class='ocrx_word' id='word_1_273' title='bbox 1134 4692 1360 4753; x_wconf 87' lang='lat' dir='ltr'>nemini</span> <span class='ocrx_word' id='word_1_274' title='bbox 1390 4686 1745 4762; x_wconf 89' lang='lat' dir='ltr'>indignaris,</span> <span class='ocrx_word' id='word_1_275' title='bbox 1769 4682 2025 4758; x_wconf 86' lang='lat' dir='ltr'>justifica</span> <span class='ocrx_word' id='word_1_276' title='bbox 2048 4696 2183 4750; x_wconf 90' lang='lat' dir='ltr'>me,</span> <span class='ocrx_word' id='word_1_277' title='bbox 2222 4679 2327 4752; x_wconf 88' lang='lat' dir='ltr'>qui</span> 
     </span>
     <span class='ocr_line' id='line_1_44' title="bbox 782 4776 2122 4864; baseline -0.016 -11"><span class='ocrx_word' id='word_1_278' title='bbox 782 4810 916 4853; x_wconf 81' lang='lat' dir='ltr'>sum</span> <span class='ocrx_word' id='word_1_279' title='bbox 941 4790 1253 4864; x_wconf 89' lang='lat' dir='ltr'>indignus,</span> <span class='ocrx_word' id='word_1_280' title='bbox 1283 4784 1426 4860; x_wconf 87' lang='lat' dir='ltr'>quia</span> <span class='ocrx_word' id='word_1_281' title='bbox 1450 4788 1516 4841; x_wconf 91' lang='lat' dir='ltr'>tu</span> <span class='ocrx_word' id='word_1_282' title='bbox 1538 4778 1858 4854; x_wconf 83' lang='lat' dir='ltr'>justificare</span> <span class='ocrx_word' id='word_1_283' title='bbox 1885 4776 2122 4849; x_wconf 68' lang='lat' dir='ltr'>dignus</span> 
     </span>
    </p>
   </div>
   <div class='ocr_carea' id='block_1_12' title="bbox 1063 5020 2055 5093">
    <p class='ocr_par' dir='ltr' id='par_1_12' title="bbox 1063 5020 2055 5093">
     <span class='ocr_line' id='line_1_45' title="bbox 1063 5020 2055 5093; baseline -0.017 -1"><span class='ocrx_word' id='word_1_284' title='bbox 1063 5028 1572 5092; x_wconf 77' lang='lat' dir='ltr'><strong>CAPITULUM</strong></span> <span class='ocrx_word' id='word_1_285' title='bbox 1635 5020 2055 5093; x_wconf 78' lang='lat' dir='ltr'>QUINTUM.</span> 
     </span>
    </p>
   </div>
   <div class='ocr_carea' id='block_1_13' title="bbox 1262 5208 1850 5261">
    <p class='ocr_par' dir='ltr' id='par_1_13' title="bbox 1262 5208 1850 5261">
     <span class='ocr_line' id='line_1_46' title="bbox 1262 5208 1850 5261; baseline -0.019 1"><span class='ocrx_word' id='word_1_286' title='bbox 1262 5213 1589 5261; x_wconf 72' lang='lat' dir='ltr'>vmlcums</span> <span class='ocrx_word' id='word_1_287' title='bbox 1624 5208 1850 5254; x_wconf 72' lang='lat' dir='ltr'>ramus,</span> 
     </span>
    </p>
   </div>
   <div class='ocr_carea' id='block_1_14' title="bbox 788 5344 2329 5534">
    <p class='ocr_par' dir='ltr' id='par_1_14' title="bbox 788 5344 2329 5534">
     <span class='ocr_line' id='line_1_47' title="bbox 858 5344 2329 5430; baseline -0.015 -7"><span class='ocrx_word' id='word_1_288' title='bbox 858 5367 949 5423; x_wconf 78' lang='lat'>65.</span> <span class='ocrx_word' id='word_1_289' title='bbox 970 5363 1272 5422; x_wconf 73' lang='lat' dir='ltr'>Bonitatem</span> <span class='ocrx_word' id='word_1_290' title='bbox 1289 5360 1498 5430; x_wconf 79' lang='lat' dir='ltr'>fecisti,</span> <span class='ocrx_word' id='word_1_291' title='bbox 1514 5359 1623 5413; x_wconf 89' lang='lat' dir='ltr'>etc.</span> <span class='ocrx_word' id='word_1_292' title='bbox 1654 5353 1755 5411; x_wconf 79' lang='lat' dir='ltr'>Hic</span> <span class='ocrx_word' id='word_1_293' title='bbox 1773 5349 2049 5425; x_wconf 89' lang='lat' dir='ltr'>quintum</span> <span class='ocrx_word' id='word_1_294' title='bbox 2069 5344 2329 5403; x_wconf 87' lang='lat' dir='ltr'>initiatur</span> 
     </span>
     <span class='ocr_line' id='line_1_48' title="bbox 788 5439 2322 5534; baseline -0.017 -15"><span class='ocrx_word' id='word_1_295' title='bbox 788 5456 1135 5534; x_wconf 85' lang='lat' dir='ltr'>capitulum,</span> <span class='ocrx_word' id='word_1_296' title='bbox 1159 5459 1217 5513; x_wconf 88' lang='lat' dir='ltr'>et</span> <span class='ocrx_word' id='word_1_297' title='bbox 1241 5452 1514 5526; x_wconf 86' lang='lat' dir='ltr'>quintum</span> <span class='ocrx_word' id='word_1_298' title='bbox 1541 5446 1988 5521; x_wconf 63' lang='lat' dir='ltr'>repraesentatum</span> <span class='ocrx_word' id='word_1_299' title='bbox 2012 5439 2322 5497; x_wconf 84' lang='lat' dir='ltr'>ferculum.</span> 
     </span>
    </p>
   </div>
   <div class='ocr_carea' id='block_1_15' title="bbox 1724 480 2917 591">
    <p class='ocr_par' dir='ltr' id='par_1_15' title="bbox 1724 480 2917 591">
     <span class='ocr_line' id='line_1_49' title="bbox 1724 480 2917 591; baseline -0.018 -26"><span class='ocrx_word' id='word_1_300' title='bbox 1724 569 1732 579; x_wconf 61' lang='grc'>,</span> <span class='ocrx_word' id='word_1_301' title='bbox 1810 488 2220 562; x_wconf 84' lang='lat' dir='ltr'>EXPOSITIO</span> <span class='ocrx_word' id='word_1_302' title='bbox 2266 486 2346 551; x_wconf 81' lang='grc' dir='ltr'>ΙΝ</span> <span class='ocrx_word' id='word_1_303' title='bbox 2387 480 2917 591; x_wconf 72' lang='lat' dir='ltr'>PSALTERlUM.</span> 
     </span>
    </p>
   </div>
   <div class='ocr_carea' id='block_1_16' title="bbox 2417 612 4071 2956">
    <p class='ocr_par' dir='ltr' id='par_1_16' title="bbox 2417 612 4071 2956">
     <span class='ocr_line' id='line_1_50' title="bbox 2423 612 3926 690; baseline -0.005 -14"><span class='ocrx_word' id='word_1_304' title='bbox 2423 623 2486 676; x_wconf 89' lang='lat' dir='ltr'>ln</span> <span class='ocrx_word' id='word_1_305' title='bbox 2515 615 2773 690; x_wconf 86' lang='lat' dir='ltr'>capitulo</span> <span class='ocrx_word' id='word_1_306' title='bbox 2799 612 3172 689; x_wconf 76' lang='lat' dir='ltr'>praeambulo</span> <span class='ocrx_word' id='word_1_307' title='bbox 3190 614 3531 686; x_wconf 78' lang='lat' dir='ltr'>praesentata</span> <span class='ocrx_word' id='word_1_308' title='bbox 3559 612 3665 670; x_wconf 80' lang='lat' dir='ltr'>tuit</span> <span class='ocrx_word' id='word_1_309' title='bbox 3696 612 3813 686; x_wconf 86' lang='lat' dir='ltr'>spei</span> <span class='ocrx_word' id='word_1_310' title='bbox 3832 612 3926 669; x_wconf 90' lang='lat' dir='ltr'>im·</span> 
     </span>
     <span class='ocr_line' id='line_1_51' title="bbox 2419 706 3928 782; baseline -0.005 -12"><span class='ocrx_word' id='word_1_311' title='bbox 2419 712 2650 782; x_wconf 85' lang='lat' dir='ltr'>missi03</span> <span class='ocrx_word' id='word_1_312' title='bbox 2681 709 2745 766; x_wconf 90' lang='lat' dir='ltr'>in</span> <span class='ocrx_word' id='word_1_313' title='bbox 2761 710 2877 767; x_wconf 89' lang='lat' dir='ltr'>hoc</span> <span class='ocrx_word' id='word_1_314' title='bbox 2903 724 3046 766; x_wconf 79' lang='lat' dir='ltr'>vero</span> <span class='ocrx_word' id='word_1_315' title='bbox 3073 706 3454 781; x_wconf 63' lang='lat' dir='ltr'>praesentatur</span> <span class='ocrx_word' id='word_1_316' title='bbox 3478 706 3751 764; x_wconf 91' lang='lat' dir='ltr'>bonitatis</span> <span class='ocrx_word' id='word_1_317' title='bbox 3771 709 3928 763; x_wconf 87' lang='lat' dir='ltr'>trans-</span> 
     </span>
     <span class='ocr_line' id='line_1_52' title="bbox 2420 799 3928 878; baseline -0.004 -14"><span class='ocrx_word' id='word_1_318' title='bbox 2420 805 2644 864; x_wconf 90' lang='lat' dir='ltr'>missio.</span> <span class='ocrx_word' id='word_1_319' title='bbox 2675 806 2742 861; x_wconf 87' lang='lat' dir='ltr'>Et</span> <span class='ocrx_word' id='word_1_320' title='bbox 2786 804 2929 878; x_wconf 89' lang='lat' dir='ltr'>quia</span> <span class='ocrx_word' id='word_1_321' title='bbox 2956 818 3091 876; x_wconf 91' lang='lat' dir='ltr'>spes</span> <span class='ocrx_word' id='word_1_322' title='bbox 3128 801 3393 859; x_wconf 84' lang='lat' dir='ltr'>immissa</span> <span class='ocrx_word' id='word_1_323' title='bbox 3419 799 3717 873; x_wconf 77' lang='lat' dir='ltr'>consurgit</span> <span class='ocrx_word' id='word_1_324' title='bbox 3747 816 3812 858; x_wconf 84' lang='lat' dir='ltr'>ex</span> <span class='ocrx_word' id='word_1_325' title='bbox 3835 799 3928 858; x_wconf 91' lang='lat' dir='ltr'>bo-</span> 
     </span>
     <span class='ocr_line' id='line_1_53' title="bbox 2420 895 3930 970; baseline -0.004 -13"><span class='ocrx_word' id='word_1_326' title='bbox 2420 901 2598 959; x_wconf 88' lang='lat' dir='ltr'>nitate</span> <span class='ocrx_word' id='word_1_327' title='bbox 2627 898 2995 967; x_wconf 87' lang='lat' dir='ltr'>transmissa,</span> <span class='ocrx_word' id='word_1_328' title='bbox 3023 901 3184 970; x_wconf 90' lang='lat' dir='ltr'>patet</span> <span class='ocrx_word' id='word_1_329' title='bbox 3221 895 3446 954; x_wconf 87' lang='lat' dir='ltr'>ordinis</span> <span class='ocrx_word' id='word_1_330' title='bbox 3489 897 3638 952; x_wconf 89' lang='lat' dir='ltr'>ratio</span> <span class='ocrx_word' id='word_1_331' title='bbox 3680 910 3930 969; x_wconf 88' lang='lat' dir='ltr'>processu</span> 
     </span>
     <span class='ocr_line' id='line_1_54' title="bbox 2420 988 3930 1064; baseline -0.004 -11"><span class='ocrx_word' id='word_1_332' title='bbox 2420 994 2793 1053; x_wconf 90' lang='lat' dir='ltr'>resolutorio.</span> <span class='ocrx_word' id='word_1_333' title='bbox 2824 991 2985 1055; x_wconf 83' lang='lat' dir='ltr'>Istud</span> <span class='ocrx_word' id='word_1_334' title='bbox 3014 995 3211 1048; x_wconf 88' lang='lat' dir='ltr'>autem</span> <span class='ocrx_word' id='word_1_335' title='bbox 3243 989 3565 1064; x_wconf 86' lang='lat' dir='ltr'>capitulum</span> <span class='ocrx_word' id='word_1_336' title='bbox 3588 988 3930 1060; x_wconf 82' lang='lat' dir='ltr'>distinguitur</span> 
     </span>
     <span class='ocr_line' id='line_1_55' title="bbox 2420 1081 3929 1164; baseline -0.005 -18"><span class='ocrx_word' id='word_1_337' title='bbox 2420 1105 2531 1164; x_wconf 89' lang='lat' dir='ltr'>per</span> <span class='ocrx_word' id='word_1_338' title='bbox 2548 1089 2707 1145; x_wconf 87' lang='lat' dir='ltr'>hunc</span> <span class='ocrx_word' id='word_1_339' title='bbox 2730 1087 3014 1145; x_wconf 88' lang='lat' dir='ltr'>modum:</span> <span class='ocrx_word' id='word_1_340' title='bbox 3041 1088 3136 1143; x_wconf 84' lang='lat' dir='ltr'>Est</span> <span class='ocrx_word' id='word_1_341' title='bbox 3152 1084 3432 1158; x_wconf 88' lang='lat' dir='ltr'>equidem</span> <span class='ocrx_word' id='word_1_342' title='bbox 3454 1082 3686 1140; x_wconf 85' lang='lat' dir='ltr'>bonitas</span> <span class='ocrx_word' id='word_1_343' title='bbox 3699 1081 3929 1153; x_wconf 84' lang='lat' dir='ltr'>inferior,</span> 
     </span>
     <span class='ocr_line' id='line_1_56' title="bbox 2423 1178 3932 1254; baseline -0.005 -13"><span class='ocrx_word' id='word_1_344' title='bbox 2423 1182 2504 1241; x_wconf 89' lang='lat' dir='ltr'>ad</span> <span class='ocrx_word' id='word_1_345' title='bbox 2540 1183 2750 1240; x_wconf 83' lang='lat' dir='ltr'>animae</span> <span class='ocrx_word' id='word_1_346' title='bbox 2775 1179 3256 1254; x_wconf 81' lang='lat' dir='ltr'>justificationem</span> <span class='ocrx_word' id='word_1_347' title='bbox 3294 1178 3624 1252; x_wconf 88' lang='lat' dir='ltr'>pertinens,</span> <span class='ocrx_word' id='word_1_348' title='bbox 3655 1193 3825 1252; x_wconf 86' lang='lat' dir='ltr'>quam</span> <span class='ocrx_word' id='word_1_349' title='bbox 3850 1192 3932 1234; x_wconf 91' lang='lat' dir='ltr'>oc-</span> 
     </span>
     <span class='ocr_line' id='line_1_57' title="bbox 2421 1270 3930 1350; baseline -0.004 -17"><span class='ocrx_word' id='word_1_350' title='bbox 2421 1276 2688 1335; x_wconf 88' lang='lat' dir='ltr'>tonarius</span> <span class='ocrx_word' id='word_1_351' title='bbox 2725 1276 2891 1350; x_wconf 87' lang='lat' dir='ltr'>prior</span> <span class='ocrx_word' id='word_1_352' title='bbox 2949 1273 3241 1349; x_wconf 88' lang='lat' dir='ltr'>percurrit</span> <span class='ocrx_word' id='word_1_353' title='bbox 3283 1291 3299 1329; x_wconf 92' lang='lat'>:</span> <span class='ocrx_word' id='word_1_354' title='bbox 3341 1277 3702 1347; x_wconf 88' lang='lat' dir='ltr'>quapropter</span> <span class='ocrx_word' id='word_1_355' title='bbox 3744 1270 3816 1328; x_wconf 87' lang='lat' dir='ltr'>ab</span> <span class='ocrx_word' id='word_1_356' title='bbox 3840 1270 3930 1326; x_wconf 87' lang='lat' dir='ltr'>he-</span> 
     </span>
     <span class='ocr_line' id='line_1_58' title="bbox 2422 1365 4071 1444; baseline -0.001 -15"><span class='ocrx_word' id='word_1_357' title='bbox 2422 1371 2627 1430; x_wconf 89' lang='lat' dir='ltr'>braica</span> <span class='ocrx_word' id='word_1_358' title='bbox 2653 1371 2844 1429; x_wconf 90' lang='lat' dir='ltr'>littera</span> <span class='ocrx_word' id='word_1_359' title='bbox 2870 1372 3018 1442; x_wconf 77' lang='lat' dir='ltr'>Teth,</span> <span class='ocrx_word' id='word_1_360' title='bbox 3040 1386 3174 1444; x_wconf 83' lang='lat' dir='ltr'>quse</span> <span class='ocrx_word' id='word_1_361' title='bbox 3190 1369 3601 1442; x_wconf 88' lang='lat' dir='ltr'>interpretatur</span> <span class='ocrx_word' id='word_1_362' title='bbox 3616 1368 3833 1425; x_wconf 90' lang='lat' dir='ltr'>bonum</span> <span class='ocrx_word' id='word_1_363' title='bbox 3851 1365 3932 1422; x_wconf 82' lang='lat' dir='ltr'>vel</span> <span class='ocrx_word' id='word_1_364' title='bbox 3981 1383 4071 1427; x_wconf 67' lang='lat' dir='ltr'>reu.</span> 
     </span>
     <span class='ocr_line' id='line_1_59' title="bbox 2422 1458 3932 1539; baseline -0.004 -17"><span class='ocrx_word' id='word_1_365' title='bbox 2422 1464 2597 1537; x_wconf 83' lang='lat' dir='ltr'>infra,</span> <span class='ocrx_word' id='word_1_366' title='bbox 2625 1465 2849 1539; x_wconf 89' lang='lat' dir='ltr'>incipit.</span> <span class='ocrx_word' id='word_1_367' title='bbox 2880 1468 2947 1522; x_wconf 88' lang='lat' dir='ltr'>Et</span> <span class='ocrx_word' id='word_1_368' title='bbox 2972 1468 3058 1521; x_wconf 92' lang='lat' dir='ltr'>est</span> <span class='ocrx_word' id='word_1_369' title='bbox 3074 1463 3310 1522; x_wconf 83' lang='lat' dir='ltr'>bonitas</span> <span class='ocrx_word' id='word_1_370' title='bbox 3335 1463 3627 1537; x_wconf 86' lang='lat' dir='ltr'>superior,</span> <span class='ocrx_word' id='word_1_371' title='bbox 3657 1460 3732 1519; x_wconf 91' lang='lat' dir='ltr'>ad</span> <span class='ocrx_word' id='word_1_372' title='bbox 3748 1458 3932 1517; x_wconf 80' lang='lat' dir='ltr'>animoe</span> 
     </span>
     <span class='ocr_line' id='line_1_60' title="bbox 2417 1549 3935 1631; baseline -0.006 -15"><span class='ocrx_word' id='word_1_373' title='bbox 2417 1558 2745 1631; x_wconf 81' lang='lat' dir='ltr'>justificatae</span> <span class='ocrx_word' id='word_1_374' title='bbox 2780 1558 3322 1631; x_wconf 86' lang='lat' dir='ltr'>magnificationem</span> <span class='ocrx_word' id='word_1_375' title='bbox 3371 1557 3638 1622; x_wconf 86' lang='lat' dir='ltr'>attinens,</span> <span class='ocrx_word' id='word_1_376' title='bbox 3681 1569 3849 1628; x_wconf 83' lang='lat' dir='ltr'>quam</span> <span class='ocrx_word' id='word_1_377' title='bbox 3873 1549 3935 1625; x_wconf 80' lang='lat' dir='ltr'>(a)</span> 
     </span>
     <span class='ocr_line' id='line_1_61' title="bbox 2425 1647 3936 1727; baseline -0.005 -17"><span class='ocrx_word' id='word_1_378' title='bbox 2425 1654 2762 1711; x_wconf 87' lang='lat' dir='ltr'>octonarius</span> <span class='ocrx_word' id='word_1_379' title='bbox 2800 1653 3094 1727; x_wconf 90' lang='lat' dir='ltr'>posterior</span> <span class='ocrx_word' id='word_1_380' title='bbox 3147 1651 3510 1726; x_wconf 85' lang='lat' dir='ltr'>superaddit.</span> <span class='ocrx_word' id='word_1_381' title='bbox 3570 1647 3936 1719; x_wconf 86' lang='lat' dir='ltr'>Quamobrem</span> 
     </span>
     <span class='ocr_line' id='line_1_62' title="bbox 2425 1740 4066 1820; baseline -0.005 -15"><span class='ocrx_word' id='word_1_382' title='bbox 2425 1748 2503 1805; x_wconf 89' lang='lat' dir='ltr'>ab</span> <span class='ocrx_word' id='word_1_383' title='bbox 2525 1747 2808 1805; x_wconf 89' lang='lat' dir='ltr'>hebraica</span> <span class='ocrx_word' id='word_1_384' title='bbox 2833 1748 3024 1805; x_wconf 90' lang='lat' dir='ltr'>littera</span> <span class='ocrx_word' id='word_1_385' title='bbox 3047 1747 3181 1815; x_wconf 77' lang='lat' dir='ltr'>lod,</span> <span class='ocrx_word' id='word_1_386' title='bbox 3212 1762 3347 1820; x_wconf 62' lang='lat' dir='ltr'>quas</span> <span class='ocrx_word' id='word_1_387' title='bbox 3372 1747 3778 1818; x_wconf 79' lang='lat' dir='ltr'>interpretatur</span> <span class='ocrx_word' id='word_1_388' title='bbox 3801 1740 3937 1814; x_wconf 87' lang='lat' dir='ltr'>prin·</span> <span class='ocrx_word' id='word_1_389' title='bbox 4007 1757 4066 1800; x_wconf 66' lang='grc' dir='ltr'>ιω.</span> 
     </span>
     <span class='ocr_line' id='line_1_63' title="bbox 2425 1834 3938 1915; baseline -0.005 -18"><span class='ocrx_word' id='word_1_390' title='bbox 2425 1840 2646 1915; x_wconf 90' lang='lat' dir='ltr'>cipium</span> <span class='ocrx_word' id='word_1_391' title='bbox 2666 1858 2772 1899; x_wconf 91' lang='lat' dir='ltr'>seu</span> <span class='ocrx_word' id='word_1_392' title='bbox 2786 1842 3136 1912; x_wconf 85' lang='lat' dir='ltr'>dominatio,</span> <span class='ocrx_word' id='word_1_393' title='bbox 3158 1840 3394 1898; x_wconf 89' lang='lat' dir='ltr'>initium</span> <span class='ocrx_word' id='word_1_394' title='bbox 3410 1838 3610 1895; x_wconf 90' lang='lat' dir='ltr'>sumit.</span> <span class='ocrx_word' id='word_1_395' title='bbox 3629 1834 3938 1895; x_wconf 87' lang='lat' dir='ltr'>octonarius</span> 
     </span>
     <span class='ocr_line' id='line_1_64' title="bbox 2424 1929 3938 2010; baseline -0.005 -17"><span class='ocrx_word' id='word_1_396' title='bbox 2424 1935 2810 1993; x_wconf 87' lang='lat' dir='ltr'>nihilominus</span> <span class='ocrx_word' id='word_1_397' title='bbox 2826 1937 2992 2010; x_wconf 87' lang='lat' dir='ltr'>prior</span> <span class='ocrx_word' id='word_1_398' title='bbox 3011 1934 3407 2007; x_wconf 89' lang='lat' dir='ltr'>distinguitur,</span> <span class='ocrx_word' id='word_1_399' title='bbox 3427 1932 3716 2007; x_wconf 91' lang='lat' dir='ltr'>quoniam</span> <span class='ocrx_word' id='word_1_400' title='bbox 3735 1929 3938 1988; x_wconf 85' lang='lat' dir='ltr'>bonitas</span> 
     </span>
     <span class='ocr_line' id='line_1_65' title="bbox 2422 2027 3938 2105; baseline -0.005 -18"><span class='ocrx_word' id='word_1_401' title='bbox 2422 2028 2666 2089; x_wconf 81' lang='lat' dir='ltr'>inferior</span> <span class='ocrx_word' id='word_1_402' title='bbox 2703 2030 2957 2105; x_wconf 86' lang='lat' dir='ltr'>pertinet</span> <span class='ocrx_word' id='word_1_403' title='bbox 2995 2029 3075 2087; x_wconf 91' lang='lat' dir='ltr'>ad</span> <span class='ocrx_word' id='word_1_404' title='bbox 3118 2029 3330 2087; x_wconf 68' lang='lat' dir='ltr'>animae</span> <span class='ocrx_word' id='word_1_405' title='bbox 3362 2027 3756 2097; x_wconf 90' lang='lat' dir='ltr'>curationem,</span> <span class='ocrx_word' id='word_1_406' title='bbox 3784 2038 3938 2098; x_wconf 88' lang='lat' dir='ltr'>quam</span> 
     </span>
     <span class='ocr_line' id='line_1_66' title="bbox 2429 2124 3937 2200; baseline -0.004 -18"><span class='ocrx_word' id='word_1_407' title='bbox 2429 2124 2690 2184; x_wconf 88' lang='lat' dir='ltr'>declarat</span> <span class='ocrx_word' id='word_1_408' title='bbox 2732 2124 3141 2200; x_wconf 89' lang='lat' dir='ltr'>quaternarius</span> <span class='ocrx_word' id='word_1_409' title='bbox 3175 2124 3437 2199; x_wconf 88' lang='lat' dir='ltr'>primus;</span> <span class='ocrx_word' id='word_1_410' title='bbox 3475 2128 3534 2180; x_wconf 89' lang='lat' dir='ltr'>et</span> <span class='ocrx_word' id='word_1_411' title='bbox 3575 2125 3784 2180; x_wconf 81' lang='lat' dir='ltr'>curatae</span> <span class='ocrx_word' id='word_1_412' title='bbox 3824 2134 3937 2177; x_wconf 91' lang='lat' dir='ltr'>con·</span> 
     </span>
     <span class='ocr_line' id='line_1_67' title="bbox 2426 2213 3935 2294; baseline -0.005 -17"><span class='ocrx_word' id='word_1_413' title='bbox 2426 2220 2842 2290; x_wconf 86' lang='lat' dir='ltr'>servationem,</span> <span class='ocrx_word' id='word_1_414' title='bbox 2863 2235 3046 2294; x_wconf 92' lang='lat' dir='ltr'>quam</span> <span class='ocrx_word' id='word_1_415' title='bbox 3074 2218 3334 2275; x_wconf 87' lang='lat' dir='ltr'>declarat</span> <span class='ocrx_word' id='word_1_416' title='bbox 3361 2218 3766 2291; x_wconf 88' lang='lat' dir='ltr'>quaternarius</span> <span class='ocrx_word' id='word_1_417' title='bbox 3793 2213 3935 2271; x_wconf 78' lang='lat' dir='ltr'>alius.</span> 
     </span>
     <span class='ocr_line' id='line_1_68' title="bbox 2427 2307 3940 2387; baseline -0.007 -15"><span class='ocrx_word' id='word_1_418' title='bbox 2427 2313 2843 2384; x_wconf 84' lang='lat' dir='ltr'>Quaternarius</span> <span class='ocrx_word' id='word_1_419' title='bbox 2869 2313 3045 2371; x_wconf 89' lang='lat' dir='ltr'>etiam</span> <span class='ocrx_word' id='word_1_420' title='bbox 3066 2312 3230 2387; x_wconf 89' lang='lat' dir='ltr'>prior</span> <span class='ocrx_word' id='word_1_421' title='bbox 3250 2311 3741 2386; x_wconf 86' lang='lat' dir='ltr'>quadripartitam</span> <span class='ocrx_word' id='word_1_422' title='bbox 3766 2307 3940 2381; x_wconf 83' lang='lat' dir='ltr'>recipit</span> 
     </span>
     <span class='ocr_line' id='line_1_69' title="bbox 2428 2402 3938 2481; baseline -0.005 -15"><span class='ocrx_word' id='word_1_423' title='bbox 2428 2409 2779 2480; x_wconf 89' lang='lat' dir='ltr'>sectionem,</span> <span class='ocrx_word' id='word_1_424' title='bbox 2831 2408 3159 2464; x_wconf 89' lang='lat' dir='ltr'>secundum</span> <span class='ocrx_word' id='word_1_425' title='bbox 3206 2410 3461 2481; x_wconf 87' lang='lat' dir='ltr'>quatuor</span> <span class='ocrx_word' id='word_1_426' title='bbox 3500 2402 3716 2464; x_wconf 57' lang='lat' dir='ltr'>animas</span> <span class='ocrx_word' id='word_1_427' title='bbox 3753 2404 3938 2462; x_wconf 87' lang='lat' dir='ltr'>virium</span> 
     </span>
     <span class='ocr_line' id='line_1_70' title="bbox 2430 2497 3938 2575; baseline -0.004 -16"><span class='ocrx_word' id='word_1_428' title='bbox 2430 2502 2815 2573; x_wconf 90' lang='lat' dir='ltr'>curationem,</span> <span class='ocrx_word' id='word_1_429' title='bbox 2841 2501 3114 2559; x_wconf 81' lang='lat' dir='ltr'>videlicet</span> <span class='ocrx_word' id='word_1_430' title='bbox 3140 2501 3605 2575; x_wconf 81' lang='lat' dir='ltr'>apprehensivae,</span> <span class='ocrx_word' id='word_1_431' title='bbox 3626 2497 3938 2575; x_wconf 68' lang='lat' dir='ltr'>appetitiva,</span> 
     </span>
     <span class='ocr_line' id='line_1_71' title="bbox 2429 2591 3940 2670; baseline -0.004 -15"><span class='ocrx_word' id='word_1_432' title='bbox 2429 2598 2863 2669; x_wconf 82' lang='lat' dir='ltr'>memorativae,</span> <span class='ocrx_word' id='word_1_433' title='bbox 2896 2596 3152 2666; x_wconf 83' lang='lat' dir='ltr'>motivae,</span> <span class='ocrx_word' id='word_1_434' title='bbox 3182 2612 3315 2670; x_wconf 86' lang='lat' dir='ltr'>quae</span> <span class='ocrx_word' id='word_1_435' title='bbox 3347 2599 3481 2653; x_wconf 87' lang='lat' dir='ltr'>sunt</span> <span class='ocrx_word' id='word_1_436' title='bbox 3507 2595 3754 2653; x_wconf 87' lang='lat' dir='ltr'>totidem</span> <span class='ocrx_word' id='word_1_437' title='bbox 3789 2591 3940 2650; x_wconf 82' lang='lat' dir='ltr'>versi·</span> 
     </span>
     <span class='ocr_line' id='line_1_72' title="bbox 2430 2687 3942 2765; baseline -0.007 -15"><span class='ocrx_word' id='word_1_438' title='bbox 2430 2692 2546 2750; x_wconf 90' lang='lat' dir='ltr'>bus</span> <span class='ocrx_word' id='word_1_439' title='bbox 2600 2692 2948 2750; x_wconf 62' lang='lat' dir='ltr'>subnotatas.</span> <span class='ocrx_word' id='word_1_440' title='bbox 2993 2694 3205 2749; x_wconf 82' lang='lat' dir='ltr'>Versus</span> <span class='ocrx_word' id='word_1_441' title='bbox 3251 2691 3479 2765; x_wconf 87' lang='lat' dir='ltr'>primus</span> <span class='ocrx_word' id='word_1_442' title='bbox 3531 2687 3942 2765; x_wconf 75' lang='lat' dir='ltr'>apprehensirae</span> 
     </span>
     <span class='ocr_line' id='line_1_73' title="bbox 2431 2785 3941 2861; baseline -0.005 -17"><span class='ocrx_word' id='word_1_443' title='bbox 2431 2788 2792 2846; x_wconf 89' lang='lat' dir='ltr'>curationem</span> <span class='ocrx_word' id='word_1_444' title='bbox 2813 2786 3086 2858; x_wconf 88' lang='lat' dir='ltr'>ostendit,</span> <span class='ocrx_word' id='word_1_445' title='bbox 3111 2786 3255 2861; x_wconf 88' lang='lat' dir='ltr'>quia</span> <span class='ocrx_word' id='word_1_446' title='bbox 3276 2786 3444 2860; x_wconf 89' lang='lat' dir='ltr'>quid,</span> <span class='ocrx_word' id='word_1_447' title='bbox 3465 2785 3526 2842; x_wconf 91' lang='lat' dir='ltr'>in</span> <span class='ocrx_word' id='word_1_448' title='bbox 3546 2801 3749 2859; x_wconf 88' lang='lat' dir='ltr'>quem,</span> <span class='ocrx_word' id='word_1_449' title='bbox 3771 2799 3805 2839; x_wconf 87' lang='lat' dir='ltr'>a</span> <span class='ocrx_word' id='word_1_450' title='bbox 3823 2793 3941 2855; x_wconf 82' lang='lat' dir='ltr'>qun,</span> 
     </span>
     <span class='ocr_line' id='line_1_74' title="bbox 2433 2877 3944 2956; baseline -0.005 -18"><span class='ocrx_word' id='word_1_451' title='bbox 2433 2884 2490 2938; x_wconf 91' lang='lat' dir='ltr'>et</span> <span class='ocrx_word' id='word_1_452' title='bbox 2530 2897 2637 2955; x_wconf 91' lang='lat' dir='ltr'>per</span> <span class='ocrx_word' id='word_1_453' title='bbox 2663 2898 2844 2956; x_wconf 86' lang='lat' dir='ltr'>quem</span> <span class='ocrx_word' id='word_1_454' title='bbox 2879 2880 3143 2950; x_wconf 88' lang='lat' dir='ltr'>mittitur,</span> <span class='ocrx_word' id='word_1_455' title='bbox 3176 2877 3605 2953; x_wconf 88' lang='lat' dir='ltr'>apprehendit,</span> <span class='ocrx_word' id='word_1_456' title='bbox 3645 2877 3849 2935; x_wconf 90' lang='lat' dir='ltr'>scilicet</span> <span class='ocrx_word' id='word_1_457' title='bbox 3872 2887 3944 2929; x_wconf 82' lang='lat' dir='ltr'>sa·</span> 
     </span>
    </p>
   </div>
   <div class='ocr_carea' id='block_1_17' title="bbox 2393 2971 3946 3048">
    <p class='ocr_par' dir='ltr' id='par_1_17' title="bbox 2393 2971 3946 3048">
     <span class='ocr_line' id='line_1_75' title="bbox 2393 2971 3946 3048; baseline -0.003 -16"><span class='ocrx_word' id='word_1_458' title='bbox 2393 3005 2397 3010; x_wconf 94' lang='lat'>·</span> <span class='ocrx_word' id='word_1_459' title='bbox 2431 2974 2626 3032; x_wconf 87' lang='lat' dir='ltr'>nitatis</span> <span class='ocrx_word' id='word_1_460' title='bbox 2651 2975 2943 3048; x_wconf 89' lang='lat' dir='ltr'>habitum,</span> <span class='ocrx_word' id='word_1_461' title='bbox 2967 2975 3179 3033; x_wconf 79' lang='lat' dir='ltr'>animae</span> <span class='ocrx_word' id='word_1_462' title='bbox 3204 2973 3444 3031; x_wconf 89' lang='lat' dir='ltr'>insitum</span> <span class='ocrx_word' id='word_1_463' title='bbox 3471 2972 3548 3031; x_wconf 90' lang='lat' dir='ltr'>ab</span> <span class='ocrx_word' id='word_1_464' title='bbox 3580 2971 3834 3048; x_wconf 80' lang='lat' dir='ltr'>ingenito</span> <span class='ocrx_word' id='word_1_465' title='bbox 3858 2981 3946 3041; x_wconf 80' lang='lat' dir='ltr'>per</span> 
     </span>
    </p>
   </div>
   <div class='ocr_carea' id='block_1_18' title="bbox 2433 3068 2822 3142">
    <p class='ocr_par' dir='ltr' id='par_1_18' title="bbox 2433 3068 2822 3142">
     <span class='ocr_line' id='line_1_76' title="bbox 2433 3068 2822 3142; baseline 0 -17"><span class='ocrx_word' id='word_1_466' title='bbox 2433 3068 2822 3142; x_wconf 87' lang='lat' dir='ltr'>Unigenitum.</span> 
     </span>
    </p>
   </div>
   <div class='ocr_carea' id='block_1_19' title="bbox 2930 3220 3487 3291">
    <p class='ocr_par' dir='ltr' id='par_1_19' title="bbox 2930 3220 3487 3291">
     <span class='ocr_line' id='line_1_77' title="bbox 2930 3220 3487 3291; baseline -0.002 -15"><span class='ocrx_word' id='word_1_467' title='bbox 2930 3221 3217 3276; x_wconf 82' lang='lat' dir='ltr'>Articulus</span> <span class='ocrx_word' id='word_1_468' title='bbox 3252 3220 3487 3291; x_wconf 78' lang='lat' dir='ltr'>primus.</span> 
     </span>
    </p>
   </div>
   <div class='ocr_carea' id='block_1_20' title="bbox 2424 3349 3958 4652">
    <p class='ocr_par' dir='ltr' id='par_1_20' title="bbox 2424 3349 3958 4652">
     <span class='ocr_line' id='line_1_78' title="bbox 2424 3349 3948 3428; baseline -0.006 -14"><span class='ocrx_word' id='word_1_469' title='bbox 2424 3405 2432 3414; x_wconf 85' lang='grc'><strong>.</strong></span> <span class='ocrx_word' id='word_1_470' title='bbox 2505 3355 2764 3413; x_wconf 87' lang='lat' dir='ltr'>Primum</span> <span class='ocrx_word' id='word_1_471' title='bbox 2804 3352 3051 3428; x_wconf 90' lang='lat' dir='ltr'>quidem</span> <span class='ocrx_word' id='word_1_472' title='bbox 3089 3356 3467 3427; x_wconf 65' lang='lat' dir='ltr'>praenotatur,</span> <span class='ocrx_word' id='word_1_473' title='bbox 3512 3368 3654 3411; x_wconf 91' lang='lat' dir='ltr'>cum</span> <span class='ocrx_word' id='word_1_474' title='bbox 3683 3349 3948 3427; x_wconf 71' lang='lat' dir='ltr'>praemitti-</span> 
     </span>
     <span class='ocr_line' id='line_1_79' title="bbox 2433 3447 3958 3521; baseline -0.001 -15"><span class='ocrx_word' id='word_1_475' title='bbox 2433 3453 2563 3506; x_wconf 88' lang='lat' dir='ltr'>tur:</span> <span class='ocrx_word' id='word_1_476' title='bbox 2593 3451 2898 3505; x_wconf 75' lang='lat' dir='ltr'>Bonitatem</span> <span class='ocrx_word' id='word_1_477' title='bbox 2931 3450 3135 3516; x_wconf 73' lang='lat' dir='ltr'>fecisti.</span> <span class='ocrx_word' id='word_1_478' title='bbox 3185 3451 3296 3507; x_wconf 86' lang='lat' dir='ltr'>Ista</span> <span class='ocrx_word' id='word_1_479' title='bbox 3330 3464 3596 3521; x_wconf 92' lang='lat' dir='ltr'>namque</span> <span class='ocrx_word' id='word_1_480' title='bbox 3632 3447 3857 3506; x_wconf 87' lang='lat' dir='ltr'>bonitas</span> <span class='ocrx_word' id='word_1_481' title='bbox 3883 3447 3958 3504; x_wconf 83' lang='lat' dir='ltr'>est.</span> 
     </span>
     <span class='ocr_line' id='line_1_80' title="bbox 2433 3541 3952 3618; baseline -0.005 -18"><span class='ocrx_word' id='word_1_482' title='bbox 2433 3544 2753 3618; x_wconf 86' lang='lat' dir='ltr'>spiritualis</span> <span class='ocrx_word' id='word_1_483' title='bbox 2776 3543 3010 3615; x_wconf 75' lang='lat' dir='ltr'>sanitas,</span> <span class='ocrx_word' id='word_1_484' title='bbox 3035 3558 3218 3617; x_wconf 90' lang='lat' dir='ltr'>quam</span> <span class='ocrx_word' id='word_1_485' title='bbox 3244 3542 3308 3599; x_wconf 92' lang='lat' dir='ltr'>in</span> <span class='ocrx_word' id='word_1_486' title='bbox 3331 3541 3510 3599; x_wconf 91' lang='lat' dir='ltr'>nobis</span> <span class='ocrx_word' id='word_1_487' title='bbox 3538 3546 3701 3600; x_wconf 91' lang='lat' dir='ltr'>creat</span> <span class='ocrx_word' id='word_1_488' title='bbox 3725 3541 3952 3599; x_wconf 84' lang='lat' dir='ltr'>increata</span> 
     </span>
     <span class='ocr_line' id='line_1_81' title="bbox 2433 3631 3950 3710; baseline -0.005 -14"><span class='ocrx_word' id='word_1_489' title='bbox 2433 3637 2687 3697; x_wconf 87' lang='lat' dir='ltr'>bonitas.</span> <span class='ocrx_word' id='word_1_490' title='bbox 2719 3639 2876 3695; x_wconf 90' lang='lat' dir='ltr'>Unde</span> <span class='ocrx_word' id='word_1_491' title='bbox 2906 3637 3257 3708; x_wconf 90' lang='lat' dir='ltr'>notandum,</span> <span class='ocrx_word' id='word_1_492' title='bbox 3289 3637 3456 3710; x_wconf 90' lang='lat' dir='ltr'>quod</span> <span class='ocrx_word' id='word_1_493' title='bbox 3484 3638 3574 3693; x_wconf 88' lang='lat' dir='ltr'>est</span> <span class='ocrx_word' id='word_1_494' title='bbox 3608 3635 3835 3694; x_wconf 87' lang='lat' dir='ltr'>bonitas</span> <span class='ocrx_word' id='word_1_495' title='bbox 3857 3631 3950 3688; x_wconf 90' lang='lat' dir='ltr'>im-</span> 
     </span>
     <span class='ocr_line' id='line_1_82' title="bbox 2433 3728 3952 3807; baseline -0.003 -16"><span class='ocrx_word' id='word_1_496' title='bbox 2433 3737 2883 3807; x_wconf 87' lang='lat' dir='ltr'>provectorum,</span> <span class='ocrx_word' id='word_1_497' title='bbox 2927 3733 3380 3805; x_wconf 86' lang='lat' dir='ltr'>provectorum,</span> <span class='ocrx_word' id='word_1_498' title='bbox 3425 3728 3781 3790; x_wconf 87' lang='lat' dir='ltr'>electorum:</span> <span class='ocrx_word' id='word_1_499' title='bbox 3832 3741 3952 3802; x_wconf 74' lang='lat' dir='ltr'>qua-</span> 
     </span>
     <span class='ocr_line' id='line_1_83' title="bbox 2433 3824 3949 3900; baseline -0.007 -15"><span class='ocrx_word' id='word_1_500' title='bbox 2433 3843 2570 3884; x_wconf 89' lang='lat' dir='ltr'>rum</span> <span class='ocrx_word' id='word_1_501' title='bbox 2604 3828 2798 3900; x_wconf 90' lang='lat' dir='ltr'>prima</span> <span class='ocrx_word' id='word_1_502' title='bbox 2823 3825 3103 3897; x_wconf 84' lang='lat' dir='ltr'>fruimur,</span> <span class='ocrx_word' id='word_1_503' title='bbox 3141 3825 3466 3883; x_wconf 87' lang='lat' dir='ltr'>secundam</span> <span class='ocrx_word' id='word_1_504' title='bbox 3501 3824 3827 3900; x_wconf 90' lang='lat' dir='ltr'>sequimur,</span> <span class='ocrx_word' id='word_1_505' title='bbox 3855 3825 3949 3876; x_wconf 88' lang='lat' dir='ltr'>ter-</span> 
     </span>
     <span class='ocr_line' id='line_1_84' title="bbox 2434 3914 3953 3995; baseline -0.008 -17"><span class='ocrx_word' id='word_1_506' title='bbox 2434 3920 2578 3978; x_wconf 90' lang='lat' dir='ltr'>tiam</span> <span class='ocrx_word' id='word_1_507' title='bbox 2623 3921 2939 3995; x_wconf 89' lang='lat' dir='ltr'>impetrare</span> <span class='ocrx_word' id='word_1_508' title='bbox 2983 3919 3282 3977; x_wconf 89' lang='lat' dir='ltr'>molimur.</span> <span class='ocrx_word' id='word_1_509' title='bbox 3338 3920 3416 3976; x_wconf 87' lang='lat' dir='ltr'>De</span> <span class='ocrx_word' id='word_1_510' title='bbox 3466 3919 3665 3993; x_wconf 89' lang='lat' dir='ltr'>prima</span> <span class='ocrx_word' id='word_1_511' title='bbox 3711 3914 3953 3974; x_wconf 87' lang='lat' dir='ltr'>scribitur</span> 
     </span>
     <span class='ocr_line' id='line_1_85' title="bbox 2437 4003 3952 4088; baseline -0.007 -16"><span class='ocrx_word' id='word_1_512' title='bbox 2437 4014 2515 4072; x_wconf 91' lang='lat' dir='ltr'>ab</span> <span class='ocrx_word' id='word_1_513' title='bbox 2543 4014 2823 4088; x_wconf 82' lang='lat' dir='ltr'>Apostolo</span> <span class='ocrx_word' id='word_1_514' title='bbox 2847 4016 2902 4071; x_wconf 79' lang='lat'>⁷:</span> <span class='ocrx_word' id='word_1_515' title='bbox 2933 4015 3217 4070; x_wconf 74' lang='lat' dir='ltr'>«Fructus</span> <span class='ocrx_word' id='word_1_516' title='bbox 3239 4011 3389 4070; x_wconf 91' lang='lat' dir='ltr'>lucis</span> <span class='ocrx_word' id='word_1_517' title='bbox 3417 4012 3591 4070; x_wconf 88' lang='lat' dir='ltr'>estin</span> <span class='ocrx_word' id='word_1_518' title='bbox 3621 4011 3783 4070; x_wconf 91' lang='lat' dir='ltr'>omni</span> <span class='ocrx_word' id='word_1_519' title='bbox 3807 4003 3952 4065; x_wconf 91' lang='lat' dir='ltr'>boni-</span> 
     </span>
     <span class='ocr_line' id='line_1_86' title="bbox 2435 4097 3954 4166; baseline -0.008 -2"><span class='ocrx_word' id='word_1_520' title='bbox 2435 4111 2589 4165; x_wconf 90' lang='lat' dir='ltr'>tate:</span> <span class='ocrx_word' id='word_1_521' title='bbox 2620 4128 2648 4163; x_wconf 86' lang='lat'>»</span> <span class='ocrx_word' id='word_1_522' title='bbox 2685 4124 2818 4166; x_wconf 89' lang='lat' dir='ltr'>ecce</span> <span class='ocrx_word' id='word_1_523' title='bbox 2847 4107 3126 4165; x_wconf 88' lang='lat' dir='ltr'>bonitatis</span> <span class='ocrx_word' id='word_1_524' title='bbox 3161 4106 3381 4164; x_wconf 85' lang='lat' dir='ltr'>fruitio.</span> <span class='ocrx_word' id='word_1_525' title='bbox 3424 4111 3499 4164; x_wconf 90' lang='lat' dir='ltr'>De</span> <span class='ocrx_word' id='word_1_526' title='bbox 3537 4105 3798 4164; x_wconf 88' lang='lat' dir='ltr'>secunda</span> <span class='ocrx_word' id='word_1_527' title='bbox 3836 4097 3954 4159; x_wconf 84' lang='lat' dir='ltr'>dicit</span> 
     </span>
     <span class='ocr_line' id='line_1_87' title="bbox 2437 4195 3954 4275; baseline -0.005 -17"><span class='ocrx_word' id='word_1_528' title='bbox 2437 4201 2935 4275; x_wconf 75' lang='lat' dir='ltr'>psalmographus</span> <span class='ocrx_word' id='word_1_529' title='bbox 2954 4203 3004 4257; x_wconf 82' lang='lat'>⁸:</span> <span class='ocrx_word' id='word_1_530' title='bbox 3029 4221 3058 4256; x_wconf 72' lang='grc' dir='ltr'><strong>α</strong></span> <span class='ocrx_word' id='word_1_531' title='bbox 3083 4201 3475 4259; x_wconf 87' lang='lat' dir='ltr'>Detrahebant</span> <span class='ocrx_word' id='word_1_532' title='bbox 3499 4201 3669 4272; x_wconf 88' lang='lat' dir='ltr'>mihi,</span> <span class='ocrx_word' id='word_1_533' title='bbox 3700 4195 3954 4273; x_wconf 86' lang='lat' dir='ltr'>quoniam</span> 
     </span>
     <span class='ocr_line' id='line_1_88' title="bbox 2436 4293 3954 4369; baseline -0.007 -17"><span class='ocrx_word' id='word_1_534' title='bbox 2436 4294 2734 4369; x_wconf 88' lang='lat' dir='ltr'>sequebar</span> <span class='ocrx_word' id='word_1_535' title='bbox 2780 4294 3108 4352; x_wconf 82' lang='lat' dir='ltr'>bonitatem</span> <span class='ocrx_word' id='word_1_536' title='bbox 3147 4313 3162 4353; x_wconf 72' lang='grc' dir='ltr'><strong><em>ε</em></strong></span> <span class='ocrx_word' id='word_1_537' title='bbox 3205 4314 3235 4350; x_wconf 79' lang='grc'>»</span> <span class='ocrx_word' id='word_1_538' title='bbox 3278 4310 3412 4352; x_wconf 88' lang='lat' dir='ltr'>ecce</span> <span class='ocrx_word' id='word_1_539' title='bbox 3461 4293 3740 4351; x_wconf 88' lang='lat' dir='ltr'>bonitatis</span> <span class='ocrx_word' id='word_1_540' title='bbox 3777 4301 3954 4364; x_wconf 84' lang='lat' dir='ltr'>prose·</span> 
     </span>
     <span class='ocr_line' id='line_1_89' title="bbox 2440 4378 3955 4463; baseline -0.009 -17"><span class='ocrx_word' id='word_1_541' title='bbox 2440 4388 2616 4446; x_wconf 89' lang='lat' dir='ltr'>cutio.</span> <span class='ocrx_word' id='word_1_542' title='bbox 2647 4391 2726 4446; x_wconf 90' lang='lat' dir='ltr'>De</span> <span class='ocrx_word' id='word_1_543' title='bbox 2754 4389 2921 4447; x_wconf 87' lang='lat' dir='ltr'>tertia</span> <span class='ocrx_word' id='word_1_544' title='bbox 2948 4388 3149 4463; x_wconf 91' lang='lat' dir='ltr'>psallit</span> <span class='ocrx_word' id='word_1_545' title='bbox 3164 4388 3569 4463; x_wconf 75' lang='lat' dir='ltr'>Propheta⁹:«</span> <span class='ocrx_word' id='word_1_546' title='bbox 3587 4386 3763 4445; x_wconf 83' lang='lat' dir='ltr'>Visita</span> <span class='ocrx_word' id='word_1_547' title='bbox 3787 4396 3889 4440; x_wconf 89' lang='lat' dir='ltr'>nos</span> <span class='ocrx_word' id='word_1_548' title='bbox 3903 4378 3955 4434; x_wconf 91' lang='lat' dir='ltr'>in</span> 
     </span>
     <span class='ocr_line' id='line_1_90' title="bbox 2439 4483 3955 4554; baseline -0.004 -14"><span class='ocrx_word' id='word_1_549' title='bbox 2439 4483 2681 4542; x_wconf 89' lang='lat' dir='ltr'>salutari</span> <span class='ocrx_word' id='word_1_550' title='bbox 2706 4487 2828 4554; x_wconf 92' lang='lat' dir='ltr'>tuo,</span> <span class='ocrx_word' id='word_1_551' title='bbox 2848 4484 2928 4541; x_wconf 91' lang='lat' dir='ltr'>ad</span> <span class='ocrx_word' id='word_1_552' title='bbox 2947 4484 3277 4542; x_wconf 81' lang='lat' dir='ltr'>videndum</span> <span class='ocrx_word' id='word_1_553' title='bbox 3295 4484 3356 4542; x_wconf 91' lang='lat' dir='ltr'>in</span> <span class='ocrx_word' id='word_1_554' title='bbox 3372 4484 3639 4542; x_wconf 86' lang='lat' dir='ltr'>bonitate</span> <span class='ocrx_word' id='word_1_555' title='bbox 3666 4483 3955 4540; x_wconf 88' lang='lat' dir='ltr'>electorum</span> 
     </span>
     <span class='ocr_line' id='line_1_91' title="bbox 2439 4578 3632 4652; baseline 0 -17"><span class='ocrx_word' id='word_1_556' title='bbox 2439 4581 2717 4636; x_wconf 88' lang='lat' dir='ltr'>tuorum:</span> <span class='ocrx_word' id='word_1_557' title='bbox 2747 4597 2778 4634; x_wconf 66' lang='lat' dir='ltr'>n</span> <span class='ocrx_word' id='word_1_558' title='bbox 2812 4593 2947 4637; x_wconf 88' lang='lat' dir='ltr'>ecce</span> <span class='ocrx_word' id='word_1_559' title='bbox 2974 4578 3253 4637; x_wconf 85' lang='lat' dir='ltr'>bonitatis</span> <span class='ocrx_word' id='word_1_560' title='bbox 3278 4578 3632 4652; x_wconf 88' lang='lat' dir='ltr'>impetratio.</span> 
     </span>
    </p>
   </div>
   <div class='ocr_carea' id='block_1_21' title="bbox 2911 4695 3503 4828">
    <p class='ocr_par' dir='ltr' id='par_1_21' title="bbox 2911 4695 3503 4828">
     <span class='ocr_line' id='line_1_92' title="bbox 2911 4695 3503 4828; baseline -0.002 -34"><span class='ocrx_word' id='word_1_561' title='bbox 2911 4740 3197 4828; x_wconf 49' lang='lat' dir='ltr'>articulus</span> <span class='ocrx_word' id='word_1_562' title='bbox 3222 4695 3503 4796; x_wconf 66' lang='lat' dir='ltr'>secundus.</span> 
     </span>
    </p>
   </div>
   <div class='ocr_carea' id='block_1_22' title="bbox 2443 4861 3958 5130">
    <p class='ocr_par' dir='ltr' id='par_1_22' title="bbox 2443 4861 3958 5130">
     <span class='ocr_line' id='line_1_93' title="bbox 2511 4861 3954 4939; baseline -0.002 -17"><span class='ocrx_word' id='word_1_563' title='bbox 2511 4863 2848 4936; x_wconf 86' lang='lat' dir='ltr'>Secundum</span> <span class='ocrx_word' id='word_1_564' title='bbox 2877 4870 3076 4923; x_wconf 87' lang='lat' dir='ltr'>autem</span> <span class='ocrx_word' id='word_1_565' title='bbox 3109 4867 3481 4939; x_wconf 88' lang='lat' dir='ltr'>subnotatur,</span> <span class='ocrx_word' id='word_1_566' title='bbox 3510 4882 3647 4923; x_wconf 89' lang='lat' dir='ltr'>cum</span> <span class='ocrx_word' id='word_1_567' title='bbox 3675 4861 3954 4922; x_wconf 81' lang='lat' dir='ltr'>subditur:</span> 
     </span>
     <span class='ocr_line' id='line_1_94' title="bbox 2446 4950 3958 5034; baseline -0.001 -21"><span class='ocrx_word' id='word_1_568' title='bbox 2446 4957 2577 5014; x_wconf 81' lang='lat' dir='ltr'>Cum</span> <span class='ocrx_word' id='word_1_569' title='bbox 2604 4975 2750 5015; x_wconf 86' lang='lat' dir='ltr'>servo</span> <span class='ocrx_word' id='word_1_570' title='bbox 2782 4965 2871 5016; x_wconf 80' lang='lat' dir='ltr'>tuo</span> <span class='ocrx_word' id='word_1_571' title='bbox 2882 5000 2903 5030; x_wconf 93' lang='lat'><strong>,</strong></span> <span class='ocrx_word' id='word_1_572' title='bbox 2932 4963 3223 5033; x_wconf 89' lang='lat' dir='ltr'>quantum</span> <span class='ocrx_word' id='word_1_573' title='bbox 3254 4960 3334 5018; x_wconf 88' lang='lat' dir='ltr'>ad</span> <span class='ocrx_word' id='word_1_574' title='bbox 3375 4963 3502 5034; x_wconf 85' lang='lat' dir='ltr'>ejus</span> <span class='ocrx_word' id='word_1_575' title='bbox 3535 4960 3803 5033; x_wconf 86' lang='lat' dir='ltr'>spiritum</span> <span class='ocrx_word' id='word_1_576' title='bbox 3827 4950 3958 5012; x_wconf 86' lang='lat' dir='ltr'>sani-</span> 
     </span>
     <span class='ocr_line' id='line_1_95' title="bbox 2443 5044 3958 5130; baseline -0.002 -22"><span class='ocrx_word' id='word_1_577' title='bbox 2443 5052 2543 5111; x_wconf 91' lang='lat' dir='ltr'>tati</span> <span class='ocrx_word' id='word_1_578' title='bbox 2561 5052 2883 5112; x_wconf 89' lang='lat' dir='ltr'>redditum.</span> <span class='ocrx_word' id='word_1_579' title='bbox 2909 5057 2976 5112; x_wconf 88' lang='lat' dir='ltr'>Et</span> <span class='ocrx_word' id='word_1_580' title='bbox 3002 5058 3145 5112; x_wconf 88' lang='lat' dir='ltr'>nota</span> <span class='ocrx_word' id='word_1_581' title='bbox 3171 5071 3408 5113; x_wconf 86' lang='lat' dir='ltr'>servum</span> <span class='ocrx_word' id='word_1_582' title='bbox 3433 5054 3746 5130; x_wconf 89' lang='lat' dir='ltr'>triplicem,</span> <span class='ocrx_word' id='word_1_583' title='bbox 3767 5044 3958 5123; x_wconf 81' lang='lat' dir='ltr'>triplici</span> 
     </span>
    </p>
   </div>
   <div class='ocr_carea' id='block_1_23' title="bbox 2440 5203 3958 5416">
    <p class='ocr_par' dir='ltr' id='par_1_23' title="bbox 2440 5203 3958 5416">
     <span class='ocr_line' id='line_1_96' title="bbox 2507 5203 3955 5274; baseline 0.005 -19"><span class='ocrx_word' id='word_1_584' title='bbox 2507 5211 2517 5236; x_wconf 84' lang='lat'><strong>¹</strong></span> <span class='ocrx_word' id='word_1_585' title='bbox 2550 5205 2663 5273; x_wconf 75' lang='lat' dir='ltr'>Job,</span> <span class='ocrx_word' id='word_1_586' title='bbox 2694 5219 2882 5272; x_wconf 73' lang='lat' dir='ltr'>xxxvi,</span> <span class='ocrx_word' id='word_1_587' title='bbox 2921 5211 3001 5260; x_wconf 89' lang='lat'>22.</span> <span class='ocrx_word' id='word_1_588' title='bbox 3034 5234 3096 5247; x_wconf 93' lang='grc'>-</span> <span class='ocrx_word' id='word_1_589' title='bbox 3129 5209 3153 5243; x_wconf 79' lang='lat'><strong>¹</strong></span> <span class='ocrx_word' id='word_1_590' title='bbox 3176 5209 3305 5274; x_wconf 66' lang='lat' dir='ltr'>Jac„</span> <span class='ocrx_word' id='word_1_591' title='bbox 3334 5221 3406 5274; x_wconf 75' lang='lat' dir='ltr'>iv,</span> <span class='ocrx_word' id='word_1_592' title='bbox 3436 5211 3513 5260; x_wconf 73' lang='lat'>12.</span> <span class='ocrx_word' id='word_1_593' title='bbox 3543 5235 3607 5246; x_wconf 90' lang='lat'>-</span> <span class='ocrx_word' id='word_1_594' title='bbox 3640 5209 3664 5244; x_wconf 77' lang='lat'>⁸</span> <span class='ocrx_word' id='word_1_595' title='bbox 3688 5205 3819 5259; x_wconf 60' lang='lat' dir='ltr'>Prae.</span> <span class='ocrx_word' id='word_1_596' title='bbox 3853 5203 3955 5262; x_wconf 66' lang='lat' dir='ltr'>hoc,</span> 
     </span>
     <span class='ocr_line' id='line_1_97' title="bbox 2440 5278 3958 5344; baseline -0.002 -16"><span class='ocrx_word' id='word_1_597' title='bbox 2440 5281 2520 5329; x_wconf 79' lang='lat'>62.</span> <span class='ocrx_word' id='word_1_598' title='bbox 2558 5305 2622 5316; x_wconf 92' lang='lat'>—</span> <span class='ocrx_word' id='word_1_599' title='bbox 2657 5279 2675 5308; x_wconf 83' lang='lat'>⁴</span> <span class='ocrx_word' id='word_1_600' title='bbox 2702 5279 2851 5343; x_wconf 65' lang='lat' dir='ltr'>ibid„</span> <span class='ocrx_word' id='word_1_601' title='bbox 2890 5282 2968 5331; x_wconf 79' lang='lat'>26.</span> <span class='ocrx_word' id='word_1_602' title='bbox 2997 5306 3061 5318; x_wconf 90' lang='lat'>--·</span> <span class='ocrx_word' id='word_1_603' title='bbox 3101 5281 3119 5310; x_wconf 79' lang='lat'>⁸</span> <span class='ocrx_word' id='word_1_604' title='bbox 3156 5279 3307 5344; x_wconf 68' lang='lat' dir='ltr'>ibid„</span> <span class='ocrx_word' id='word_1_605' title='bbox 3344 5283 3450 5332; x_wconf 78' lang='lat'>¹24.</span> <span class='ocrx_word' id='word_1_606' title='bbox 3483 5306 3545 5316; x_wconf 90' lang='lat'>-</span> <span class='ocrx_word' id='word_1_607' title='bbox 3586 5281 3605 5311; x_wconf 78' lang='lat'>⁸</span> <span class='ocrx_word' id='word_1_608' title='bbox 3634 5278 3779 5340; x_wconf 60' lang='lat' dir='ltr'>ibid„</span> <span class='ocrx_word' id='word_1_609' title='bbox 3809 5279 3881 5327; x_wconf 86' lang='lat'>68.</span> <span class='ocrx_word' id='word_1_610' title='bbox 3905 5296 3958 5310; x_wconf 89' lang='lat'><em>-</em></span> 
     </span>
     <span class='ocr_line' id='line_1_98' title="bbox 2442 5348 3955 5416; baseline 0.008 -17"><span class='ocrx_word' id='word_1_611' title='bbox 2442 5351 2459 5381; x_wconf 86' lang='lat'>⁷</span> <span class='ocrx_word' id='word_1_612' title='bbox 2485 5350 2691 5416; x_wconf 56' lang='lat' dir='ltr'>Ephea,</span> <span class='ocrx_word' id='word_1_613' title='bbox 2723 5364 2776 5414; x_wconf 82' lang='lat' dir='ltr'>v,</span> <span class='ocrx_word' id='word_1_614' title='bbox 2807 5355 2855 5403; x_wconf 85' lang='lat'>9.</span> <span class='ocrx_word' id='word_1_615' title='bbox 2875 5378 2937 5390; x_wconf 88' lang='lat'>——</span> <span class='ocrx_word' id='word_1_616' title='bbox 2966 5355 2985 5384; x_wconf 84' lang='lat'>⁸</span> <span class='ocrx_word' id='word_1_617' title='bbox 3009 5352 3153 5405; x_wconf 72' lang='lat' dir='ltr'>Psal.</span> <span class='ocrx_word' id='word_1_618' title='bbox 3183 5365 3382 5416; x_wconf 84' lang='lat' dir='ltr'>xxxvu,</span> <span class='ocrx_word' id='word_1_619' title='bbox 3412 5356 3494 5404; x_wconf 76' lang='lat'>21.</span> <span class='ocrx_word' id='word_1_620' title='bbox 3521 5379 3583 5391; x_wconf 91' lang='lat'><strong>—</strong></span> <span class='ocrx_word' id='word_1_621' title='bbox 3608 5353 3628 5384; x_wconf 78' lang='lat'>⁹</span> <span class='ocrx_word' id='word_1_622' title='bbox 3648 5350 3789 5402; x_wconf 74' lang='lat' dir='ltr'>Peal.</span> <span class='ocrx_word' id='word_1_623' title='bbox 3815 5359 3891 5410; x_wconf 72' lang='lat' dir='ltr'>cv,</span> <span class='ocrx_word' id='word_1_624' title='bbox 3915 5348 3955 5393; x_wconf 82' lang='lat'>5.</span> 
     </span>
    </p>
   </div>
   <div class='ocr_carea' id='block_1_24' title="bbox 2506 5441 3025 5508">
    <p class='ocr_par' dir='ltr' id='par_1_24' title="bbox 2506 5441 3025 5508">
     <span class='ocr_line' id='line_1_99' title="bbox 2506 5441 3025 5508; baseline 0.008 -17"><span class='ocrx_word' id='word_1_625' title='bbox 2506 5441 2572 5506; x_wconf 85' lang='lat' dir='ltr'>(a)</span> <span class='ocrx_word' id='word_1_626' title='bbox 2605 5443 2726 5492; x_wconf 77' lang='lat' dir='ltr'>Coee.</span> <span class='ocrx_word' id='word_1_627' title='bbox 2753 5441 2876 5493; x_wconf 77' lang='lat' dir='ltr'>edit.</span> <span class='ocrx_word' id='word_1_628' title='bbox 2905 5458 3025 5508; x_wconf 88' lang='lat' dir='ltr'>qua.</span> 
     </span>
    </p>
   </div>
   <div class='ocr_carea' id='block_1_25' title="bbox 4146 4266 4154 5424">
    <p class='ocr_par' dir='ltr' id='par_1_25' title="bbox 4146 4266 4154 5424">
     <span class='ocr_line' id='line_1_100' title="bbox 4146 4266 4154 5424; baseline 0 0"><span class='ocrx_word' id='word_1_629' title='bbox 4146 4266 4154 5424; x_wconf 95' lang='lat' dir='ltr'> </span> 
     </span>
    </p>
   </div>
  </div>
 </body>
</html>
