4196 6294
1255 472 1339 539 ΙΝ
1373 469 1936 538 ΗΕΧΑΕΜΕΒΟΝ.
1984 469 2249 536 SERMO
2293 469 2393 536 lx.
3339 474 3423 537 75

254 602 711 687 praegnantibus
744 604 815 668 in
850 605 955 670 his
997 606 1250 688 diebuS‚
1289 630 1324 670 ι
1362 608 1485 673 hoc
1522 611 1650 689 est,
1690 610 1766 672 ut

253 712 448 776 teneris
472 711 545 775 in
572 712 724 776 fide.
757 711 1021 795 Oportet
1045 732 1235 795 ergo,
1266 716 1438 799 quod
1464 716 1620 780 fides
1649 716 1763 779 flr-

255 824 428 883 metur
479 837 596 903 per
639 820 915 884 verbum
967 821 1369 905 inspiratum.
1417 822 1766 904 Consurgit

253 931 431 992 autem
474 927 620 992 haec
662 928 935 992 firmitas
979 947 1063 993 ex
1105 934 1406 1011 quatuor,
1450 929 1637 1013 quasi
1682 948 1765 994 ex

252 1039 491 1119 quamor
548 1036 861 1101 lateribus
906 1035 1175 1102 civitatis
1204 1059 1219 1099 :
1281 1055 1364 1101 ex
1417 1037 1763 1101 testifican-

249 1144 379 1207 tium
416 1144 647 1209 notitia
692 1148 864 1209 certa
878 1167 896 1224 ;
944 1164 1025 1209 ex
1070 1146 1546 1210 testificantium
1595 1146 1765 1211 fama

249 1252 556 1334 praeclara3
578 1272 663 1317 ex
688 1254 1163 1318 testificantium
1185 1254 1522 1319 concordia
1548 1254 1760 1336 plena,

247 1365 297 1424 et
325 1381 395 1426 ex
430 1362 917 1427 testificantium
960 1362 1273 1427 sententia
1307 1364 1521 1427 firma.
1568 1361 1759 1441 Quia,

247 1470 288 1533 si
310 1468 381 1533 sit
400 1471 635 1536 notitia
661 1475 852 1549 certa,
874 1489 1003 1535 non
1024 1472 1106 1535 sit
1132 1475 1348 1536 autem
1375 1471 1548 1534 fama
1568 1471 1758 1551 bona,

246 1595 353 1640 non
382 1578 710 1644 credimus
748 1578 904 1643 sihi:
956 1579 1066 1643 sed
1115 1578 1371 1662 quando
1417 1579 1627 1642 bonus
1671 1581 1766 1641 est

243 1684 443 1765 homo,
490 1687 697 1752 scitur
744 1687 917 1769 quod
966 1688 1301 1752 veritatem
1358 1685 1531 1751 dicit.
1575 1685 1655 1750 Et
1708 1685 1762 1749 si

244 1791 405 1859 habet
433 1799 681 1859 certam
714 1795 1006 1859 notitiam
1026 1843 1047 1874 ,
1091 1797 1156 1859 et
1198 1796 1438 1860 famam
1485 1792 1722 1857 claram
1741 1840 1760 1870 ‚

245 1900 337 1965 sed
375 1901 491 1965 sihi
538 1902 729 1967 multi
775 1902 1252 1981 contradicunt,
1303 1901 1512 1965 adhuc
1562 1903 1767 1983 potest

245 2025 359 2071 osse
381 2008 725 2088 dubitatio;
758 2010 813 2074 si
840 2014 1059 2074 autem
1093 2009 1235 2074 haec
1257 2008 1382 2073 tria
1404 2008 1667 2086 haheat,
1700 2012 1765 2072 et

243 2115 531 2196 notitiam,
554 2120 619 2180 et
644 2119 905 2196 ramam,
927 2121 991 2181 et
1015 2115 1439 2195 concordiam,
1461 2119 1524 2181 et
1547 2120 1763 2180 tamen

244 2239 356 2286 non
402 2223 595 2288 hahet
651 2224 1033 2289 sententiam
1089 2224 1345 2288 firmam
1361 2270 1383 2301 ‚
1441 2222 1762 2287 dubitatio

244 2349 358 2395 esse
379 2335 606 2415 potest.
639 2331 725 2397 De
749 2333 974 2397 notitia
1007 2336 1178 2396 certa
1202 2331 1432 2396 dicitur
1458 2332 1478 2367 ¹
1507 2353 1521 2396 :
1551 2354 1582 2390 a
1610 2330 1763 2395 Scio

244 2434 549 2503 hominem
575 2443 837 2522 raptum
873 2437 1184 2521 usquead
1210 2438 1473 2502 tertium
1498 2437 1759 2518 coelum,

244 2548 295 2606 et
324 2546 565 2611 audivit
607 2565 870 2624 arcana,
914 2566 946 2607 ι
977 2546 1101 2610 hoc
1127 2550 1257 2625 est,
1305 2549 1477 2610 certa
1503 2544 1759 2625 notitia,

243 2669 340 2733 per
369 2673 705 2722 ascensum
743 2671 954 2737 usque
991 2653 1073 2718 ad
1107 2655 1368 2718 tertium
1396 2652 1667 2734 coelum,
1702 2657 1765 2717 et

241 2759 446 2828 iterum
495 2782 619 2847 per
674 2764 1051 2828 descensum
1108 2779 1313 2844 usque
1364 2762 1446 2826 ad
1497 2761 1763 2825 tertium

240 2870 475 2951 coelum,
512 2877 583 2936 et
623 2888 739 2954 per
770 2868 1219 2934 illustrationes
1245 2870 1541 2934 omnium
1567 2869 1762 2935 coelo-

239 2993 387 3043 rum.
416 2978 598 3043 Unde
623 2980 695 3042 in
720 2978 1169 3043 Ecclesiastico
1197 2975 1429 3042 dicitur
1455 2979 1519 3039 ’τ
1552 3000 1584 3039 α
1622 2976 1762 3059 Ego

239 3082 357 3164 feci,
374 3090 442 3151 ut
465 3086 755 3153 oriretur
776 3085 844 3149 in
861 3084 1037 3150 coelis
1053 3083 1278 3149 lumen
1299 3084 1696 3163 indeficiens,
1721 3106 1753 3143 »

239 3191 292 3254 id
327 3199 441 3275 est,
480 3197 557 3259 in
601 3194 964 3260 coelestibus
995 3194 1152 3260 viris
1197 3194 1420 3259 lumen
1456 3194 1605 3258 fidei
1644 3194 1763 3257 fir-

239 3317 413 3367 mum.
446 3303 576 3368 Per
608 3302 846 3385 triplex
878 3301 1110 3366 coelum
1129 3351 1147 3379 ,
1191 3301 1428 3384 triplex
1463 3301 1626 3365 visio
1656 3300 1761 3363 in·-

240 3407 551 3490 telligitur,
586 3427 841 3492 nempe,
873 3408 1319 3474 intellectualis
1346 3426 1534 3490 pura,
1567 3407 1764 3471 intel-

236 3513 492 3581 lectualis
528 3517 839 3600 adjuncta
874 3534 1024 3579 cum
1062 3516 1309 3580 visione
1343 3515 1760 3597 imaginaria,

237 3626 288 3686 et
309 3623 745 3689 intellectualis
771 3642 918 3689 cum
945 3623 1193 3688 visione
1218 3621 1528 3705 corporali
1554 3622 1763 3686 mani-

236 3730 390 3795 festa.
433 3731 658 3796 Prima
691 3731 1020 3796 invenitur
1058 3730 1128 3794 in
1169 3729 1489 3794 mentibus
1514 3728 1760 3810 angeli-

234 3836 344 3903 cis:
371 3840 691 3918 secunda,
723 3839 796 3902 in
824 3838 1148 3902 mentibus
1175 3828 1592 3919 propheticis:
1626 3839 1764 3899 ter-

236 3944 328 4024 tia,
346 3947 408 4010 in
428 3949 760 4013 mentibus
781 3944 1161 4029 apostolicis.
1179 3943 1425 4008 Harum
1440 3942 1764 4008 visionum

234 4068 560 4120 concursus
584 4057 685 4120 est
713 4052 1023 4118 certitudo
1047 4051 1422 4134 Scripturae.

301 4159 464 4228 Visio
497 4161 949 4228 intellectualis
982 4179 1149 4244 pura
1184 4161 1254 4224 in
1291 4159 1615 4223 mentibus
1641 4176 1764 4223 an-

236 4269 433 4350 gelicis
468 4277 569 4337 est
613 4272 683 4335 in
724 4270 1138 4352 Legislatore.
1181 4293 1213 4332 α
1240 4268 1371 4335 Lex
1398 4268 1571 4333 enim
1595 4273 1618 4308 ⁸
1652 4286 1766 4349 per

236 4378 476 4460 angelos
520 4378 816 4445 ordinata
855 4382 969 4444 est.
1010 4398 1044 4437 n
1104 4373 1339 4458 Angeli
1386 4394 1530 4440 eam
1574 4375 1762 4440 dede·

234 4491 396 4565 runt;
450 4487 681 4570 angeli
724 4505 868 4551 eam
914 4486 1343 4569 scripserunt,
1385 4483 1497 4566 qui
1534 4501 1767 4565 puram

237 4595 551 4660 veritatem
584 4594 888 4660 videbant
910 4593 979 4656 in
1004 4593 1148 4657 luce
1177 4596 1441 4655 aeterna.
1470 4588 1564 4654 Ad
1597 4589 1769 4654 hanc

236 4700 528 4766 visionem
549 4701 681 4767 fuit
694 4700 945 4784 Moyses
964 4699 1338 4764 sublevatus
1357 4696 1529 4760 ultra
1544 4713 1769 4760 omnes

236 4807 592 4889 prophetas,
623 4807 777 4889 quia
808 4805 1115 4888 scriptum
1149 4809 1244 4869 est
1280 4804 1303 4839 ⁴
1332 4824 1350 4868 :
1392 4826 1427 4864 α
1465 4801 1535 4867 Si
1576 4803 1772 4867 fuerit

236 4908 381 4977 inter
409 4933 524 4980 vos
555 4913 869 4996 propheta
898 4912 1175 4992 Domini,
1205 4913 1273 4975 in
1298 4910 1544 4976 visione
1571 4928 1766 4993 appa-

238 5018 371 5085 rebo
394 5023 489 5102 ei,
519 5020 636 5088 vel
672 5038 790 5104 per
825 5020 1149 5084 somnium
1184 5019 1413 5101 loquar
1437 5018 1518 5082 ad
1544 5017 1763 5082 illum:

241 5133 436 5193 utnon
461 5129 619 5194 talis
649 5146 878 5195 servus
906 5145 1094 5193 meus
1115 5127 1396 5211 Moyses3
1429 5124 1676 5208 palam,
1706 5128 1772 5190 et

296 5254 308 5283 ¹
334 5254 372 5303 11
402 5254 545 5317 Cor„
574 5265 675 5320 xn,
703 5258 754 5307 2.
784 5281 844 5293 —
870 5256 893 5290 ¹
919 5254 1102 5311 Eccli„
1131 5264 1274 5314 xx1v,
1302 5255 1350 5304 6.
1384 5278 1440 5289 —-
1470 5250 1489 5281 ³
1518 5249 1659 5311 Gal„
1686 5261 1771 5316 ιιι,

247 5324 309 5374 ¹9·
340 5348 400 5365 -
443 5327 468 5362 ⁸
506 5327 690 5390 Num„
733 5335 844 5388 ιιι,
886 5327 986 5376 608.
1022 5351 1084 5363 —
1126 5325 1149 5361 ⁸
1183 5323 1372 5378 Exod„
1410 5333 1556 5386 xxiv,
1600 5323 1677 5373 18.
1707 5348 1773 5361 —

247 5392 444 5458 mand„
471 5411 560 5461 111,
590 5401 643 5449 2,
662 5425 726 5437 —
750 5400 767 5429 ²
790 5399 923 5457 Act„
940 5408 1037 5460 vu,
1066 5401 1144 5448 30.
1164 5423 1226 5436 —-
1247 5399 1266 5427 ⁸
1286 5398 1328 5447 ΙΙ
1353 5397 1514 5454 Ρειν.,
1542 5405 1581 5456 1,
1608 5396 1769 5445 19·21.

249 5468 338 5504 -·
361 5469 571 5535 llum„
593 5481 640 5533 1,
668 5473 715 5521 ι.
742 5492 805 5510 --
834 5470 877 5507 ¹⁰
899 5469 1063 5532 lom„
1083 5479 1175 5534 xx,
1202 5470 1281 5521 8⁹.
1310 5492 1373 5509 -
1394 5466 1436 5503 ¹¹
1461 5465 1629 5528 loon„
1657 5476 1771 5529 xix,

1870 625 2003 672 non
2038 625 2157 690 per
2195 605 2550 690 aenigmata
2575 612 2639 673 et
2667 609 2948 690 figuras,
2977 606 3181 673 Deum
3208 609 3413 691 videt,

1870 718 1935 779 et
1959 734 2070 780 ore
2096 715 2179 780 ad
2197 734 2270 780 os
2289 716 2517 799 loquar
2534 716 2615 781 ei.
2634 740 2666 777 >2
2694 715 2774 781 Et
2795 716 2866 780 in
2885 717 3155 798 signum
3180 717 3377 801 hujus
3394 724 3417 760 ⁸

1881 846 1911 885 α
1946 824 2270 906 jejunavit
2308 825 2738 907 quadraginta
2773 824 2997 889 diebus
3042 830 3106 889 et
3141 827 3416 909 quadra-

1871 930 2056 1012 ginta
2083 930 2397 995 noctibus,
2439 953 2469 991 n
2504 930 2623 1008 Qui
2665 932 2858 996 etiam
2892 932 3058 997 vidit
3084 933 3415 1017 angelum,

1871 1038 1983 1119 qui
2009 1039 2031 1073 ⁶
2058 1037 2126 1101 in
2153 1038 2317 1102 rubo
2346 1038 2640 1121 apparuit
2670 1038 2752 1102 ei.
2795 1038 2872 1102 Et
2904 1039 3165 1121 exponit
3195 1038 3421 1104 heatus

1871 1139 2234 1224 Stephanus
2259 1142 2306 1220 ⁷,
2333 1142 2486 1224 quia
2513 1160 2645 1206 non
2667 1142 2903 1207 fuit.ibi
2931 1142 3260 1222 Dominu5‚
3291 1143 3420 1206 nisi

1872 1267 1987 1333 per
2022 1250 2374 1332 subjectam
2406 1253 2767 1315 creaturam
2781 1298 2798 1326 ‚
2835 1250 2946 1315 sed
2980 1250 3248 1333 anqelus
3274 1251 3415 1314 fuit.

1951 1357 2247 1422 Secunda
2289 1358 2595 1422 certitudo
2635 1357 2759 1422 fuit
2797 1356 2866 1420 in
2899 1357 3222 1421 mentibus
3264 1375 3415 1440 pro-

1871 1465 2141 1547 pheticis
2167 1465 2227 1530 ⁸:
2268 1488 2300 1527 c<
2338 1465 2652 1531 Habentes
2694 1465 3047 1529 firmiorem
3088 1465 3416 1549 propheti-

1871 1591 2020 1637 cum
2047 1590 2440 1652 sermonem,
2471 1574 2577 1638 cui
2602 1573 2969 1639 benefacitis
2996 1573 3415 1653 attendentes,

1871 1680 2053 1763 quasi
2104 1680 2384 1745 lucernae
2428 1681 2664 1746 lucenti
2719 1682 2789 1745 in
2843 1680 3191 1763 caliginoso
3239 1680 3378 1744 loco
3396 1728 3415 1760 ,

1871 1786 2071 1852 donec
2111 1788 2243 1852 dies
2283 1788 2633 1869 illucescat,
2680 1793 2745 1854 et
2790 1790 3015 1853 lucifer
3051 1788 3302 1859 oriatur
3345 1788 3418 1852 in

1872 1894 2171 1959 cordibus
2199 1896 2429 1961 vestris
2445 1914 2469 1960 .·
2496 1897 2621 1960 hoc
2646 1896 2933 1979 primum
2960 1896 3413 1978 intelligentes,

1871 2002 2043 2083 quod
2087 2002 2298 2067 omnis
2331 2090 2338 2095 ·
2363 2004 2694 2086 prophetia
2748 2003 3097 2087 Scripturae
3162 2004 3421 2087 propria

1871 2110 2390 2193 interpretatione
2422 2128 2555 2174 non
2583 2111 2678 2175 fit.
2710 2109 2856 2176 Non
2886 2112 3060 2175 enim
3088 2111 3420 2176 voluntate

1871 2218 2163 2282 humana
2189 2218 2378 2282 allata
2403 2223 2499 2283 est
2529 2218 2871 2300 aliquando
2909 2218 3276 2301 prophetia;
3308 2220 3418 2284 sed

1872 2324 2120 2407 Spiritu
2167 2330 2386 2390 sancto
2429 2325 2753 2409 inspirati,
2796 2325 2991 2390 locuti
3033 2331 3185 2391 sunt
3217 2328 3418 2392 sancti

1872 2433 1984 2499 Dei
2019 2434 2339 2499 homines.
2371 2456 2402 2494 ι)
2437 2434 2724 2501 Visiones
2755 2434 2928 2499 enim
2958 2435 3417 2518 prophetarum

1871 2544 2134 2609 fuerunt
2158 2544 2598 2626 imaginariae,
2634 2548 2709 2607 ut
2736 2542 2945 2624 Isaiae,
2976 2543 3217 2608 Daniel.

1953 2651 2167 2715 Tertia
2183 2656 2282 2716 est
2303 2652 2613 2717 certitudo
2634 2670 2717 2716 ex
2740 2651 2986 2716 visione
3009 2651 3421 2717 intellectuali

1863 2761 2093 2843 juncta
2120 2778 2272 2823 cum
2295 2759 2629 2842 corporali.
2669 2758 2819 2823 Haec
2844 2759 2964 2823 fuit
2989 2759 3060 2823 in
3098 2760 3419 2826 mentibus

1872 2866 2230 2948 apostolicis
2246 2915 2262 2944 ‚
2290 2867 2534 2931 dicente
2558 2865 2798 2931 Joanne
2821 2868 2883 2930 ⁹:
2929 2890 2961 2928 α
2985 2866 3163 2944 Quod
3190 2868 3309 2932 fuit
3335 2848 3424 2932 ab*

1871 2973 2083 3054 initio,
2116 2975 2287 3056 quod
2313 2974 2624 3053 xidimuS,
2661 2977 2725 3038 et
2750 2992 2981 3038 manus
3002 2978 3237 3039 nostrae
3264 2994 3417 3040 con-

1872 3084 2305 3147 trectaverunt
2350 3081 2428 3146 de
2469 3080 2678 3147 Verbo
2721 3082 2873 3146 vitae
2891 3129 2909 3163 ,
2960 3085 3024 3145 et
3066 3100 3200 3146 non
3247 3082 3421 3147 aliud

1871 3209 2067 3273 quam
2113 3191 2284 3273 quod
2328 3190 2611 3255 vidimus
2643 3189 2749 3274 (a),
2802 3191 3263 3257 annuntiamus
3304 3211 3418 3258 vo-

1872 3298 2031 3362 bis.»
2057 3298 2235 3363 Unde
2261 3297 2538 3362 Thomas
2561 3302 2832 3379 tangere
2858 3298 3064 3364 voluit
3091 3303 3174 3364 ¹⁰:
3208 3322 3238 3362 a
3259 3300 3422 3377 Quia

1875 3405 2087 3470 vidisti
2113 3422 2247 3484 me,
2293 3405 2569 3484 Thoma‚
2601 3407 2956 3471 credidisti:
2990 3428 3022 3466 n
3060 3409 3125 3470 et
3160 3407 3309 3497 alibi
3339 3408 3416 3473 ¹¹:

1877 3535 1907 3574 α
1942 3513 2064 3590 Qui
2101 3513 2282 3592 vidit,
2315 3513 2756 3578 testimonium
2791 3514 3137 3598 perhibuit.
3178 3539 3203 3570 α
3238 3514 3316 3579 Et
3353 3516 3421 3580 in

1872 3621 2138 3687 Actibus
2166 3622 2250 3684 ¹¹:
2293 3644 2323 3682 α
2354 3620 2661 3705 Praecepit
2690 3623 2876 3687 nobis
2897 3623 3244 3688 testificari.
3272 3645 3303 3683 ι)
3344 3624 3423 3688 Et

1872 3730 2058 3795 beata
2095 3731 2298 3813 Virgo
2337 3731 2567 3809 Maria,
2605 3731 2850 3795 doctrix
2893 3731 3330 3814 apostolorum
3358 3735 3420 3797 et

1874 3840 2436 3922 evangelistarum,
2462 3834 2872 3904 contrectavit
2900 3840 3025 3904 hoc
3047 3839 3331 3906 Verbum
3353 3840 3421 3904 in

1875 3953 2059 4012 utero
2086 3947 2240 4011 etin
2262 3947 2432 4011 sinu.
2473 3947 2588 4011 11ae
2621 3950 2753 4010 tres
2782 3946 3085 4023 visiones,
3116 3947 3252 4012 sive
3279 3965 3419 4012 cer-

1873 4054 2178 4119 titudines
2212 4058 2696 4132 concurrenteS,
2740 4052 3049 4134 angelicae
3069 4101 3086 4133 ‚
3137 4053 3420 4136 prophe-

1875 4164 2048 4242 ficas,
2081 4162 2473 4246 apostolicae,
2506 4162 2659 4225 dant
2694 4160 3140 4225 certitudinem
3183 4161 3331 4225 fidei
3358 4164 3422 4224 et

1876 4270 2232 4353 scripturae.
2274 4268 2401 4332 Has
2431 4274 2559 4333 tres
2594 4267 2832 4333 Paulus
2871 4268 3123 4347 hahuit,
3163 4268 3420 4350 quando

1879 4378 2202 4443 Christum
2230 4377 2640 4460 corporaliter
2667 4377 2827 4441 vidit
2854 4378 2938 4440 ¹⁸:
2978 4399 3009 4438 α
3035 4375 3428 4452 Novissime,·

1878 4487 2112 4571 inquit,
2137 4490 2444 4569 tanquam
2471 4484 2758 4549 abortivo
2777 4484 2953 4548 visus
2979 4486 3075 4548 est
3099 4482 3363 4547 etmihi.
3379 4504 3411 4542 n

1880 4593 2004 4671 Qui
2031 4594 2224 4658 etiam
2251 4593 2332 4657 ad
2349 4611 2717 4675 supremam
2743 4593 3057 4657 visionem
3085 4592 3207 4655 fuit
3229 4589 3422 4653 subli-

1881 4705 2114 4776 matus,
2142 4701 2400 4765 tandem
2424 4701 2503 4764 ad
2529 4699 3040 4764 intellectualem.
3065 4697 3234 4762 Bene
3263 4714 3419 4778 ergo

1879 4811 2124 4876 dictum
2152 4811 2246 4872 est
2267 4808 2343 4871 ¹⁸:
2386 4829 2416 4868 (ι
2444 4806 2583 4888 Ego
2608 4805 2727 4870 feci
2754 4805 3031 4881 incaelis,
3058 4808 3131 4868 ut
3144 4803 3423 4868 oriretur

1879 4918 2102 4982 lumen
2130 4915 2521 4981 indeficiens.
2549 4935 2580 4974 n

1961 5021 2252 5086 Secunda
2269 5021 2541 5084 firmitas
2556 5022 2747 5084 estex
2762 5016 3237 5082 testificantium
3255 5015 3429 5082 fama

1882 5131 2208 5214 praeclara.
2251 5129 2405 5194 Haec
2441 5128 2511 5193 in
2547 5128 2752 5192 tribus
2789 5126 3113 5192 consistit:
3153 5125 3222 5189 in
3257 5144 3426 5208 prae-

1885 5252 1964 5302 ³5.
1990 5275 2054 5290 ·-
2083 5247 2124 5283 ¹¹
2145 5248 2280 5311 Act„
2309 5259 2370 5312 x,
2398 5248 2477 5299 42.
2503 5270 2561 5283 -
2596 5246 2634 5281 ¹⁸
2661 5245 2681 5296 1
2710 5243 2849 5310 Cor„
2882 5256 2969 5309 xv,
3007 5246 3057 5297 8.
3083 5271 3145 5284 --
3176 5244 3219 5281 *ὅ
3246 5243 3426 5303 Εσοὶἰ..

1885 5323 2197 5526 {Ra-‘19⁹
2246 5403 2299 5452 et
2335 5399 2440 5451 vita
2485 5397 2810 5452 manifestata
2848 5400 2948 5463 est,
2991 5401 3044 5453 et
3095 5397 3336 5461 vidimus,
3377 5398 3432 5447 et

2067 5485 2147 5526 ur.
