4196 6294
1272 430 1352 496 IN
1393 430 1959 500 HEXAEMERON.
2005 432 2269 502 SERMO
2309 435 2497 503 XVII.

308 565 565 644 Domini,
594 583 774 641 vera,
803 565 1149 648 justificata
1174 567 1242 630 in
1271 569 1631 650 semetipsa,
1652 589 1681 626 ι)
1713 573 1830 632 etc.

309 671 452 738 Item
478 673 885 738 dextrorsum
908 673 1184 738 illustrat
1207 692 1320 757 per
1345 692 1570 739 severa
1591 675 1832 740 solatia.

307 779 419 845 Nec
459 781 597 844 sine
638 800 833 845 causa
872 781 1177 846 dicuntur
1217 781 1436 846 solatia
1478 801 1698 847 severa
1715 832 1731 862 ,
1778 785 1840 846 et

306 888 550 971 flagella
589 891 905 971 benigna,
949 891 1103 973 quia
1137 890 1361 955 solatia
1398 896 1551 955 sunt
1587 891 1835 973 pericu-

307 996 445 1060 losa.
476 996 634 1062 Vide
661 998 888 1077 Adam,
926 997 1102 1075 Saul,
1144 995 1573 1077 Salomonem,
1611 997 1836 1063 Hiero-

310 1104 483 1169 boam
512 1105 933 1185 idololatram,
958 1110 1021 1170 et
1048 1106 1330 1189 primum
1354 1107 1682 1189 angelum,
1709 1106 1845 1189 qui-

309 1212 418 1276 bus
449 1214 752 1278 omnibus
789 1213 1009 1278 solatia
1039 1214 1511 1297 temporalium,
1547 1218 1607 1279 et
1634 1213 1841 1278 excel-

309 1319 508 1386 lentiae
555 1323 816 1387 fuerunt
861 1324 1105 1388 occasio
1148 1323 1379 1387 ruinae.
1426 1322 1590 1387 Sunt
1629 1326 1846 1387 autem

310 1432 543 1495 occasio
574 1432 804 1509 ruinae,
836 1432 1090 1515 quando
1126 1431 1380 1514 placent
1397 1454 1412 1510 ;
1446 1433 1699 1514 quando
1727 1450 1842 1495 au-

310 1542 428 1602 tem
452 1558 586 1604 non
609 1539 877 1622 placent,
904 1558 1035 1604 non
1063 1558 1130 1603 se
1150 1540 1398 1621 ‘ingerit
1421 1540 1638 1603 homo.
1670 1538 1848 1603 Unde

311 1644 584 1710 Christus
619 1647 723 1710 nol
732 1647 823 1711 uit
858 1648 1095 1712 habere
1132 1648 1433 1712 solatium
1466 1647 1844 1730 temporale,

309 1756 451 1836 quia
470 1762 488 1795 ¹
518 1777 533 1819 :
565 1778 595 1815 α
618 1755 853 1820 Cadent
878 1776 917 1819 a
946 1756 1143 1821 latere
1175 1762 1288 1821 tuo
1317 1756 1513 1837 mille,
1542 1761 1606 1822 et
1631 1757 1851 1823 decem

310 1863 499 1927 millia
525 1882 566 1927 a
587 1863 826 1928 dextris
852 1866 1006 1945 tuis,
1025 1888 1055 1925 n
1080 1871 1227 1947 etc.,
1250 1866 1341 1930 ait
1358 1866 1675 1932 PsalmuS.
1701 1864 1853 1929 Plus

310 1967 485 2034 debet
528 1972 670 2054 quis
706 1971 871 2037 velle
908 1990 1045 2036 esse
1084 1974 1155 2036 in
1195 1973 1317 2036 ista
1356 1976 1535 2056 parte
1554 2022 1572 2052 ,
1615 1972 1683 2036 in·
1726 1990 1853 2055 qua

312 2078 633 2159 pauciores
660 2080 917 2144 cadunt.
952 2080 1111 2145 Item
1140 2080 1578 2144 sinistrorsum
1609 2098 1723 2162 per
1749 2081 1854 2144 be-

313 2186 507 2266 nigna
541 2186 797 2268 flagella
830 2187 1123 2252 illustrat.
1160 2187 1336 2253 Unde
1368 2187 1672 2252 Dominus
1706 2206 1856 2270 per-

318 2295 479 2359 misit
514 2295 672 2359 Abel
699 2296 1130 2378 justissimum
1168 2296 1460 2360 interfici.
1503 2294 1659 2360 Vide
1697 2293 1854 2375 Noe,

319 2404 424 2485 qui
453 2423 602 2468 cum
634 2408 890 2469 centum
920 2405 1104 2468 annis
1136 2404 1480 2468 fabricabat
1518 2421 1756 2482 arcam,
1796 2406 1860 2466 et

317 2515 586 2595 ponebat
629 2514 717 2577 ibi
768 2514 1078 2597 quidquid
1123 2513 1403 2604 habebat
1419 2561 1438 2591 ,
1487 2514 1641 2576 tunc
1685 2515 1860 2576 totus

322 2624 595 2686 mundus
612 2623 829 2704 ipsum
847 2622 1248 2705 despiciebat.
1270 2621 1349 2686 Et
1366 2622 1503 2685 dico
1522 2621 1666 2701 hoc,
1686 2621 1859 2705 quod

322 2746 433 2793 rex
460 2728 509 2793 F
509 2729 746 2793 ranciae
775 2747 904 2793 non
930 2734 1143 2812 posset
1173 2729 1365 2794 hodie
1399 2727 1591 2793 talem
1627 2728 1854 2807 facere,

321 2838 423 2920 qui
475 2838 832 2903 considerat
888 2856 1030 2901 eam
1088 2837 1439 2901 secundum
1489 2854 1862 2901 mensuram

320 2946 680 3011 cubitorum
707 2936 1267 3028 geometricorum.
1297 2944 1382 3008 De
1410 2943 1759 3020 Abraham,
1786 2942 1864 3006 si-

323 3050 554 3115 militer
592 3050 762 3114 Isaac
795 3053 860 3113 et
896 3049 1109 3125 Jacob,
1145 3047 1258 3131 qui
1296 3046 1687 3130 peregrinati
1723 3045 1863 3110 fue-

323 3164 509 3237 runt;
559 3163 623 3222 et
658 3157 926 3239 Joseph,
971 3157 1081 3239 qui
1120 3156 1385 3220 exaltari
1425 3173 1554 3219 non
1596 3157 1861 3238 poterat,

322 3266 443 3329 nisi
485 3265 907 3350 praecessisset
948 3264 1228 3329 venditio
1246 3313 1262 3343 ‚
1311 3261 1721 3326 incarceratio
1740 3309 1757 3336 ‚
1804 3265 1868 3324 et

321 3374 702 3441 humiliatio.
735 3373 891 3440 Vide
920 3373 1204 3457 Moysen,
1244 3390 1438 3455 quem
1476 3370 1642 3435 Deus
1675 3369 1862 3434 debe-

322 3483 429 3550 bat
475 3501 847 3568 praeponere
889 3481 1008 3546 toti
1055 3481 1296 3546 mundo
1314 3529 1336 3560 ,
1383 3477 1702 3563 quomodo
1749 3475 1869 3540 fuit

325 3592 739 3669 humiliatus;
778 3590 1069 3673 pascebat
1102 3607 1256 3654 oves
1289 3605 1407 3670 per
1440 3584 1871 3670 quadraginta

326 3718 527 3765 annos
580 3699 779 3764 unius
830 3696 1189 3761 sacerdotiS.
1264 3694 1565 3759 Similiter
1629 3690 1867 3769 David,

328 3809 615 3892 quandiu
636 3806 758 3871 fuit
782 3806 851 3869 in
872 3804 1301 3879 tribulatione,
1330 3802 1610 3884 optimus
1631 3802 1866 3882 pastor,

329 3920 392 3980 et
446 3916 528 3981 ad
580 3933 862 3997 regnum
906 3913 1084 3978 veuit
1124 3929 1241 3995 per
1282 3909 1761 3985 tribulationes;
1810 3909 1875 3970 et

330 4029 668 4107 postquam
696 4022 819 4087 fuit
840 4022 909 4085 in
937 4020 1370 4103 prosperitate,
1389 4016 1594 4094 multa
1620 4018 1877 4099 peccata

331 4131 673 4195 commisit.
721 4127 1024 4194 Similiter
1065 4126 1360 4192 Ezechias
1400 4125 1467 4188 in
1510 4122 1877 4187 infirmitate

342 4240 519 4306 valde
538 4237 801 4304 humilis
820 4238 961 4316 fuit,
984 4235 1093 4300 sed
1112 4239 1327 4317 postea
1345 4232 1663 4316 superbus
1682 4231 1748 4294 in
1773 4230 1878 4292 ad-

333 4353 538 4414 ventu
554 4348 926 4412 nuntiorum
947 4343 1467 4427 Babyloniorum.
1491 4339 1646 4406 Vide
1676 4338 1879 4403 Eliam

330 4455 821 4539 pauperculum,
842 4454 952 4537 qui
982 4470 1114 4517 non
1141 4450 1416 4515 habebat
1440 4449 1519 4513 ad
1547 4446 1885 4511 comeden-

3356 447 3475 509 113

1947 576 2118 649 sunt,
2149 574 2372 636 tentati
2403 576 2574 653 sunt,
2604 594 2634 632 ³>
2674 576 2792 637 etc.
2833 571 3115 656 Flagella
3143 592 3305 658 ergo
3342 581 3493 642 suut

1946 677 2349 743 suavissima.
2371 680 2504 743 Aut
2526 697 2685 761 ergo
2715 678 3022 744 Dominus
3047 682 3352 767 flagellat,
3376 689 3493 749 aut

1946 802 2078 849 non
2111 808 2125 848 :
2165 785 2188 821 ⁸
2233 810 2264 847 α
2301 785 2609 868 Flagellat
2663 792 2879 851 autem
2931 806 3187 855 omnem
3242 791 3489 870 filium,

1948 911 2142 976 quem
2179 896 2422 979 recipit.
2453 918 2483 955 >³
2521 896 2867 961 Probatum
2905 903 3002 962 est
3035 898 3158 963 hoc
3194 918 3308 982 per
3345 919 3493 984 par-

1948 1000 2240 1065 ticularia
2262 1025 2276 1066 :
2301 1021 2458 1084 ergo
2485 1005 2668 1068 debet
2694 1005 2912 1069 inferri
2946 1005 3412 1070 universaliter.

2031 1108 2258 1173 Adhuc
2301 1111 2494 1174 etiam
2529 1111 2722 1175 habet
2764 1112 3089 1195 Scriptura
3131 1114 3390 1178 arbores
3417 1115 3500 1179 ad

1953 1216 2390 1281 reficiendum.
2439 1216 2714 1282 Illustrat
2767 1225 2983 1285 autem
3027 1240 3134 1306 ex,
3160 1221 3263 1311 his
3277 1270 3299 1301 ,
3350 1239 3498 1305 quae

1954 1327 2106 1387 sunt
2147 1343 2229 1389 ex
2255 1326 2564 1408 opposito.
2613 1326 2898 1391 Ostendit
2922 1328 3096 1392 enim
3122 1329 3306 1392 nobis
3333 1329 3500 1393 acies

1955 1431 2238 1496 infinitas
2267 1438 2488 1498 contra
2505 1452 2644 1513 nos„
2669 1435 2858 1499 modo
2882 1454 2995 1518 per
3017 1440 3262 1518 septem
3280 1436 3494 1516 duceS,

1956 1540 2147 1603 modo
2199 1558 2409 1604 unum
2458 1541 2699 1606 bellum
2725 1591 2741 1622 ,
2801 1543 2992 1607 modo
3036 1542 3283 1607 multa:
3342 1543 3502 1608 illud

1958 1645 2198 1710 bellum
2231 1652 2325 1710 est
2360 1648 2439 1711 ab
2481 1648 2588 1711 illo
2633 1650 2733 1714 die
2757 1698 2772 1728 ,
2825 1668 2952 1731 quo
2991 1656 3014 1689 ὅ
3060 1673 3089 1711 α
3124 1649 3394 1714 Michael
3440 1656 3503 1715 et

1958 1750 2171 1832 angeli
2222 1754 2362 1834 eJus
2414 1754 2869 1836 praeliabantur
2920 1774 3068 1819 cum
3122 1757 3413 1833 dracone.
3462 1780 3493 1817 »
3629 1804 3632 1807 .

1961 1860 2260 1924 Imminet
2294 1864 2508 1925 autem
2551 1863 2737 1927 nobis
2764 1863 3001 1946 triplex
3027 1864 3270 1929 bellum
3303 1886 3319 1927 ε
3367 1864 3503 1928 hel-

1959 1971 2098 2033 lum
2137 1968 2586 2055 domesticum,
2625 1972 2866 2037 bellum
2902 1972 3128 2053 civile,
3160 1978 3224 2037 et
3261 1972 3506 2037 bellum

1963 2082 2336 2159 campestre.
2369 2077 2657 2143 Primum
2688 2098 2836 2143 cum
2874 2099 3101 2160 carne,
3131 2098 3277 2164 quae
3315 2081 3510 2145 habet

1964 2185 2197 2249 multas
2224 2186 2427 2251 acies:
2462 2186 2599 2251 haec
2623 2188 2850 2251 ancilla
2880 2206 3131 2270 semper
3164 2192 3384 2271 parata
3414 2192 3510 2254 est

1965 2293 2246 2374 aperire,
2291 2296 2454 2358 sicut
2494 2294 2648 2358 Eva.
2692 2295 2867 2359 Unde
2905 2297 3058 2361 dicit
3099 2297 3405 2363 Michoeas
3437 2284 3504 2360 ⁸⁶:

1974 2423 2004 2459 α
2044 2400 2144 2463 Ab
2187 2419 2292 2480 ea,
2323 2420 2471 2483 quae
2507 2402 2744 2466 dormit
2780 2404 2847 2466 in
2892 2404 3041 2467 sinu
3077 2408 3221 2482 tuo,
3266 2405 3512 2470 custodi

1968 2510 2241 2575 claustra
2285 2509 2416 2574 oris
2455 2511 2568 2574 tui.
2608 2532 2640 2570 1>
2692 2511 2849 2575 Item
2889 2511 3132 2576 bellum
3179 2514 3364 2578 civile
3415 2517 3512 2578 est

1968 2618 2229 2682 tentatio
2256 2618 2504 2682 mundi.
2540 2640 2571 2678 α
2606 2618 2824 2683 Omnis
2850 2619 3019 2683 enim
3050 2621 3073 2656 ⁶
3100 2626 3388 2684 creatura
3416 2624 3514 2684 est

1968 2725 2036 2788 in
2065 2724 2514 2807 muscipulam,
2537 2746 2567 2784 ι)
2594 2726 2748 2807 quia
2771 2729 3082 2790 creaturas
3104 2727 3512 2809 pulchritudo

1970 2833 2166 2897 trahit
2190 2833 2505 2896 homines
2540 2830 2719 2896 Unde
2742 2832 3150 2901 Ecclesiasles
3186 2840 3231 2898 ⁷:
3269 2857 3300 2895 «
3326 2833 3516 2899 Vani-

1970 2942 2067 3003 tas
2095 2940 2476 3019 vanitatum,
2507 2944 2570 3004 et
2597 2941 2814 3005 omnia
2837 2942 3111 3006 vanitas.
3137 2942 3299 3021 Quid
3322 2942 3516 3007 habet

1972 3046 2169 3117 homo
2196 3046 2275 3111 de
2302 3040 2602 3111 universo
2620 3046 2860 3127 labore,
2880 3067 3010 3131 quo
3034 3048 3305 3129 laborat,
3333 3070 3364 3108 υ
3394 3052 3511 3112 etc.

1972 3152 2149 3219 Vane
2178 3159 2240 3218 et
2258 3157 2498 3220 frustra
2523 3156 2617 3235 fit,
2642 3154 2721 3219 de
2744 3173 2872 3237 quo
2898 3157 3062 3220 nihil
3087 3157 3470 3240 relinquitur
3500 3178 3517 3221 ε

1976 3262 2088 3326 sed
2123 3261 2288 3325 nihil
2334 3262 2721 3345 relinquitur
2759 3245 3018 3328 homini
3052 3265 3122 3327 in
3159 3267 3365 3329 morte
3399 3285 3416 3327 t
3457 3268 3522 3328 et

1977 3367 2118 3433 ideo
2145 3372 2372 3432 cuncta
2398 3370 2680 3449 vanitaS,
2710 3374 2782 3434 ut
2810 3370 2879 3434 in
2906 3370 3156 3438 Psalmo
3189 3372 3420 3435 dicitur
3446 3374 3469 3409 ⁸
3500 3389 3517 3434 ε

1987 3499 2017 3536 α
2042 3476 2277 3540 Averte
2323 3475 2542 3541 oculos
2590 3494 2795 3557 meoS,
2836 3494 2918 3540 ne
2963 3478 3221 3542 videant
3266 3478 3521 3543 vanita-

1954 3563 2132 3647 tem.
2181 3606 2212 3643 ι)
2263 3582 2422 3647 Item
2462 3587 2559 3648 est
2606 3585 2845 3649 bellum
2900 3589 3252 3668 campestre
3293 3584 3522 3650 hostile

1983 3708 2132 3755 cum
2159 3689 2582 3771 daemonibuS,
2616 3692 2727 3774 qui
2755 3692 2857 3756 die
2887 3710 2962 3756 ac
2988 3696 3171 3757 nocte
3197 3691 3518 3757 infestant.

1986 3795 2170 3861 Modo
2198 3798 2645 3880 magnificant,
2685 3803 2758 3864 ut
2795 3816 3298 3881 praesumamuS,
3336 3799 3526 3864 modo

1984 3922 2100 3986 per
2153 3903 2714 3976 considerationem
2779 3906 3059 3971 scientiae
3081 3954 3100 3987 ,
3155 3908 3345 3971 modo
3413 3926 3529 3991 per

1986 4010 2556 4076 considerationem
2584 4011 2899 4090 sanitatis3
2935 4013 3123 4077 modo
3151 4013 3393 4079 faciunt
3407 4015 3529 4080 ho-

1988 4118 2230 4182 minem
2255 4118 2636 4182 iracundum
2657 4165 2679 4196 ,
2708 4123 2771 4183 et
2793 4119 2883 4183 sic
2910 4120 3316 4202 diabolicum,
3351 4123 3534 4187 etsie

1990 4224 2407 4309 adimpletum
2447 4226 2678 4308 spiritu
2710 4226 3170 4309 malignitatis;
3202 4233 3266 4294 et
3296 4230 3535 4294 faciunt

1991 4351 2143 4398 eum
2171 4332 2392 4397 cadere
2431 4333 2501 4396 in
2546 4333 2866 4398 tristitiam
2903 4339 2967 4398 et
3002 4336 3530 4420 desperationem,

1993 4445 2057 4506 et
2082 4440 2173 4503 sic
2213 4440 2290 4503 de
2325 4439 2486 4504 aliis.
2527 4439 2677 4504 Haec
2719 4441 2898 4506 docet
2929 4443 3155 4525 fugere
3184 4444 3534 4526 Scriptura.

335 4561 529 4639 dum,
566 4561 689 4625 nisi
726 4560 897 4643 quod
931 4576 1165 4624 corvus
1202 4557 1320 4621 sibi
1363 4553 1787 4632 ministrabat,
1821 4557 1885 4617 et
1997 4545 2157 4624 Quae
2184 4547 2357 4611 enim
2408 4547 2672 4612 scientia
2717 4549 2898 4614 docet
2928 4551 3153 4632 fugere
3195 4551 3542 4616 contrarias

337 4669 448 4734 illa
475 4669 864 4752 paupercula
887 4667 1085 4732 vidua
1111 4666 1499 4747 Sareptana:
1532 4662 1645 4745 qui
1669 4665 1885 4725 tamen
1997 4656 2380 4738 potestates?
2419 4653 2625 4722 Nulla.
2659 4655 2821 4720 Item
2848 4656 3125 4722 illustrat
3145 4657 3216 4721 in
3245 4676 3441 4741 gyro,
3470 4662 3543 4723 ut

338 4777 576 4842 coelum
631 4775 981 4840 claudebat.
1026 4771 1185 4840 Vide
1234 4776 1521 4836 sanctum
1575 4769 1609 4833 J
1612 4785 1885 4834 oannem
2000 4782 2133 4828 non
2159 4782 2296 4827 esse
2322 4764 2730 4844 fugiendum,
2761 4764 2915 4847 quia
2941 4765 3222 4848 undique
3253 4765 3546 4847 praesidia

342 4882 723 4968 Baptistam,
766 4882 879 4966 qui
924 4885 1164 4964 septem
1208 4896 1526 4943 annorum
1573 4876 1850 4941 existens
1871 4923 1889 4952 ,
2001 4871 2387 4935 habeamus:
2411 4870 2725 4935 habemus
2753 4872 2928 4936 enim
2957 4872 3173 4954 ipsum
3200 4870 3545 4934 Dominum

339 4991 606 5057 intravit
634 4991 981 5068 desertum,
1014 4992 1077 5052 et
1102 4987 1199 5051 ibi·
1218 5004 1409 5069 super
1445 4984 1684 5067 lapides
1706 4985 1891 5065 jace·
2005 4985 2067 5044 et
2089 4980 2357 5061 angelos
2378 4979 2544 5043 circa
2564 4997 2702 5043 noe.
2724 4978 2904 5045 Unde
2926 4979 3218 5046 Psalmus
3236 4979 3258 5014 ⁹
3281 5001 3297 5042 ι
3329 5001 3359 5039 α
3375 4978 3547 5043 Mon-

337 5100 469 5164 bat.
520 5100 824 5166 Similiter
867 5099 946 5163 de
992 5095 1239 5161 Christo
1255 5143 1276 5175 ,
1333 5099 1396 5159 et
1440 5094 1518 5160 de
1566 5091 1888 5174 apostolis

337 5205 521 5274 Unde
559 5208 711 5274 dicit
750 5205 988 5272 Paulus
1014 5210 1038 5245 ¹
1072 5226 1087 5269 ε
1128 5227 1158 5264 α
1183 5200 1472 5285 Lapidati
1510 5203 1663 5265 sunt
1676 5247 1698 5280 ,
1743 5197 1898 5263 secti

402 5373 423 5408 ¹
448 5371 588 5423 Psal.
616 5383 701 5436 xc,
728 5375 778 5422 7.
805 5397 866 5409 —
890 5369 915 5404 ²
936 5366 1109 5430 Halm,
1144 5376 1220 5430 xi,
1255 5366 1334 5415 37.
1362 5390 1426 5402 —
1466 5363 1485 5393 ³
1510 5363 1684 5426 Heln..
1715 5374 1809 5426 ιιι,
1845 5364 1900 5412 6.

339 5444 438 5481 —⁴
467 5443 639 5507 Δροσ..
667 5453 764 5504 111,
786 5444 834 5493 7.
858 5466 919 5480 —
944 5441 963 5471 ⁵
995 5437 1171 5498 Micia„
1199 5448 1264 5501 ιι,
1289 5437 1339 5487 7.
1359 5437 1460 5475 —0
1489 5437 1632 5501 Sap„
1668 5437 1899 5504 ¹151,ss-

636 5549 787 5599 ΊῸΙ.
834 5549 927 5598 11..

2006 5092 2117 5152 tes·
2146 5087 2214 5150 in
2271 5085 2539 5150 circuitu
2589 5087 2808 5169 populi
2853 5086 2978 5185 sui.
3027 5108 3058 5145 ι)
3113 5083 3293 5151 Unde
3345 5104 3548 5169 puero

2012 5194 2200 5260 Elisei
2227 5193 2538 5259 clamante
2565 5199 2825 5277 propter
2860 5193 3140 5259 latrones
3166 5192 3372 5277 Syriae
3387 5243 3409 5274 ,
3437 5192 3553 5277 qui

2013 5383 2077 5395 —
2116 5359 2132 5389 ⁷
2166 5355 2350 5421 necle„
2387 5367 2435 5421 1,
2477 5359 2500 5407 1
2552 5359 2604 5407 et
2641 5369 2752 5421 seq.
2791 5381 2853 5394 —
2902 5356 2923 5386 ⁸
2963 5354 3103 5406 Psal.
3148 5366 3337 5416 cxvm,
3377 5355 3455 5407 37.
3491 5381 3556 5396 --

2015 5431 2034 5461 ⁹
2063 5428 2201 5482 Psal.
2236 5439 2412 5493 exxw,
2442 5431 2491 5480 2.

3107 5491 3108 5494 ‘
3243 5520 3284 5581 s
