4196 6294
651 470 719 529 V!

651 586 885 652 scilicet
907 581 1403 650 Flaviacensem.
1436 578 1805 644 Damasceni
1842 574 2044 642 verba
2057 622 2079 653 ,
2106 574 2429 656 quomodo
2469 592 2684 658 graece
2711 577 2962 645 dicatur
3001 580 3192 660 Deus,
3240 603 3454 667 graeco
3480 591 3846 663 charactere

650 703 808 770 inibi
833 702 1221 779 scribuntur,
1248 716 1323 763 ac
1343 698 1540 763 latine
1566 696 1987 780 explicantur,
2017 692 2182 756 sicut
2203 690 2352 755 alibi
2376 692 2542 776 apud
2571 694 2871 760 eumdem
2896 695 3408 767 Bonaventuram
3432 705 3475 769 ¹.

732 822 972 887 Auctor
997 817 1285 902 ejusdem
1312 815 1649 899 Principii,
1677 818 1985 895 tanquam
2011 809 2280 874 devotus
2305 812 2369 873 et
2394 809 2762 893 seraphicus
2777 861 2794 891 ,
2836 813 2978 878 illas
3004 816 3324 917 improbat
3349 821 3662 907 scientias,
3693 846 3846 912 quae

656 937 909 1004 nullum
952 934 1114 1000 dant
1149 950 1444 1018 Saporem
1459 980 1479 1011 ‚
1523 950 1638 996 nec
1679 937 1928 994 motum
1977 929 2159 1000 bom-²
2199 930 2583 1010 operationis
2629 930 2893 1011 affectui
2905 952 2933 1014 ;
2961 951 2997 998 e
3032 940 3253 1003 contra
3291 957 3446 1005 vero
3488 941 3851 1028 Scripturas

656 1061 901 1121 sanctas
943 1055 1228 1135 impense
1268 1047 1707 1124 commendat,
1749 1064 2028 1130 quarum
2066 1045 2268 1127 stylus
2307 1044 2631 1109 succendit
2666 1047 2860 1112 corda
2903 1056 3258 1137 torpentia,
3301 1058 3405 1123 vel
3439 1063 3715 1143 tepentia
3734 1112 3753 1143 ,
3787 1073 3852 1129 ec

658 1170 981 1255 refocillat
1004 1167 1199 1233 corda
1225 1165 1541 1230 ardentia.
1589 1163 1778 1237 Velut
1817 1163 2009 1227 etiam
2038 1161 2274 1226 divinae
2299 1159 2467 1242 legis
2493 1165 2558 1226 et
2582 1164 2872 1229 canonici
2893 1168 3063 1249 juris
3088 1171 3321 1239 zelator
3342 1223 3363 1253 ,
3392 1176 3589 1241 tradit
3619 1201 3633 1243 ε
3675 1202 3705 1238 α
3730 1178 3764 1244 J
3770 1200 3852 1245 us

659 1289 845 1355 civile
871 1285 1226 1352 secundum
1243 1284 1458 1366 legem
1486 1268 1773 1347 divinam
1791 1281 2151 1362 regulatur,
2183 1282 2247 1343 et
2273 1279 2628 1360 ordinatur,
2661 1285 2962 1365 quamvis
2987 1286 3196 1352 adhuc
3213 1288 3428 1374 aliqua
3450 1295 3856 1377 reperiantur

662 1409 729 1473 in
770 1423 885 1483 ρο,
932 1421 1081 1487 quae
1120 1422 1159 1467 a
1196 1404 1346 1485 jure
1379 1388 1599 1465 divino
1644 1398 2023 1477 discordent,
2057 1397 2221 1462 sicut
2247 1396 2325 1462 de
2363 1398 2597 1476 usuris„
2646 1404 2709 1464 et
2749 1403 3147 1486 concubiniS,
3177 1411 3239 1472 et
3284 1410 3667 1492 quibusdam
3709 1413 3857 1479 aliis

659 1522 918 1609 paucis,
948 1520 1304 1586 secundum
1324 1519 1496 1603 quod
1520 1521 1689 1602 patet
1713 1518 1784 1581 in
1811 1516 2063 1582 Canone
2095 1538 2112 1578 :
2145 1532 2294 1597 quse
2324 1515 2587 1579 omnino
2629 1520 2740 1582 aut
2764 1518 3077 1602 abrogata
3104 1530 3276 1606 sunt,
3305 1526 3410 1592 vel
3436 1530 3810 1612 abroganda
3833 1552 3852 1612 ;

661 1642 815 1726 quia
837 1639 943 1705 lex
982 1655 1131 1721 quae
1165 1635 1386 1701 obviat
1425 1654 1622 1701 sacrae
1651 1634 2018 1717 Scripturae,
2060 1636 2125 1696 et
2157 1631 2421 1697 decretis
2459 1632 2682 1715 Papae,
2732 1640 2796 1699 et
2824 1638 3114 1704 moribus
3155 1641 3371 1720 boniS,
3401 1645 3639 1710 nullius
3665 1642 3858 1713 debet

663 1776 801 1824 esse
838 1753 1167 1821 momenti.
1212 1776 1244 1813 ι)
1290 1752 1533 1818 Eorum
1573 1750 2037 1835 eloquentiam,
2086 1748 2201 1831 qui
2243 1748 2610 1812 divinarum
2643 1749 3123 1836 Scripturarum
3150 1758 3391 1842 stylum
3425 1762 3857 1846 simplicitatis
3969 1822 3975 1827 .

665 1881 994 1959 arguunt,
1044 1873 1381 1940 verbosam
1420 1904 1430 1916 ·
1436 1872 1650 1955 potius
1702 1889 1904 1955 quam
1957 1873 2363 1951 fructuosam
2422 1868 2730 1952 appellat3
2777 1873 3162 1958 eosdemque
3211 1896 3293 1943 ex
3348 1877 3737 1963 Hieronymo
3794 1887 3860 1947 et

669 1993 1039 2077 Augustino
1080 1991 1327 2069 refellit.
1371 1989 1668 2073 Algebrae
1717 1989 1872 2054 satis
1920 2003 2204 2069 gnarum
2231 2004 2368 2049 sese
2393 1986 2784 2065 manifestat,
2826 1990 3121 2074 inquiens
3171 2017 3186 2059 ε
3243 2020 3274 2057 α
3310 1996 3473 2062 Sunt
3504 1996 3653 2061 libri
3691 1997 3859 2064 Novi

666 2109 1085 2191 Testamenti,
1151 2107 1206 2172 si
1267 2106 1563 2190 partiales
1608 2105 1905 2189 Epistolae
1954 2106 2374 2169 numerentur
2396 2152 2413 2180 ‚
2463 2103 2530 2167 in
2590 2104 2866 2172 solidum
2913 2109 3058 2174 libri
3122 2112 3356 2195 viginti
3411 2116 3650 2198 septem
3671 2162 3692 2193 ,
3742 2115 3860 2199 qui

669 2244 979 2294 numerus
1006 2230 1103 2291 est
1128 2224 1445 2291 secundus
1471 2222 1734 2287 cubicus
1755 2227 1853 2288 ter
1879 2222 2003 2287 tria
2033 2228 2150 2287 ter.
2182 2244 2212 2282 n

750 2343 1015 2410 Librum
1055 2341 1232 2406 hunc
1272 2340 1437 2404 inter
1489 2337 2078 2405 Bonaventurianas
2131 2340 2558 2423 expositiones
2600 2340 2670 2403 in
2715 2358 2958 2405 sacram
3010 2341 3401 2426 Scripturam
3453 2347 3665 2428 primo
3717 2347 3860 2414 loco

677 2464 963 2549 recenset
1009 2459 1203 2523 etiam
1246 2456 1474 2522 Petrus
1518 2457 1809 2521 Annatus
1847 2457 1919 2520 in
1941 2459 2315 2541 Apparatu,
2363 2458 2530 2522 hanc
2573 2455 2850 2521 subdens
2891 2458 3204 2523 rationem
3246 2479 3273 2535 :⁴
3317 2482 3347 2519 α
3383 2459 3556 2525 Licet
3593 2480 3730 2528 non
3778 2464 3862 2528 sit

629 2593 638 2604 ·
673 2576 982 2661 expositio
1008 2575 1282 2657 alicujus
1312 2570 1659 2655 Scripturas
1686 2573 1857 2652 libri,
1887 2578 1982 2638 est
2018 2578 2235 2638 tamen
2261 2573 2429 2653 talis,
2469 2578 2541 2637 ut
2567 2574 2635 2637 in
2665 2592 2742 2637 eo
2780 2575 2858 2637 de
2894 2592 3090 2640 sacrae
3112 2572 3461 2658 Scripturae
3488 2580 3862 2660 praestantia

672 2695 951 2780 plurima
993 2692 1188 2774 dicat,
1231 2694 1497 2775 ejusque
1536 2690 1829 2772 singulos
1870 2691 2069 2755 libros
2110 2691 2513 2756 numerando
2544 2695 2804 2772 tangat,
2852 2696 2916 2756 et
2958 2692 3140 2772 mire,
3187 2692 3467 2759 breviter
3508 2698 3572 2758 et
3608 2694 3863 2759 erudite

673 2812 915 2885 refellat
952 2828 1082 2891 eos,
1128 2809 1242 2893 qui
1279 2808 1347 2872 in
1379 2826 1524 2872 eam
1563 2811 1840 2891 quatuor
1882 2826 2123 2889 genera
2160 2807 2517 2872 defectuum
2560 2808 2919 2890 impingere
2971 2809 3204 2889 solent,
3237 2809 3473 2874 scilicet
3498 2809 3856 2892 injustitiae,

675 2930 1054 3017 insipientiae
1076 2977 1094 3009 ,
1137 2925 1551 2993 inhonestatis
1596 2929 1660 2990 et
1699 2927 2176 3010 superfluitatiS,
2212 2926 2501 3009 dicatque
2537 2926 2701 2991 inter
2726 2926 2879 3006 alia,
2920 2925 3173 2993 Novum
3195 2924 3671 2990 Testamentum
3698 2925 3863 2989 nihil

675 3067 811 3131 esse
836 3047 1028 3129 aliud,
1060 3063 1256 3132 quam
1281 3042 1477 3109 Vetus
1505 3042 1916 3126 spiritualiter
1942 3043 2326 3126 expositum,
2361 3049 2426 3108 et
2451 3043 2703 3110 Novum
2726 3043 2796 3107 in
2825 3041 3033 3109 Veteri
3059 3045 3362 3125 tanquam
3389 3044 3596 3107 rotam
3621 3040 3697 3106 in
3725 3046 3868 3108 rota

676 3163 983 3235 contineri
1006 3164 1053 3228 ¹.
1086 3184 1118 3223 ι
1150 3162 1789 3244 Laudatumquoque
1820 3161 2033 3244 legere
2056 3166 2150 3226 est
2177 3163 2347 3245 apud
2365 3162 2758 3228 Ludovicum
2790 3160 3142 3227 Carbonem
3171 3164 3215 3227 ¹.

1064 3363 1098 3434 ἓ
1132 3363 1196 3419 11.
1226 3391 1296 3403 —
1333 3362 1758 3418 mammonas
1793 3362 2055 3419 Eunu-315:
2091 3379 2144 3418 m
2183 3364 2534 3419 Ηειιιιιιιιιιιοικ·
2576 3362 2908 3436 (Prodrom.,
2948 3361 3048 3417 col.
3090 3363 3194 3417 624
3231 3365 3286 3417 et
3322 3358 3482 3433 seq.).

765 3523 823 3582 l.
852 3514 1224 3582 Inscribitur
1249 3533 1503 3599 quoque
1523 3516 1646 3580 hoc
1672 3533 1833 3598 opus
1857 3515 2242 3590 Luminaria
2267 3515 2595 3594 Ecclesiae,
2617 3517 2711 3581 De
2729 3517 3011 3599 quinque
3042 3534 3119 3580 ac
3140 3514 3218 3579 de
3242 3521 3476 3597 septem
3493 3514 3864 3595 visionibus,

687 3639 783 3704 De
822 3633 1114 3720 operibus
1157 3650 1270 3698 sea·
1303 3631 1557 3712 dierum
1573 3681 1595 3712 ,
1636 3635 1754 3697 e'tc.
1793 3651 1811 3697 z
1844 3635 2028 3716 cujus
2065 3636 2287 3697 auctor
2328 3633 2485 3697 adeo
2528 3636 2742 3715 aperte
2800 3651 2936 3698 sese
2970 3633 3181 3716 prodit
3219 3631 3714 3698 Franciscanum
3730 3681 3751 3712 ,
3796 3637 3870 3698 ut

687 3752 925 3818 nedum
976 3752 1207 3818 referat
1232 3752 1460 3830 ‚sancti
1514 3750 1827 3816 Francisci
1880 3768 2174 3834 pugnam
2227 3768 2376 3814 cum
2419 3750 2819 3816 daemonibus
2844 3751 2865 3784 ¹·
2879 3799 2900 3829 ,
2948 3752 3089 3833 ejus
3137 3749 3655 3833 praedicationem
3699 3750 3868 3833 apud

690 3868 1040 3954 Soldanum
1057 3869 1100 3945 ⁸,
1130 3866 1786 3960 ejusdemsententias
1822 3872 1890 3942 et
1928 3868 2093 3933 dicta
2115 3875 2163 3947 ⁸,
2195 3867 2314 3951 ipsi
2343 3867 2572 3932 factam
2602 3868 3060 3951 apparitionem
3080 3867 3438 3951 Seraphim,
3468 3885 3541 3931 ac
3564 3867 3868 3938 Ordinem

689 3985 1095 4069 seraphicum
1115 4033 1135 4066 ,
1167 3986 1248 4050 ad
1274 4003 1467 4068 quem
1496 3984 1665 4050 idem
1691 3988 1944 4053 sanctus
1968 3984 2347 4068 pertinuisse
2375 3985 2630 4050 videtur
2653 3991 2713 4063 ⁷;
2745 3985 2856 4050 sed
2882 3985 3075 4050 etiam
3101 3984 3312 4049 laudet
3338 3984 3594 4048 beatum
3611 3993 3868 4066 patrem

690 4109 981 4167 nostrum
1004 4101 1423 4182 Franciscum
1449 4102 1812 4185 loquentem
1859 4118 2007 4164 cum
2048 4099 2239 4164 fratre
2266 4099 2519 4181 AEgidio
2552 4101 2596 4179 ⁸,
2629 4103 2916 4182 eiusdem
2961 4105 3037 4168 B.
3072 4101 3402 4168 Franci-sci
3426 4100 3863 4183 prudentiam,

692 4224 751 4292 et
779 4220 849 4282 in
869 4218 1355 4305 contemplativo
1382 4219 1592 4300 fratre
1621 4217 1882 4301 AEqidio
1902 4217 2395 4300 temperantiam
2413 4223 2457 4281 ⁹.
2482 4216 2564 4282 Se
2581 4236 2836 4300 quoque
2863 4218 3097 4283 vixisse
3119 4222 3400 4300 tempore
3418 4215 3864 4283 controversiae

694 4308 1139 4425 Grascosinter
1170 4334 1233 4394 et
1255 4329 1509 4396 Latinos
1557 4331 1720 4396 circa
1747 4335 2214 4414 processionem
2242 4332 2515 4418 Spiritus
2547 4337 2743 4399 sancti
2769 4337 2851 4399 ab
2889 4340 3161 4417 utroque
3174 4382 3194 4413 ,
3225 4353 3300 4398 ac
3343 4352 3627 4400 errorem
3663 4351 3867 4416 agno·

695 4449 864 4542 yisse
902 4448 970 4512 in
1010 4449 1221 4531 fatuis
1264 4448 1526 4528 GroeciS,
1555 4451 1890 4532 yeritatem
1918 4457 2132 4518 autem
2160 4470 2339 4518 secus
2366 4456 2637 4520 stantem
2664 4453 2901 4517 nedum
2930 4471 3045 4535 pro
3076 4451 3310 4517 Latinis
3325 4501 3346 4530 ,
3387 4453 3496 4517 sed
3519 4453 3717 4517 etiam
3743 4469 3864 4534 pro

698 4563 990 4657 omnibus
1013 4563 1253 4631 Groecis
1271 4565 1679 4649 sapientibus,
1696 4567 1862 4666 idem
1889 4572 2109 4634 auctor
2135 4569 2287 4634 satis
2314 4569 2549 4633 indicat
2569 4569 2636 4633 ¹⁰.
2669 4567 2866 4634 Porro
2892 4564 3033 4629 haec
3061 4564 3275 4629 omnia
3298 4563 3372 4628 D.
3403 4562 3863 4630 Bonaventurae

697 4683 935 4763 nostro
952 4681 1241 4765 apprime
1283 4683 1620 4749 convenire
1656 4683 1803 4767 quis
1842 4687 2143 4767 negabIt.
2121 4689 2153 4734 ‘²
2198 4686 2473 4753 Maxime
2512 4704 2661 4751 cum
2704 4683 2998 4748 laudatus
3034 4680 3595 4747 Illuminationum
3645 4683 3864 4744 auctor

698 4771 1077 4880 Symbolum
1117 4798 1567 4883 Apostolorum
1592 4801 1870 4886 explicet
1903 4803 2164 4885 perinde
2203 4822 2277 4868 ac
2320 4804 2763 4870 Bonaventura
2813 4805 2883 4869 in
2928 4803 3329 4886 Gentiloquio
3356 4803 3427 4838 ¹¹·
3413 4801 3862 4881 ,sentiendum

699 4914 1014 4979 existimet
1047 4915 1124 4979 de
1151 4916 1279 4981 Deo
1304 4917 1629 4998 altissime,
1654 4918 1937 5000 piissime
1964 4919 2007 4954 ¹¹
2021 4921 2335 5003 ,perinde
2369 4941 2442 4987 ac
2486 4921 2930 4988 Bonaventura
2964 4919 3033 4984 in
3076 4918 3378 5001 opusculo
3420 4918 3517 4983 De
3555 4916 3864 5000 reqzmine

696 5030 971 5112 animan
1013 5050 1160 5096 cum
1200 5033 1277 5098 de
1316 5035 1696 5117 perfectione
1746 5037 1990 5102 senarii
2027 5040 2286 5104 numeri
2323 5040 2620 5122 loquatur
2665 5039 2923 5123 perinde
2975 5056 3048 5103 ac
3083 5036 3530 5103 Bonaventura
3570 5036 3640 5098 in
3684 5032 3864 5096 libris

761 5182 921 5233 ¹Vid.
954 5183 1009 5243 in
1046 5186 1065 5234 1
1096 5184 1255 5248 Seni„
1287 5185 1401 5237 dist.
1438 5199 1513 5250 11,
1547 5186 1668 5237 dub.
1709 5191 1766 5248 3,
1807 5192 1947 5239 tom.
1980 5192 2025 5249 Ι,
2062 5205 2181 5256 pag.
2228 5195 2305 5244 50.
2335 5220 2398 5229 —
2441 5193 2565 5247 ²,De
2601 5194 2784 5245 sanctis
2812 5191 2948 5244 Ecci.
2992 5191 3205 5257 Patr-ib„
3247 5191 3332 5240 lib.
3375 5190 3460 5251 lv,
3505 5201 3622 5251 pag.
3662 5188 3769 5235 5-01
3800 5209 3861 5220 -·

694 5223 1914 5322 ³1n1roduet.inrl1eol.,1ib.v1,c.xxx.-
1950 5261 1970 5295 ⁸
1999 5264 2165 5312 Serm.
2205 5273 2444 5314 xV111.-
2480 5266 2501 5300 ⁸
2530 5270 2694 5368 Ξειιιιι.
2723 5277 2833 5316 xix.
2866 5292 2919 5302 —-
2952 5266 3171 5316 ⁸.Serm
3204 5275 3299 5326 xx,
3328 5226 3523 5311 etal’ibi
3557 5257 3763 5322 passim.
3802 5279 3861 5290 —

692 5293 2588 5435 ⁷·Serm.xx11.—⁸Serm.xxni.—⁹Ser1n.1.—‘Serm.i⁷111.—
2644 5338 3095 5400 'Serm.v111‚ac
3125 5333 3366 5398 Centloq
3397 5335 3767 5383 sect.xxxv111.
3799 5349 3860 5366 --

719 5394 927 5448 'serub
948 5408 1033 5478 ¹¹⁶.
1212 5465 1222 5474 ‘
1302 5466 1311 5473 ὁ
