4196 6294
339 584 414 635 ΒΘ
446 580 577 634 velle
609 578 664 632 et
697 588 882 644 posse,
904 572 992 626 vel
1030 585 1156 626 non.
1203 568 1439 623 Tentatio
1477 566 1726 622 diabolica

399 653 603 718 niplex.
644 649 848 702 Diaboli
884 647 1088 698 diversa
1117 643 1349 695 nomina.
1386 641 1478 694 Vir
1513 644 1729 707 quatuor

400 724 574 776 modis·
610 720 873 785 accipitur.
911 721 987 769 De
1021 716 1184 767 tribus
1219 728 1318 765 nos
1355 716 1516 765 tentat
1553 713 1730 763 diabo-

400 797 482 848 lus
508 794 600 860 (α).
629 796 766 844 Deus
788 790 1040 852 omnium,
1059 791 1112 839 et
1130 789 1267 838 Deus
1285 785 1624 851 quorumdam
1643 785 1728 847 (a).
1758 841 1763 847 ,

400 869 477 919 ΒΘ
503 865 686 931 triplici
716 864 878 924 bono,
907 860 1099 925 pariter
1139 861 1191 908 et
1232 856 1396 906 abusu
1423 856 1509 918 (α).
1539 857 1728 905 lterum

400 939 464 989 de
480 936 728 1003 potentia,
752 931 1003 998 sapientia
1025 937 1079 982 et
1099 927 1412 993 benignitate
1434 928 1520 991 (a).
1548 928 1623 978 De
1643 926 1732 977 tri·

399 1010 517 1074 plici
540 1008 834 1060 traditione.

339 1080 541 1134 Silentii
565 1079 676 1130 laus
702 1078 758 1128 in
783 1076 963 1127 Maria.

338 1154 565 1214 Domine,
603 1150 819 1201 clamavi
844 1148 914 1198 ad
938 1151 1004 1212 te,
1034 1145 1166 1198 Psal.
1207 1146 1316 1196 140.
1359 1145 1436 1195 ΒΘ
1465 1140 1730 1206 multiplici

400 1223 644 1274 clamore.
675 1218 848 1272 Oratio
882 1218 979 1269 tria
1011 1217 1169 1267 habet
1206 1215 1596 1279 impedimenta,
1627 1216 1731 1263 tres

399 1306 604 1359 quoque
637 1290 763 1342 alas.
791 1291 866 1339 De
892 1287 1159 1351 multiplici
1185 1286 1364 1338 odore.
1394 1285 1589 1338 Ostium
1626 1283 1730 1334 oris

400 1365 468 1415 ad
501 1363 601 1415 tria
635 1364 888 1427 apertum,
915 1363 968 1412 et
997 1359 1064 1412 ad
1091 1359 1190 1410 tria
1218 1358 1450 1410 clausum
1493 1368 1606 1407 esse
1646 1354 1732 1405 de·

400 1435 492 1486 bet
547 1450 577 1484 a
603 1470 618 1484 .

339 1434 783 1567 Chrisufs)vincit,
806 1506 990 1568 regnat
1028 1504 1080 1552 et
1104 1500 1326 1565 imperat
1359 1498 1452 1563 (α).
1491 1500 1533 1549 Α
1568 1496 1731 1549 tribus

399 1578 506 1643 pati
524 1576 739 1642 quisque
761 1575 915 1627 debet
931 1575 1019 1640 (a).
1042 1572 1400 1637 martyriorum
1421 1582 1591 1622 causoe
1607 1570 1733 1620 mul·

400 1650 440 1700 ti
476 1648 602 1699 lices
665 1663 698 1697 a
728 1683 741 1698 .

350 1663 475 1771 Vecte,
500 1647 793 1782 mea,(P{al.
829 1719 937 1768 141.
969 1716 1197 1776 Quatuor
1224 1716 1345 1765 sunt
1379 1712 1732 1778 precationum

403 1791 562 1844 modi.
609 1791 840 1851 Quatuor
877 1788 1074 1851 fontes,
1111 1787 1303 1837 scilicet
1339 1783 1732 1846 misericordias,

402 1862 599 1928 gratim,
633 1859 897 1925 sapientias
930 1864 983 1911 et
1021 1858 1296 1910 charitatis.
1326 1859 1585 1922 Aquarum
1608 1869 1733 1920 qua-

402 1934 621 1999 druplex
657 1933 837 1985 virtus.

343 2008 576 2067 Quatuor
600 2004 811 2056 brachia
846 2002 1014 2054 crucis
1051 2004 1270 2067 quatuor
1309 1999 1582 2050 virtutibus
1627 1997 1732 2049 dis·

404 2079 580 2129 tincta.
626 2077 798 2142 Magi,
836 2075 1067 2127 centurio
1112 2078 1165 2125 et
1202 2074 1334 2123 latro
1378 2086 1474 2123 suo
1518 2070 1732 2137 quisque

401 2150 560 2201 modo
588 2149 848 2202 Christum
875 2145 1099 2198 confessi
1124 2149 1244 2196 sunt
1271 2147 1364 2211 (α).
1391 2143 1660 2207 corruptio
1674 2142 1736 2218 ,in

402 2222 673 2285 ingressu,
716 2233 992 2285 progressu
1023 2222 1075 2269 et
1115 2231 1325 2283 egressu
1374 2217 1464 2281 (α).
1508 2216 1737 2276 ΩιιΘωοι·

405 2307 607 2357 eorum,
633 2292 723 2356 qui
740 2290 865 2357 justi
891 2290 1159 2353 dicuntur,
1188 2303 1397 2354 genera.

341 2366 571 2423 Domine,
592 2364 778 2414 exaudi
804 2364 1078 2413 orationem
1097 2376 1279 2425 meum,
1310 2360 1442 2412 Psal.
1471 2361 1579 2411 142.
1604 2359 1737 2411 Psal-

402 2437 476 2488 mi
514 2435 891 2501 poenitentiales
931 2448 963 2484 a
997 2434 1237 2500 lacrymis
1268 2432 1554 2497 incipiunt,
1591 2436 1644 2484 et
1682 2432 1735 2482 in

403 2509 592 2575 gaudio
619 2507 976 2559 terminantur.
1005 2506 1210 2557 Justitia
1236 2505 1520 2569 multiplex.

342 2583 419 2633 ΒΘ
445 2581 547 2631 fine
574 2577 940 2630 incarnationis
971 2578 1059 2641 (α).
1094 2576 1351 2628 Trinitatis
1385 2573 1659 2640 vestigium
1683 2573 1737 2625 in

405 2650 652 2704 creaturis
674 2651 763 2714 (a).
793 2650 1068 2712 Diaconus‚
1091 2661 1211 2698 cum
1238 2647 1364 2711 legit
1384 2645 1734 2711 Evangelium,

403 2722 528 2789 quid
545 2724 878 2787 repraesentet
899 2722 983 2786 (α).
1007 2718 1354 2772 confessionis
1372 2716 1738 2783 impedimenta

507 2798 643 2845 tuor.

342 2809 636 2918 Beiqoeugsctus
661 2865 899 2916 Dominus
916 2864 1050 2915 Deus
1074 2876 1229 2927 meus,
1256 2859 1390 2914 Psal.
1419 2862 1532 2913 143.
1560 2860 1738 2912 Funda

406 2943 459 2991 et
483 2938 614 3003 lapis
644 2939 767 3003 quid
792 2940 1179 3003 repraesentent.

345 3010 572 3061 Ecclesia
606 3014 818 3074 propter
847 3009 946 3060 tria
970 3008 1141 3060 sundae
1165 3006 1488 3072 comparatur
1513 3003 1603 3069 (α).
1640 3006 1735 3056 La·

407 3081 573 3146 pides,
601 3081 839 3132 doctores
865 3079 930 3131 ab
957 3094 1020 3131 ea
1044 3080 1188 3129 missi
1213 3079 1303 3143 (α).
1332 3080 1390 3128 ln
1416 3091 1591 3143 pugna
1613 3091 1736 3142 qua-

403 3157 522 3205 tuor
546 3152 836 3205 necessaria
875 3152 968 3217 (a).
1003 3153 1130 3203 Tota
1155 3150 1374 3203 Trinitas
1399 3150 1550 3200 nobis
1587 3150 1739 3202 inno-

403 3225 500 3276 tuit
514 3238 609 3290 per
633 3224 835 3276 Filium.
865 3226 1115 3275 Excessus
1135 3223 1548 3289 praedicatorum.
1573 3223 1737 3287 Aqua-

403 3310 522 3346 rum
551 3295 714 3346 virtus
743 3295 1030 3360 multiplex.

346 3369 422 3419 De
448 3368 748 3419 liberatione
785 3382 817 3418 a
844 3366 1014 3432 poenis
1039 3369 1092 3417 et
1118 3380 1149 3417 a
1172 3364 1397 3431 peccatis
1427 3365 1515 3428 (a).
1552 3367 1627 3417 De
1654 3364 1739 3417 tri·

404 3439 502 3489 bus
527 3453 642 3504 quae
668 3438 966 3490 hominibus
993 3438 1162 3488 solent
1187 3437 1360 3502 objici.

1813 428 2082 499 lNDEx:

1792 996 1884 1047 566

1792 1425 1883 1476 567

1796 1924 1886 1991 sss

1798 2503 1889 2555 569

1797 2933 1889 2984 570

1800 3292 1885 3345 571

344 3510 597 3562 Exultabo
634 3519 706 3574 te,
735 3512 868 3563 Deus
906 3525 1043 3560 meus
1078 3524 1189 3575 rex,
1216 3509 1350 3560 Psal.
1380 3511 1488 3561 144.
1528 3510 1738 3574 Septem
1836 3507 1843 3515 ’

407 3581 545 3633 dona
570 3582 787 3647 Spiritus
812 3582 973 3634 sancti
995 3581 1137 3633 dedit
1167 3581 1398 3632 Christus
1424 3595 1517 3645 per
1540 3584 1738 3645 septem

406 3653 750 3718 apparitiones
785 3657 906 3718 post
945 3652 1391 3704 resurrectionem.
1436 3654 1511 3703 De
1552 3652 1739 3717 triplici

407 3738 603 3807 corona
644 3725 848 3777 Christi.
892 3724 1098 3790 Triplex
1141 3725 1237 3776 erit
1270 3724 1323 3776 in
1359 3723 1533 3775 electis
1563 3723 1735 3775 t'mitio

346 3797 596 3920 112¹)ssssOE
621 3867 822 3919 casibus
845 3867 965 3921 licet
986 3866 1186 3918 homini
1221 3881 1276 3917 se
1302 3864 1511 3918 laudare
1540 3868 1632 3932 (α).
1661 3867 1736 3916 ΒΘ

404 3940 711 4006 hypozeuxi.
740 3939 974 4005 Quinque
1013 3943 1134 3991 sunt
1167 3953 1281 4004 quae
1304 3953 1525 4005 regnum
1550 3938 1735 3991 Christi

408 4013 774 4064 commendant
788 4011 874 4077 (α).
890 4012 1077 4063 Fidelis
1092 4011 1343 4063 Dominus
1356 4011 1411 4060 in
1425 4011 1625 4062 duobus
1645 4010 1736 4074 (α).

407 4086 532 4136 Tres
558 4085 744 4137 animae
769 4086 907 4136 vires
931 4085 987 4134 in
1007 4083 1249 4149 praesenti
1269 4082 1472 4149 impleri
1487 4096 1595 4134 non
1621 4096 1740 4148 pos-

351 4158 546 4288 meunt:
583 4227 753 4278 αηίηια
793 4240 932 4290 mea,
976 4226 1261 4290 Dominum,
1289 4226 1425 4278 Psal.
1468 4227 1578 4277 145.
1620 4222 1740 4275 Tria

416 4297 619 4349 obstant
643 4296 917 4364 quominus
933 4296 988 4350 in
1013 4297 1255 4364 praesenti
1271 4297 1497 4362 porrecta
1517 4297 1584 4350 sit
1607 4295 1735 4348 laus.

1799 3794 1890 3845 572

2055 568 2131 618 De
2193 566 2413 632 quatuor
2455 564 2663 620 dotibus
2700 567 2931 635 corporis
2975 567 3243 637 glorificati
3291 573 3381 639 (a).

2051 639 2152 689 Per
2176 638 2331 691 Jacob
2373 639 2599 691 Ecclesia
2623 639 2961 706 triumphans,
2988 656 3083 708 per
3106 645 3240 696 Esau
3278 645 3384 696 mi-

2053 709 2204 762 litans
2242 710 2569 776 significatur.

1992 784 2067 833 De
2097 782 2277 834 ordine
2301 783 2698 848 justificationis.
2740 786 2743 787 ’

1992 855 2233 918 Laudate,
2261 855 2530 904 Dominum
2570 857 2823 920 quonium,
2852 857 2988 909 Psal.
3031 859 3138 911 146.
3181 859 3256 910 ΒΘ
3294 875 3386 924 pa-

2052 924 2230 976 tientia
2255 929 2308 976 et
2332 926 2581 989 sapientia
2620 927 2685 978 ad
2722 928 3112 980 aedificationem
3150 930 3386 983 Ecclesiae

2052 996 2372 1048 necessariis.
2402 999 2477 1048 De
2502 1011 2740 1063 numero,
2769 1013 3010 1051 mensura
3047 1005 3100 1052 et
3134 1002 3384 1066 pondere,

2053 1072 2244 1119 saneim
2265 1067 2495 1120 Trinitati
2520 1070 2846 1133 comparatis.
2868 1074 2943 1121 De
2967 1072 3276 1123 obscuritate
3300 1074 3389 1123 de-

2054 1139 2236 1204 cuplici
2250 1153 2408 1190 sacras
2431 1139 2705 1203 Scripturae
2727 1142 2813 1203 (α).
2841 1143 2915 1194 ΒΘ
2934 1142 3086 1207 pullis
3108 1156 3383 1194 corvorum

2051 1211 2413 1262 invocantibus
2446 1213 2611 1262 Deum
2649 1213 2738 1277 (α).
2766 1213 2961 1265 Timori
2986 1227 3103 1279 spes
3125 1214 3276 1280 iungi
3302 1215 3388 1266 de·

2051 1281 2142 1334 bet
2167 1295 2284 1333 cum
2310 1282 2555 1346 patientia
2581 1285 2633 1334 et
2657 1283 2951 1336 fortitudine
2985 1285 3081 1349 (ο).

1991 1354 2187 1418 Lauda,
2210 1354 2505 1419 Jerusalem,
2525 1356 2812 1420 Dominum,
2841 1358 2974 1409 Psal.
3004 1360 3113 1411 147.
3138 1360 3213 1411 ΒΘ
3234 1373 3384 1426 repa-

2054 1426 2255 1476 ratione
2282 1426 2570 1477 Jerusalem
2602 1427 2686 1490 (a).

1994 1499 2068 1550 De
2090 1497 2336 1549 missione
2365 1498 2477 1549 Filii
2499 1499 2588 1563 (α).
2607 1499 2814 1564 Triplex
2834 1500 3028 1564 peccati
3048 1515 3230 1567 genus.
3254 1503 3389 1564 Quo-

2056 1570 2214 1621 modo
2241 1571 2306 1621 de
2330 1571 2510 1621 Judaeo
2537 1570 2595 1621 fit
2620 1572 2887 1637 Hebraeus,
2914 1573 3226 1626 de'ilebraeo
3253 1576 3387 1626 Gali-

2056 1643 2197 1693 laeus.
2228 1642 2376 1702 Quod
2413 1645 2633 1707 quatuor
2672 1644 2878 1708 spiritus
2902 1644 3038 1696 dona
3071 1646 3136 1696 ad
3161 1646 3388 1699 intellec·

2055 1718 2166 1764 tum
2182 1713 2409 1778 quidem,
2430 1713 2528 1764 tria
2544 1728 2751 1780 quoque
2772 1716 2838 1767 ad
2853 1715 3090 1767 affectum
3112 1718 3389 1781 pertinent.

2056 1788 2164 1837 Pax
2190 1786 2506 1851 quadruplex
2538 1788 2800 1851 quomodo
2832 1790 3129 1854 quaerenda.

1995 1856 2218 1908 Laudate
2235 1858 2504 1908 Dominum
2528 1858 2590 1908 de
2613 1859 2770 1924 coelis,
2797 1861 2930 1912 Psal.
2959 1862 3069 1913 148.
3094 1863 3389 1928 imperativi

2058 1943 2185 1980 usus
2206 1928 2488 1994 multiplex.

1995 2003 2070 2053 De
2100 2001 2232 2053 coelo
2260 2003 2449 2066 primo,
2477 2003 2704 2054 secundo
2724 2007 2776 2054 et
2800 2004 2971 2056 tertio.
3002 2005 3266 2058 Elementa
3283 2006 3391 2059 lau-

2057 2072 2199 2139 dant,
2224 2074 2278 2124 id
2300 2077 2396 2137 est,
2419 2075 2543 2124 dant
2559 2076 2827 2126 materiam
2843 2076 3084 2128 laudandi
3111 2080 3276 2130 Deum
3298 2081 3390 2146 (α).

2058 2146 2134 2196 ΒΘ
2164 2145 2343 2196 ordine
2373 2146 2650 2197 creationis
2678 2146 2771 2213 (a).

1998 2216 2210 2269 Caritate
2245 2218 2459 2268 Domino
2496 2221 2745 2269 canticum
2770 2232 2971 2283 nonunt,
3002 2220 3136 2273 Psal.
3166 2224 3276 2274 149.
3312 2222 3388 2273 ΒΘ

2059 2294 2212 2341 cantu
2242 2288 2480 2350 Luciferi,
2509 2290 2635 2341 Adae
2667 2294 2720 2341 et
2756 2291 2944 2342 Christi
2980 2293 3067 2357 (α).
3097 2295 3172 2345 ΒΘ
3206 2294 3391 2359 gaudio

2059 2361 2290 2412 interiori
2322 2362 2406 2425 (a).
2434 2363 2509 2412 De
2538 2361 2724 2425 triplici
2747 2362 3007 2427 ligamine.

1997 2433 2071 2483 De
2100 2434 2320 2497 quatuor
2340 2432 2553 2483 canticis
2583 2433 2782 2484 Veteris
2804 2434 3135 2487 Testamenti.

1996 2504 2217 2556 Laudare
2244 2505 2514 2555 Dominum
2540 2506 2593 2554 in
2611 2506 2799 2556 sanctis
2817 2506 2947 2571 eju-5,
2978 2507 3110 2560 Psal.
3142 2510 3250 2559 150.
3271 2507 3388 2559 Τι’ἰα

2058 2580 2181 2626 sunt
2213 2590 2328 2640 quae
2359 2576 2553 2627 iaciunt
2589 2576 2851 2627 bominem
2890 2582 3142 2633 sanctum.
3167 2580 3387 2644 tDuplex

2060 2647 2391 2711 infirmitatis,
2415 2651 2525 2698 tum
2551 2661 2836 2711 corporeae,
2862 2651 2972 2699 tum
2990 2649 3283 2715 spiritualis,
3306 2665 3391 2717 ge-

2059 2731 2160 2769 nus
2202 2720 2287 2784 (a).
2338 2721 2602 2784 Nusquam
2642 2721 2889 2771 securitas
2932 2722 3016 2784 (a).
3058 2724 3194 2773 Deus
3233 2721 3391 2773 habet

2057 2789 2202 2842 velut
2231 2792 2447 2854 quatuor
2479 2790 2844 2856 dimensiones,
2877 2796 2930 2844 et
2960 2791 3034 2843 sic
3055 2805 3176 2844 eum
3205 2791 3393 2845 imitari

2058 2861 2213 2912 debet
2237 2862 2394 2913 homo
2430 2862 2517 2925 (a).

1997 2934 2329 2998 Septenarius
2362 2946 2607 2985 numerus
2632 2932 2834 2985 sterilis.
2861 2936 3065 2987 Novum
3095 2937 3391 2988 Testamen-

2056 3008 2169 3056 tum
2196 3005 2372 3056 Veteri
2397 3005 2668 3071 praefertur
2694 3008 2784 3072 (α).
2808 3006 2953 3058 Ritus
2985 3007 3243 3071 Ecclesiae,
3267 3008 3390 3058 dum

2057 3076 2242 3143 legitur
2285 3078 2618 3143 Evangelium
2668 3080 2761 3144 (a).
2804 3080 2880 3129 ΒΘ
2924 3079 3112 3144 triplici
3157 3084 3291 3131 statu
3335 3080 3392 3130 in

2061 3150 2320 3214 praesenti.
2347 3152 2477 3202 Ante
2503 3151 2661 3201 finem
2687 3151 2907 3214 pendula
2946 3152 3124 3203 omnia
3151 3152 3237 3216 (a).

1999 3220 2261 3285 Expositio
2281 3222 2334 3272 in
2351 3221 2538 3273 librum
2556 3222 2892 3273 Ecclesiastae.
2911 3224 3283 3289 Argumentum
3305 3223 3391 3290 (ex

2058 3292 2182 3344 edit.
2211 3292 2414 3357 vatic).
2450 3293 2783 3346 Prooemium.
3268 3310 3275 3318 ·

1997 3363 2121 3427 Cap.
2154 3368 2199 3415 1.
2236 3364 2394 3415 Verba
2420 3365 2752 3426 Ecclesia-rice,
2776 3368 2874 3420 ete.

1997 3435 2124 3500 Cap.
2150 3439 2201 3487 2.
2229 3437 2358 3486 Dixi
2381 3451 2501 3502 erqo
2526 3451 2616 3501 eqo
2645 3438 2698 3487 in
2726 3438 2870 3488 corde
2894 3451 3018 3489 meo.

1997 3506 2123 3570 Cap.
2152 3509 2200 3558 3.
2231 3507 2410 3557 Omnia
2440 3511 2629 3571 tempus
2658 3506 2853 3559 tabent.

1997 3578 2121 3642 Cap.
2153 3582 2201 3630 4.
2236 3579 2378 3629 Verri
2398 3593 2477 3630 me
2503 3578 2573 3630 ad
2594 3577 2720 3631 alia.

1997 3651 2122 3714 Cap.
2152 3652 2201 3700 5.
2231 3650 2309 3700 Ne
2337 3653 2518 3701 temere
2543 3650 2670 3715 quid
2694 3650 2936 3717 loquaris.

1997 3721 2119 3785 Cap.
2151 3723 2199 3772 6.
2230 3721 2323 3771 Est
2348 3726 2397 3771 et
2422 3720 2571 3770 aliud
2594 3720 2802 3774 malum.

1998 3791 2120 3856 Cap.
2148 3793 2198 3842 7.
2229 3791 2358 3854 Quid
2387 3806 2573 3842 neeesse
2597 3795 2691 3843 est.

1998 3863 2124 3927 Cap.
2152 3865 2199 3915 8.
2232 3865 2351 3926 Quis
2383 3863 2505 3913 talis
2532 3866 2588 3913 ut
2612 3864 2827 3928 sapiens.

1998 3935 2123 3999 Cap.
2152 3938 2200 3986 9.
2231 3935 2410 3985 Omnia
2435 3935 2536 3986 lioec
2564 3937 2795 3988 tractavi.

1999 4007 2127 4070 Cap.
2156 4009 2235 4058 10.
2262 4008 2443 4057 Muscoe
2466 4008 2752 4057 morientes.

1999 4079 2125 4142 Cap.
2156 4081 2235 4130 11.
2265 4078 2410 4128 Mitte
2430 4092 2609 4143 panem
2637 4082 2797 4129 tuum.

2001 4151 2129 4214 Cap.
2159 4151 2237 4201 12.
2266 4150 2510 4201 ⁴Memento
2537 4149 2793 4201 creatoris
2821 4149 2914 4202 tui.

2045 4302 2112 4360 (α)
2130 4303 2238 4350 Cot.
2259 4303 2367 4350 adit.
2386 4303 2471 4349 hoc
2488 4315 2579 4349 non
2595 4302 2775 4349 habent.

1400 4755 1540 4801 nme
1576 4754 1774 4801 mmets
1811 4753 2158 4802 flammanti
2193 4753 2325 4802 ’ῘὉΙ1
2354 4753 2508 4801 NON!-

1253 5464 1575 5501 vuounonu.
1593 5477 1655 5490 —
1677 5465 1741 5502 ΒΧ
1761 5465 1901 5502 rm!
1925 5465 2491 5503 omllfflssuflnfll
2515 5462 2662 5500 tutti.

3416 443 3535 506 695

3444 719 3536 771 573

3449 1432 3540 1485 ⁵74
3646 1408 3649 1411 ’

3453 1794 3543 1845 575

3451 1939 3542 1988 575

3452 2366 3543 2417 576

3452 2867 3542 2915 577

3453 3153 3542 3204 578

3451 3296 3544 3347 579

3448 3368 3543 3418 587

3452 3439 3544 3487 597

3451 3510 3544 3557 607

3450 3582 3543 3630 616

3452 3652 3545 3700 622

3450 3722 3544 3770 630

3450 3791 3544 3841 634

3452 3865 3544 3913 645

3452 3935 3544 3983 653

3452 4005 3544 4054 662

3453 4076 3544 4125 670

3451 4148 3542 4198 675
