4196 6294
1769 377 2029 446 INDEX.

303 516 361 568 Si
388 529 499 568 vere
528 517 699 582 utique
714 516 1007 582 jmtitn'am,
1051 515 1347 566 Pselm.'5·1.
1375 513 1510 575 Quid
1548 514 1691 579 loqui

363 604 546 641 verum
584 602 706 640 vere
721 624 735 652 ,
772 588 857 639 vel
899 588 1028 639 falso
1074 587 1163 653 (a).
1208 586 1449 638 Mandata
1495 590 1690 638 naturae

364 662 467 713 duo
494 663 583 726 (a).
619 661 770 722 Quod
809 660 946 712 funis
980 656 1053 725 (ὁ)
1097 658 1444 724 multipliciter
1489 659 1689 710 dicitur.

363 735 507 794 Quod
548 734 692 785 furor
718 735 799 785 est
823 746 980 798 poena
1008 733 1071 796 (α)
1092 767 1104 789 ,
1144 731 1228 781 vel
1265 734 1533 793 peccatum
1552 768 1571 793 ,
1606 731 1689 780 vel

363 809 542 857 contra
569 808 859 871 peccatum.
888 803 1039 864 Quod
1066 807 1306 867 peccator
1348 802 1512 866 aspidi
1548 815 1686 853 com-

362 882 572 942 paratur
598 882 817 942 quatuor
848 876 909 927 de
941 874 1128 927 causis.
1160 874 1307 934 Quod
1328 872 1427 925 tria
1455 878 1574 925 sunt
1599 887 1688 938 ge·

360 963 487 1000 nera
510 949 758 1001 dentium.
781 947 1026 998 Triduum
1051 946 1278 997 hominis
1322 946 1408 1009 (α).
1750 944 1840 994 227

301 1018 455 1085 Eripe
479 1036 557 1070 me
578 1019 640 1071 ds
669 1020 890 1071 inimicis
913 1019 1058 1079 meis,
1080 1018 1264 1069 Psalm.
1289 1019 1370 1069 58.
1389 1017 1687 1083 Sepulcrum

360 1092 546 1142 Christi
583 1091 768 1142 domus
808 1091 918 1154 ejus
954 1090 1050 1141 sub
1091 1089 1277 1153 triplici
1319 1091 1558 1154 respectu
1599 1089 1684 1153 (α).

357 1164 562 1228 Triplex
590 1161 699 1227 ejus
735 1162 970 1213 liberatio
1007 1160 1099 1226 (a).
1130 1162 1354 1213 Christus
1391 1161 1683 1226 quadrupli·

358 1236 483 1286 citer
512 1235 640 1286 vivit
667 1235 753 1300 (c).
779 1235 929 1295 Quod
948 1234 1177 1285 Christus
1204 1233 1406 1298 gallinoe
1427 1247 1685 1297 compara-

357 1310 441 1357 tur
452 1310 665 1372 propter
683 1306 927 1371 quinque.
957 1306 1105 1365 Quod
1123 1305 1285 1357 tames
1305 1310 1383 1356 est
1399 1305 1682 1370 multiplex.

358 1378 433 1428 De
460 1376 730 1442 multiplici
755 1377 1029 1429 occisione.
1075 1376 1168 1427 De'
1185 1376 1453 1442 multiplici
1488 1376 1684 1427 deduc·
1745 1445 1835 1497 228

356 1448 516 1505 tione.

299 1521 447 1585 Deus,
474 1521 714 1586 repulisti
741 1536 847 1583 nos,
881 1521 1068 1572 Psalm.
1093 1523 1172 1572 59.
1203 1522 1278 1571 De
1304 1518 1572 1584 multiplici
1593 1533 1682 1570 re·

353 1592 606 1656 pulsione.
635 1595 711 1644 De
745 1593 1027 1644 mutatione
1068 1591 1352 1656 multiplici.
1406 1594 1478 1642 De
1516 1591 1681 1641 multi-

354 1663 474 1727 plici
497 1665 639 1716 vino.
669 1664 803 1724 Quid
830 1664 1039 1729 Galaad,
1061 1666 1341 1730 Manassae,
1367 1663 1608 1729 Ephraim
1629 1667 1681 1713 et

352 1736 485 1786 ‚luda
504 1735 789 1800 significent
808 1736 898 1801 (a).
929 1739 1002 1787 De
1026 1736 1294 1800 multiplici
1313 1736 1677 1787 calceamento.

352 1807 559 1872 Triplici
575 1808 732 1859 modo
747 1809 812 1858 ad
826 1808 1043 1859 nihilum
1071 1808 1255 1859 deduci
1269 1807 1384 1873 quis
1403 1810 1572 1871 potest
1588 1806 1676 1872 (a).
1742 1807 1834 1857 229

292 1876 515 1943 Exaudi,
543 1879 702 1939 Deus,
732 1879 1125 1944 deprecationem
1152 1893 1339 1943 meam,
1370 1879 1553 1930 Psalm.
1597 1880 1676 1928 60.

355 1949 625 2009 Quomodo
661 1952 981 2015 operandum
1009 1951 1102 2013 (a).
1131 1952 1206 2001 De
1243 1950 1521 2002 tentatione
1549 1950 1677 2013 Dei,

352 2021 578 2072 hominis
597 2058 615 2087 ,
652 2023 860 2074 diaboli.
895 2024 972 2074 De
1013 2023 1280 2088 multiplici
1306 2021 1434 2075 turri
1460 2026 1513 2074 et
1536 2022 1678 2073 vela-

351 2094 491 2145 mine
521 2096 611 2158 (a).
1741 2095 1832 2145 230

292 2164 465 2217 Nonne
491 2167 594 2216 Deo
620 2166 841 2232 subjecta
866 2169 1005 2227 erit,
1046 2168 1233 2219 Psalm.
1268 2171 1346 2219 61.
1392 2169 1467 2219 De
1506 2167 1680 2218 multi-

352 2238 472 2301 plici
492 2238 556 2303 (d)
569 2241 725 2291 tactu.
744 2242 817 2290 De
832 2239 1020 2305 triplici
1034 2239 1341 2291 hierarchia.
1363 2240 1438 2289 De
1457 2245 1675 2304 quatuor

352 2307 855 2374 interpretationibus
881 2311 1107 2362 nominis
1127 2311 1269 2362 Abel.
1290 2312 1437 2371 Quod
1454 2311 1678 2362 Ecclesia

352 2378 566 2445 incoepit
601 2382 667 2432 ab
707 2382 866 2446 Abel,
896 2385 949 2434 et
981 2397 1089 2434 non
1132 2382 1198 2434 ab
1233 2383 1432 2447 Adam,
1459 2383 1680 2448 quadru-
1737 2428 1764 2452 ι

351 2451 473 2515 plici
501 2454 559 2515 (e)
588 2453 652 2503 de
681 2467 851 2506 causa.
1739 2454 1831 2504 230

290 2521 364 2572 De
393 2523 697 2594 humilitate,
737 2529 788 2576 et
818 2527 929 2590 ejus
955 2525 1368 2578 remuneratione
1414 2525 1499 2590 (α).
1530 2526 1677 2586 Quod

351 2599 618 2658 peccatum
642 2596 805 2647 tribus
830 2596 995 2648 modis
1022 2598 1374 2649 committitur.
1408 2598 1558 2658 Quod
1593 2598 1680 2648 lex

353 2671 550 2731 septem
577 2668 741 2720 modis
761 2668 963 2721 dicitur.
993 2671 1143 2730 Quod
1169 2673 1306 2722 Deus
1331 2670 1679 2736 multipliciter

352 2736 593 2803 loquitur.

243 2804 246 2809 ’
290 2808 442 2872 Deus,
470 2811 604 2860 Deus
621 2825 775 2876 meur,
801 2811 869 2861 ad
895 2813 942 2862 te
972 2812 1034 2862 de
1060 2812 1184 2877 luce,
1211 2813 1399 2865 Psalm.
1423 2816 1505 2864 62.
1530 2814 1678 2874 Quod

351 2881 540 2945 aliquid
567 2882 624 2934 fit
647 2882 848 2934 aridum
874 2882 1156 2948 tripliciter.
1189 2886 1339 2944 Quod
1378 2885 1433 2935 in
1467 2885 1551 2935 siti
1583 2885 1678 2935 tria

350 2954 698 3005 attenduntur.
723 2955 869 3014 Quod
889 2955 1045 3019 adeps
1063 2957 1288 3018 interior,
1307 2957 1485 3008 arvina
1504 2956 1574 3022 (s)
1594 2971 1677 3008 ex-

350 3024 510 3075 terior
537 3026 608 3089 (9)
639 3026 840 3077 dicitur.
865 3027 940 3076 De
967 3027 1234 3092 multiplici
1261 3028 1428 3092 adipe.
1736 3028 1825 3079 231

292 3095 439 3155 Quod
472 3096 608 3156 labia
628 3097 973 3163 multipliciter
1002 3099 1255 3150 dicuntur.
1286 3100 1435 3160 Quod
1461 3103 1676 3153 stratum

351 3170 697 3236 multipliciter
711 3171 914 3223 dicitur.
942 3174 1088 3232 Quod
1114 3187 1266 3224 mane
1285 3174 1551 3239 multiplex
1577 3179 1671 3225 est.

353 3244 427 3294 De
463 3244 861 3310 proprietatibus
896 3247 1094 3312 vulpis,
1143 3251 1195 3298 et
1237 3248 1378 3313 quod
1418 3249 1677 3314 principes

352 3315 473 3366 mali
499 3317 641 3382 vulpi
667 3322 1052 3382 comparantur.

291 3385 516 3452 Exaudi,
552 3391 717 3448 Deus,
755 3392 1031 3442 orationem
1056 3405 1249 3452 meam,
1286 3406 1398 3443 cum
1424 3393 1677 3456 deprecor,

354 3461 540 3512 Psalm.
583 3465 662 3514 63.
690 3465 764 3514 De
792 3464 1042 3528 petitione
1077 3465 1185 3515 sive
1222 3466 1526 3532 amotionis,
1567 3467 1674 3518 sive

353 3533 684 3597 appositionis
699 3535 1100 3588 tribulationum.
1122 3537 1273 3596 Quod
1298 3538 1488 3602 linguai
1515 3538 1677 3589 malo-

351 3617 470 3653 rum
499 3610 861 3670 comparantur
883 3608 1063 3673 gladiis
1083 3608 1244 3660 acutis
1264 3614 1481 3675 quatuor
1507 3609 1581 3676 (Ιι)
1612 3611 1677 3661 de

294 3675 775 3803 Tecgaeeiff‘lzymnuffi
801 3742 950 3805 Deus,
981 3744 1035 3792 in
1055 3744 1398 3804 Sn·on,1>salm.
1430 3746 1512 3795 64.
1530 3745 1679 3805 Quod

353 3810 622 3861 sabbatum
648 3810 703 3861 in
731 3815 913 3863 octava
946 3815 1154 3866 Paschoe
1178 3815 1433 3868 diciturin
1457 3817 1603 3867 albis.
1743 3816 1833 3867 232

293 3881 581 3933 Discrimen
609 3882 743 3933 inter
769 3887 1125 3948 repraesentari
1147 3891 1200 3938 et
1212 3888 1505 3953 significari.
1532 3889 1682 3948 Quod

359 3968 540 4004 omnes
569 3953 761 4005 Levitae
776 3956 996 4007 decimas
1010 3957 1199 4010 dabant
1214 3973 1415 4010 summo
1433 3960 1683 4025 pontiflci,

358 4030 410 4078 et
433 4040 613 4077 omnes
632 4027 800 4078 Judoei
824 4028 1029 4080 Levitis.
1070 4031 1146 4080 De
1176 4030 1446 4095 electione,
1478 4032 1680 4097 subjec-

358 4098 498 4149 tione
538 4102 592 4150 et
628 4099 1007 4162 praeelectione.
1031 4101 1143 4160 Quo
1165 4101 1281 4166 jure
1304 4118 1336 4155 a
1367 4106 1476 4156 Deo
1497 4109 1682 4169 peten-

357 4170 482 4220 dum
506 4173 565 4221 ut
589 4185 685 4221 nos
712 4171 953 4222 exaudiat
990 4174 1076 4235 (a).
1114 4174 1430 4239 Repletionis
1466 4176 1682 4229 diversas

357 4241 584 4293 rationes
611 4243 703 4306 (a).
732 4243 834 4294 Cur
864 4256 1090 4307 proesens
1108 4246 1358 4299 saeculum
1382 4250 1514 4299 mari
1535 4263 1684 4300 com·

356 4317 564 4377 paretur
582 4315 673 4378 (α).
701 4316 868 4376 Quare
885 4315 1045 4367 sancti
1062 4316 1295 4370 dicantur
1320 4325 1540 4373 montes.
1564 4321 1685 4381 Qui·

356 4384 454 4436 bus
496 4386 663 4438 modis
705 4390 841 4441 terra
878 4387 1220 4442 t'oecundetur.
1260 4393 1683 4446 Benedictionum

359 4457 575 4510 diversae
601 4460 818 4525 species.
851 4461 1119 4527 inquibus
1155 4461 1376 4516 verbum
1401 4466 1496 4518 Dei
1531 4465 1681 4518 semi·

357 4533 537 4582 natum
564 4531 649 4583 sit.
1743 4505 1857 4589 233·

295 4601 516 4654 lubilate
539 4605 666 4669 Deo,
684 4605 846 4656 omnis
875 4608 1032 4669 terra,
1061 4606 1249 4660 Psalm.
1273 4610 1354 4661 65.
1391 4610 1539 4670 Quod
1566 4610 1680 4675 qui·

361 4674 478 4726 dam
497 4680 773 4741 expectant
789 4681 843 4729 et
861 4680 1213 4744 expectantur,
1234 4681 1442 4746 quidam
1455 4693 1581 4734 non.
1606 4684 1682 4733 De

361 4749 521 4814 arida,
560 4753 613 4801 et
652 4751 714 4801 de
749 4752 957 4803 homine
987 4751 1080 4817 (α).
1128 4754 1348 4812 Quinam
1375 4754 1509 4810 sicco
1550 4756 1680 4822 pede

361 4823 620 4874 transeant·
645 4823 822 4880 mundi
855 4825 1070 4888 flumen,
1097 4825 1304 4890 quinam
1329 4840 1455 4879 vero
1479 4829 1684 4882 immer-

364 4897 565 4958 gantur.
594 4895 740 4954 Quod
764 4895 926 4960 judex
961 4902 1290 4961 exasperatur
1315 4900 1371 4964 (ι)
1400 4899 1679 4964 tripliciter.

362 4966 437 5016 De
462 4964 647 5030 triplici
660 4969 806 5017 motu
824 4968 915 5031 (a).
939 4970 1015 5019 De
1038 4969 1272 5022 examine
1288 4971 1566 5036 perignem
1590 4971 1681 5038 (a).

362 5037 437 5088 De
460 5037 729 5104 refrigerio
752 5039 1035 5105 multiplici.
1158 5091 1164 5096 ,
1745 5044 1837 5095 234

356 5207 416 5264 (a)
434 5211 528 5254 Hoc
545 5223 636 5256 non
657 5211 823 5266 habent
846 5215 943 5257 cot.
961 5213 1140 5258 sditn—
1159 5235 1211 5248 -
1239 5215 1292 5272 (ὁ)
1310 5215 1421 5260 Item
1442 5215 1560 5261 fluis.
1579 5238 1631 5251 —
1651 5217 1705 5274 (c)
1726 5217 1838 5264 Goet.

303 5270 411 5316 ease.
430 5274 539 5318 aaa.
561 5276 808 5321 mundum
832 5275 1124 5322 menum.
1141 5299 1199 5313 -
1221 5278 1293 5335 (α)
1323 5279 1432 5324 coee.
1460 5279 1568 5324 eae.
1585 5281 1768 5338 cupitor.
1786 5305 1839 5316 —

305 5335 360 5390 (e)
390 5335 500 5380 leem
530 5339 707 5395 triplici.
734 5363 789 5373 —
822 5339 883 5395 (s)
913 5340 1024 5384 Coet.
1053 5341 1164 5387 care.
1187 5343 1378 5388 araim.
1398 5364 1453 5376 -
1468 5343 1532 5400 (a)
1563 5344 1723 5402 Suppt.
1743 5347 1840 5403 pin-

304 5397 465 5450 suedo.
485 5421 537 5433 -
552 5400 619 5460 (1ο)
642 5402 751 5447 Cat.
768 5403 878 5450 edit.
894 5404 1109 5460 quiaque.
1123 5427 1178 5441 -—
1202 5405 1251 5462 (ι’)
1270 5407 1378 5454 Cot.
1395 5404 1502 5452 adit.
1519 5410 1840 5465 aspergitur.-

578 5490 729 5538 Tou.
766 5493 853 5543 IX·

3374 384 3497 448 689

1953 512 2104 573 Quod
2128 511 2388 564 tribulatio
2420 511 2576 565 debet
2602 511 2896 577 precedere
2927 512 3339 578 prosperitatem.

2018 583 2238 645 Quinam
2266 584 2375 635 sive
2402 584 2468 634 ad
2488 589 2731 646 mortem,
2759 583 2867 636 sive
2902 584 2957 635 in
2988 587 3207 638 mortem
3242 601 3340 653 po-

2014 660 2205 708 nantur
2244 658 2330 722 (α).
2378 657 2528 717 Quod
2568 656 2623 716 in
2669 657 2861 721 templo
2906 657 3195 710 Salomonis
3232 663 3343 711 erat

2013 730 2216 790 atrium,
2234 729 2598 792 sanctuarium,
2622 733 2856 780 sanctum
2870 734 3184 783 sanctorum.
3209 731 3342 793 Quid

2011 801 2214 852 intersit
2248 800 2383 851 inter
2418 800 2775 853 holocaustum
2811 805 2864 852 et
2902 801 3118 866 simplex
3148 803 3340 854 sacrifi-

2011 873 2147 923 cium
2185 873 2276 937 (j).
2312 872 2460 932 Quod
2496 873 2805 937 poenitentes
2847 871 2909 939 (k)
2943 873 3102 926 hircis
3130 888 3338 940 compa-

2011 946 2210 996 rantur.

1950 1014 2081 1065 Deus
2108 1017 2407 1067 misereatur
2448 1015 2627 1080 nostri,
2656 1016 2843 1068 Psalm.
2870 1019 2949 1069 66.
2980 1018 3128 1079 Quod
3156 1017 3340 1070 animae

2009 1087 2274 1151 profectus
2322 1089 2378 1139 fit
2415 1088 2590 1140 multis
2633 1089 2820 1140 modis.
2863 1089 2938 1141 De
2981 1090 3340 1145 benedictione

2010 1160 2295 1224 multiplici.
2345 1160 2494 1221 Quod
2536 1160 2767 1213 Christus
2804 1174 3018 1226 germen
3033 1199 3050 1226 ,
3092 1176 3344 1229 granum,

2009 1231 2174 1294 radix,
2202 1233 2317 1296 flos,
2346 1232 2542 1284 fructus
2579 1233 2781 1286 dicitur.
3401 1234 3495 1286 235

1881 1334 1882 1339 1
1947 1302 2022 1353 De
2045 1302 2214 1354 fructu
2251 1303 2513 1367 trigesimo
2529 1340 2547 1368 ,
2586 1305 2906 1370 sexagesimo
2954 1308 3007 1357 et
3041 1305 3340 1358 centesimo.

2013 1374 2164 1434 Quod
2182 1376 2239 1426 B.
2263 1375 2423 1439 Virgo
2442 1375 2626 1427 dicitur
2643 1380 2781 1428 terra
2795 1376 2982 1442 triplici
3000 1377 3065 1429 de
3087 1392 3241 1430 causa
3257 1377 3342 1444 (l).

1945 1445 2179 1510 Exurqat
2205 1447 2340 1496 Deus
2356 1484 2376 1509 ,
2406 1446 2590 1498 Psalm.
2618 1450 2698 1498 67.
2726 1450 3065 1508 Quandonam
3106 1449 3235 1501 Deus
3269 1449 3343 1501 di-

2008 1519 2148 1568 catur
2177 1531 2426 1583 exurgere
2453 1518 2508 1568 in
2534 1523 2708 1570 mente
2737 1520 2979 1573 hominis.
3008 1522 3237 1582 Quatuor
3270 1522 3342 1573 le-

2010 1590 2207 1652 guntur
2248 1589 2435 1640 Christi
2478 1590 2815 1641 exaltationes
2850 1592 2959 1657 (m).
2990 1591 3127 1652 Quot
3169 1592 3339 1645 modis

2005 1660 2235 1711 Christus
2261 1662 2526 1713 exaltetur.
2562 1664 2636 1713 De
2665 1663 2857 1727 duplici
2882 1676 3021 1717 arca.

1943 1731 2213 1791 Quomodo
2236 1732 2406 1784 anima
2425 1733 2748 1786 tricamerata
2769 1736 2864 1801 (α).
2885 1735 3019 1796 Quid
3036 1736 3235 1789 intersit
3258 1736 3340 1788 in-

2005 1808 2082 1855 ter
2109 1819 2318 1871 surgere
2359 1809 2412 1856 et
2437 1819 2771 1871 consurgere.
2821 1809 3044 1859 Occasus
3073 1808 3239 1873 lapsui
3270 1810 3341 1861 si·

2003 1876 2138 1926 milis
2166 1877 2256 1941 (a).
2276 1878 2349 1927 De
2377 1877 2644 1943 multiplici
2664 1877 2854 1930 Christi
2871 1893 3100 1945 egressu.
3119 1883 3194 1932 De
3212 1882 3341 1933 mul-

2001 1947 2162 2012 tiplici
2190 1948 2381 2012 pluvia.
2425 1949 2500 2000 De
2541 1950 2810 2015 multiplici
2847 1951 3161 2016 perfectione
3189 1951 3336 2018 legis.

2004 2019 2153 2077 Quod
2180 2021 2331 2072 Pater
2358 2020 2544 2072 dicitur
2569 2021 2816 2088 agricola,
2847 2026 2899 2075 et
2923 2037 3104 2075 semen
3120 2023 3339 2077 verbum
3429 2035 3436 2042 ·

2006 2091 2121 2142 Dei.
3398 2098 3492 2149 237

1941 2161 2042 2213 Uni
2066 2164 2267 2214 tantum
2310 2177 2375 2214 ex
2408 2163 2687 2216 virtutibus
2727 2164 2945 2218 debetur
2969 2166 3209 2220 bravium
3245 2168 3334 2234 (a).

2002 2233 2408 2287 commendatur
2436 2235 2666 2286 Christus
2686 2251 2718 2287 a
2742 2239 2978 2302 quatuor.
3004 2239 3153 2299 Quod
3175 2240 3338 2293 virtus

2001 2304 2347 2370 multipliciter
2369 2306 2574 2358 dicitur.
2604 2308 2753 2368 Quod
2772 2309 3001 2360 Ecclesia
3021 2310 3337 2377 significatur

2001 2390 2096 2441 per
2122 2378 2417 2429 columbam
2442 2382 2655 2443 propter
2678 2380 2794 2430 tria.
2836 2382 2912 2431 De
2950 2382 3219 2448 polyptoto
3246 2384 3332 2449 (a).

2000 2450 2126 2500 Tres
2150 2449 2376 2517 hominis
2402 2451 2645 2515 potentiss
2679 2451 2837 2502 cultui
2865 2453 2961 2503 Dei
2982 2467 3077 2505 suo
3117 2468 3336 2520 quaeque

2001 2522 2160 2572 modo
2186 2521 2476 2573 inserviunt
2497 2521 2586 2587 (a).
2618 2523 2766 2582 Quod
2796 2537 2976 2575 currus
3002 2525 3071 2590 (n)
3100 2526 3339 2592 multipli-

2003 2592 2129 2643 citer
2173 2593 2376 2646 dicitur.
2421 2594 2573 2654 Quod
2618 2594 2754 2646 filius
2796 2595 2992 2649 dextrae
3040 2597 3105 2663 (o)
3151 2599 3340 2651 dicitur

2003 2665 2211 2717 Paulus.
3399 2673 3489 2724 238

1941 2737 2016 2787 De
2039 2736 2203 2788 tribus
2228 2738 2502 2803 generibus
2529 2737 2803 2791 visionum.
2838 2740 2897 2791 In
2945 2742 3139 2793 aeterna
3171 2742 3340 2794 Trini-

2001 2810 2105 2859 tate
2133 2812 2237 2859 tres
2264 2823 2520 2874 personas,
2549 2813 2601 2861 et
2640 2825 2744 2862 una
2771 2811 3083 2878 substantia3
3124 2814 3181 2865 in
3201 2828 3343 2866 nova

2002 2893 2129 2931 vero
2155 2884 2261 2932 tres
2288 2882 2585 2933 substantiae
2600 2885 2653 2933 et
2673 2897 2775 2933 una
2790 2897 3032 2947 persona.
3050 2887 3125 2936 De
3145 2885 3342 2939 dimen-

2003 2952 2236 3005 sionibus
2260 2953 2449 3004 animse
2484 2954 2770 3005 secundum
2797 2956 3011 3007 modum
3042 2971 3213 3009 suum.

1943 3022 2153 3075 Salvum
2184 3039 2262 3075 me
2287 3025 2390 3089 fac,
2415 3026 2582 3088 Deus,
2609 3026 2797 3078 Psalm.
2827 3030 2907 3079 68.
2950 3028 3156 3093 Triplici
3180 3032 3340 3083 modo

2001 3097 2335 3149 transformat
2361 3110 2416 3147 se
2444 3097 2500 3149 in
2534 3100 2772 3152 membra
2798 3098 3029 3152 Christus
3056 3102 3147 3168 (a).
3176 3103 3343 3157 Silen-

2003 3168 2133 3219 tium
2174 3169 2441 3235 eloquens.
2496 3169 2700 3235 Triplex
2753 3170 2993 3223 clamoris
3035 3187 3201 3238 genus
3242 3176 3337 3241 (p).

2004 3240 2155 3299 Quod
2188 3240 2418 3291 Christus
2457 3255 2677 3306 granum
2699 3242 2892 3308 sinapis
2915 3243 3103 3296 dicitur
3127 3252 3341 3312 propter

2002 3312 2101 3363 tria
2131 3314 2150 3374 (
2183 3315 2221 3374 ).
3403 3321 3495 3372 23⁹

1941 3383 2016 3434 De
2042 3328 2231 3448 dupl'ici
2254 3386 2412 3437 modo
2432 3385 2698 3451 loquendi,
2728 3389 2780 3438 et
2800 3388 3122 3454 singulariter
3148 3389 3214 3442 de
3244 3390 3341 3458 hy-

2000 3457 2213 3522 perbole
2241 3458 2328 3522 (r).
2357 3459 2586 3518 Quatuor
2610 3459 2852 3524 leguntur
2874 3462 3227 3526 depositiones
3268 3465 3333 3530 (s)

2001 3528 2224 3580 vestium
2245 3529 2451 3582 Christi.
2480 3531 2847 3590 Quaternarius
2872 3533 2938 3585 ad
2965 3535 3304 3599 Evangelium
3318 3574 3338 3602 ,

2004 3600 2245 3652 denarius
2273 3601 2340 3652 ad
2358 3601 2529 3667 legem
2554 3602 2793 3654 retertur.
2820 3604 2888 3656 De
2905 3606 3174 3671 multiplici
3207 3607 3336 3661 luto.

2004 3673 2156 3732 Quod
2198 3673 2427 3726 Christus
2467 3688 2597 3740 puer
2639 3676 2695 3740 (t)
2741 3675 2928 3728 dicitur
2965 3682 3179 3745 propter
3218 3693 3340 3745 qua-

2003 3747 2141 3796 tuor.

1944 3817 2017 3868 De
2033 3816 2302 3883 multiplici
2322 3816 2641 3870 confusione.
2665 3819 2740 3869 De
2759 3819 3029 3886 multiplici
3044 3835 3226 3876 mensa
3246 3825 3337 3890 (α).
3365 3866 3376 3876 .

2004 3889 2245 3955 Episcopi
2271 3889 2452 3941 vicarii
2483 3890 2836 3956 apostolorum
2869 3895 2959 3956 (α).
2994 3894 3125 3954 Quid
3158 3899 3339 3961 patera

2005 3965 2057 4012 et
2076 3961 2195 4012 thus
2216 3960 2522 4026 significent.
2545 3963 2621 4014 De
2644 3962 2874 4027 ingenio,
2903 3967 3158 4018 memoria
3174 3972 3228 4020 et
3253 3981 3338 4019 ra·

2003 4032 2164 4084 tione.
2194 4032 2345 4093 Quod
2376 4032 2558 4098 aliquis
2595 4034 2751 4085 scribi
2785 4037 2958 4098 potest
2974 4036 3029 4088 in
3054 4037 3188 4091 libro
3214 4039 3337 4093 vilae

2003 4103 2167 4155 tribus
2194 4104 2257 4154 de
2284 4104 2469 4156 causis.
2500 4106 2575 4156 De
2603 4109 2823 4170 quatuor
2839 4105 3002 4161 libris.
3395 4113 3486 4165 24¹

1945 4174 2093 4235 Quod
2109 4174 2340 4226 Christus
2370 4174 2552 4240 doluit,
2574 4190 2671 4240 pro
2703 4177 2943 4229 omnibus
2979 4178 3162 4232 doluit.
3201 4183 3336 4236 Laus

2004 4244 2181 4296 divina
2196 4245 2294 4296 tria
2308 4246 2664 4311 complectitur
2686 4248 2781 4314 (a).
2804 4250 2879 4300 De
2898 4250 3086 4315 triplici
3106 4252 3337 4308 vinculo.

1945 4317 2096 4376 Deus,
2126 4318 2178 4368 in
2204 4318 2522 4382 adiutorium
2548 4333 2712 4369 meum
2751 4321 2954 4373 intende
2965 4359 2984 4387 ‚
3025 4323 3212 4376 Psalm.
3255 4329 3336 4380 69.

2006 4389 2179 4442 Multis
2198 4390 2368 4442 modis
2387 4389 2606 4442 intendit
2631 4394 2786 4446 Deus.
2816 4395 2892 4446 De
2914 4395 3114 4448 duabus
3137 4397 3338 4465 figuris,

2007 4474 2122 4526 quas
2149 4461 2387 4512 dicuntur
2402 4463 2686 4528 Epignomo
2715 4468 2767 4516 et
2784 4465 3156 4531 Epigrammos.
3185 4471 3337 4533 Quod

2008 4532 2160 4600 egeni
2183 4545 2360 4585 sumus
2389 4542 2606 4600 propter
2623 4541 2862 4603 quatuor.
2891 4541 2971 4592 De
2998 4545 3219 4607 quamm-
3242 4558 3337 4610 ge·

2006 4606 2217 4659 neribus
2248 4607 2684 4671 persecutionum.
3399 4619 3492 4670 242

1945 4677 2088 4744 Inte,
2115 4680 2345 4742 Doniine,
2366 4680 2582 4745 speravi,
2607 4694 2705 4732 non
2730 4683 3032 4748 conlimdar,
3049 4685 3238 4738 Psalm.
3253 4690 3335 4743 7⁰.

2009 4751 2267 4816 Quidquid
2291 4750 2418 4803 boni
2437 4766 2634 4815 sumus,
2657 4768 2692 4804 a
2709 4754 2821 4805 Deo
2849 4770 3028 4809 sumus
3054 4756 3149 4824 (a).
3185 4760 3337 4820 Quod

2009 4823 2177 4878 fomes
2217 4822 2413 4887 peccati
2453 4823 2637 4877 dicitur
2678 4825 2765 4876 lex
2806 4828 2993 4880 carnis.
3032 4829 3110 4880 De
3151 4831 3338 4896 triplici

2011 4894 2321 4960 captivitate.
2355 4895 2604 4947 Juventus
2640 4896 2695 4948 in
2718 4897 2881 4951 stibus
2902 4899 3151 4954 consistit.
3191 4904 3337 4958 AEtas

2010 4966 2250 5020 Ecclesiae
2273 4967 2558 5021 secundum
2593 4968 2797 5023 diversa
2825 4971 3166 5038 distinguitur.
3194 4976 3334 5036 Qua-

3394 1667 3489 1717 236

3399 3755 3494 3805 24⁰

1950 5094 2011 5151 (j)
2046 5094 2159 5138 coet.
2187 5093 2296 5137 edit.
2319 5096 2387 5138 De
2413 5094 2609 5150 quinque
2634 5096 2872 5151 generibus
2889 5099 3276 5146 ucriflciorum.—
3297 5102 3363 5160 (lc)
3380 5102 3492 5150 Item

1947 5160 2282 5212 peccatores.—
2308 5155 2346 5211 (1
2351 5156 2369 5212 )
2396 5155 2507 5200 Item
2534 5158 2848 5215 multipliciter.
2862 5182 2914 5194 —
2940 5160 3016 5218 (m)
3039 5161 3151 5206 Rem
3181 5164 3491 5214 exultationes.

1950 5242 2002 5253 —
2019 5219 2078 5275 (n)
2110 5217 2220 5263 Goee.
2243 5218 2351 5263 edic.
2370 5219 2519 5262 turris.
2540 5240 2595 5252 -·—
2614 5220 2675 5276 (ο)
2703 5220 2814 5265 Item
2841 5223 3090 5280 nonjamin.
3108 5246 3164 5257 —
3183 5225 3245 5282 (p)
3264 5226 3376 5273 Item
3395 5231 3491 5274 cia·

1947 5295 2045 5327 mor
2062 5282 2227 5326 Christi
2254 5281 2415 5338 triplex
2448 5285 2531 5326 est.
2552 5305 2604 5316 —
2633 5283 2694 5339 (q)
2712 5284 2827 5328 Item
2861 5289 3065 5342 quatuor.
3078 5310 3134 5322 —
3153 5288 3214 5344 (r)
3246 5290 3357 5338 Coet.
3380 5293 3490 5338 edit.

1947 5359 2030 5390 non
2047 5346 2206 5406 habuit
2225 5348 2271 5389 et
2291 5344 2576 5400 singulariter
2591 5345 2649 5391 de
2664 5347 2923 5404 hypsrbola.
2943 5372 2998 5385 —
3016 5349 3072 5407 (s)
3089 5349 3201 5397 Caee.
3219 5353 3329 5400 edit.
3346 5355 3493 5414 ‹lispo-

1947 5409 2145 5455 sitiones.
2162 5428 2218 5442 -
2235 5406 2287 5465 (t)
2304 5407 2417 5453 Item
2440 5410 2582 5465 pater.
2622 5448 2640 5462 α
