4196 6294
135 774 285 829 geria
293 786 335 819 m

147 836 315 878 multi-

117 899 234 953 plex

196 1805 309 1848 Ritu

163 3942 310 3985 Holo-

120 4008 338 4050 caustum

148 4411 240 4575 ἕξει

229 4418 280 4573 Eae·

277 4418 318 4510 :aa

1711 455 2026 530 PSAms.
2055 457 2267 528 mm.

2039 598 2446 664 molaverunt
2468 599 2633 665 filios
2672 617 2822 666 suos
2858 604 2923 665 et
2962 598 3126 663 imas
3160 611 3312 664 suas
3336 597 3597 666 daem·

461 607 561 667 12.
590 602 1038 669 mnsiwmus
1054 615 1170 683 per
1196 603 1410 683 iynem
1435 606 1493 668 et
1523 613 1783 684 aquam,
1806 604 1927 665 etc.

312 710 491 775 *Est
512 707 918 791 refrigerium
942 707 1396 772 benedictionis
1421 708 1720 786 sinistrae,
1751 708 1926 773 unde

382 819 811 902 Apostolus.
746 819 811 853 ¹·
847 840 878 879 α
898 815 1055 883 Nolo
1081 834 1199 880 vos
1227 833 1367 880 esse
1393 816 1461 880 in
1486 816 1924 896 tribulatione,

380 926 520 991 aliis
547 924 1040 1007 refrigerium.»
1080 924 1190 989 Est
1225 924 1639 1006 refrigerium
1688 923 1928 988 scilicet

380 1033 819 1099 diminutionis
866 1049 1077 1116 poenae
1117 1079 1135 1110 ,
1178 1032 1350 1096 unde
1407 1032 1531 1096 hoc
1555 1033 1580 1067 ¹
1622 1054 1638 1095 ε
1678 1053 1709 1091 α
1745 1030 1931 1096 Dives

380 1141 559 1225 petiit
584 1155 818 1223 aquam
836 1188 855 1219 ,
878 1143 952 1204 ut
978 1144 1189 1222 posset
1214 1139 1598 1220 refrigerare
1623 1139 1929 1220 linguam

378 1265 586 1313 suam.
641 1268 673 1308 ι
726 1247 837 1313 Est
896 1246 1309 1327 refrigerium
1361 1248 1598 1311 futurae
1657 1244 1881 1327 gloriae
1905 1295 1924 1326 ,

379 1356 550 1421 unde
593 1357 717 1421 hoc
756 1374 774 1419 ι
821 1354 1163 1421 Induxisti
1209 1368 1326 1421 uos
1367 1355 1442 1420 in
1490 1352 1923 1435 refriqerium.

378 1463 538 1529 Nota
568 1485 585 1527 ι
616 1463 736 1528 Hic
762 1464 1061 1546 praecedit
1089 1462 1298 1544 igniS‚
1319 1465 1384 1526 et
1408 1461 1708 1544 sequitur
1734 1480 1926 1544 aqua,

377 1572 529 1655 quia
555 1571 880 1636 tribulatio
904 1571 1091 1635 debet
1139 1569 1497 1653 praecedere
1540 1569 1925 1655 prosperita·

382 1683 509 1744 tem
547 1726 565 1757 ,
617 1698 698 1742 ne
751 1679 818 1742 in
868 1677 1287 1761 prosperitate
1345 1676 1540 1740 nimis
1589 1680 1868 1759 tepescat
1904 1696 1921 1758 ;

310 1818 352 1849 s.
383 1787 551 1852 unde
588 1786 848 1869 quando
884 1802 1046 1869 puer
1090 1801 1260 1866 aqua
1300 1784 1657 1867 baptizatur
1675 1835 1691 1865 ,
1735 1784 1927 1850 datur

382 1889 674 1973 candela,
714 1893 952 1957 scilicet
978 1892 1183 1974 igniS,
1213 1895 1432 1975 postea
1473 1910 1672 1975 aqua,
1716 1909 1929 1975 quan-

380 2003 462 2068 do
492 2003 812 2084 merigtur
838 2002 908 2065 in
933 2019 1123 2083 aqua.

461 2114 562 2175 13.
595 2109 876 2177 Introibo
912 2107 1002 2175 ad
1039 2108 1298 2176 domum
1339 2113 1540 2174 tuam.
1581 2107 1653 2172 In
1693 2109 1930 2192 templo

384 2218 740 2284 Salomonis
779 2218 903 2282 fuit
942 2216 1203 2294 atrium,
1247 2216 1705 2294 sanctuarium,
1741 2234 1928 2281 sanc-

384 2331 526 2390 tum
556 2328 923 2391 sanctorum
935 2342 956 2406 3
986 2324 1080 2388 sic
1103 2324 1172 2387 in
1193 2322 1429 2406 templo
1448 2322 1787 2406 spirituali,
1815 2325 1930 2389 sci-

383 2432 529 2496 licet
555 2431 832 2497 Ecclesia
871 2430 1197 2495 moraliter
1223 2435 1498 2514 accepta,
1529 2434 1627 2495 est
1666 2432 1925 2511 atrium,

382 2539 841 2618 sanctuarium,
883 2542 1175 2602 sanctum
1216 2542 1606 2603 sanctorum.
1657 2538 1730 2603 ln
1765 2539 1928 2603 atrio

385 2651 535 2712 sunt
556 2645 668 2729 qui
694 2645 958 2724 vivunt,
991 2645 1162 2710 unde
1197 2644 1398 2709 boc‘:
1443 2667 1474 2705 α
1500 2644 1621 2722 Qui
1655 2647 1835 2711 statis
1858 2647 1930 2712 in

385 2756 576 2820 domo
602 2753 876 2832 Domini,
922 2753 992 2816 in
1020 2751 1198 2817 atriis
1231 2752 1460 2817 domus
1488 2752 1600 2817 Dei
1637 2756 1857 2818 nostri.
1888 2775 1920 2814 n

386 2864 459 2928 ln
488 2861 848 2927 sanctuario
875 2863 1047 2940 sunt,
1078 2861 1193 2943 qui
1220 2860 1496 2944 primam
1525 2861 1765 2925 habent
1789 2866 1929 2926 sto-

385 2973 537 3051 lam,
566 2970 805 3034 habent
829 2981 1057 3033 versus
1071 2968 1197 3034 hic.
1222 2968 1292 3031 In
1320 2971 1535 3032 sancta
1561 2973 1928 3033 sanctorum

387 3079 498 3162 qui
517 3082 866 3161 utrumque
883 3076 1142 3156 habent,
1164 3080 1239 3139 ut
1257 3075 1560 3154 ChristuS,
1580 3075 1752 3140 unde
1763 3075 1886 3140 hoc
1909 3098 1925 3141 ε

387 3186 675 3254 Christus
701 3208 732 3246 α
757 3186 781 3221 ⁵
805 3184 1003 3249 semel
1029 3184 1320 3248 introivit
1345 3184 1413 3247 in
1442 3185 1928 3249 tabernaculum

385 3312 515 3359 non
544 3294 1003 3372 manufactum,
1049 3312 1081 3350 n
1116 3291 1348 3356 scilicet
1378 3291 1449 3355 in
1489 3292 1925 3357 sanctuarium

386 3402 1072 3467 holocaustomatorum
1103 3401 1208 3482 (a).

465 3516 563 3575 15.
597 3510 979 3577 Holocausea
1023 3506 1397 3587 medullata,
1434 3511 1554 3572 etc.
1585 3507 1745 3573 Nota
1785 3526 1923 3591 poe-

382 3619 737 3698 astantiam,
782 3617 873 3681 ibi
904 3637 919 3681 ε
957 3617 1049 3684 Et
1082 3633 1226 3683 cum
1264 3616 1506 3697 hirci3;
1544 3616 1923 3697 orationem,

381 3727 467 3790 ihi
501 3744 518 3789 ε
547 3728 703 3793 cum
729 3728 984 3794 incenso
1024 3727 1340 3806 arietum
1375 3724 1761 3805 doctrinam,
1791 3728 1921 3793 ihi:

383 3837 581 3901 Boves
587 3853 615 3915 ,·
652 3834 946 3899 omnium
985 3833 1220 3898 horum
1264 3832 1706 3897 sufficientiam
1723 3881 1740 3914 ,
1790 3835 1917 3900 ibi:

382 3940 852 4020 Nomentanum,
889 3939 1329 4005 holocaustum
1356 3939 1530 4002 enim
1556 3943 1798 4021 totum;
1831 3942 1925 4006 in·

380 4055 624 4113 ternam
666 4048 1064 4113 dulcedinem
1089 4095 1106 4127 ,
1153 4047 1240 4112 ibi
1273 4068 1289 4112 ι
1336 4047 1715 4115 Medullum.
1764 4048 1924 4115 Ecce

376 4156 480 4220 hic
504 4156 793 4239 quinque
820 4155 1258 4220 nominantur.
1303 4153 1779 4236 Holocaustum,
1814 4161 1922 4222 to-

378 4269 516 4326 lum
546 4263 900 4342 incensum,
931 4262 1189 4353 quando
1226 4265 1430 4326 totum
1460 4260 1569 4327 Dei
1597 4266 1767 4342 erat,
1795 4263 1917 4327 ho-

323 4417 350 4447 ,
379 4371 734 4434 iocaustum
757 4372 933 4435 enim
976 4374 1187 4435 totum
1216 4375 1353 4435 erat
1394 4387 1645 4452 cauma,
1689 4371 1920 4436 Incen-

315 4491 332 4501 ·
377 4490 520 4540 sum
536 4526 552 4555 ,
597 4477 1002 4557 sacrificium,
1031 4480 1220 4560 cujus
1261 4495 1409 4561 pars
1447 4478 1559 4543 Dei
1597 4481 1735 4542 erat
1773 4497 1923 4561 pars

378 4584 739 4650 sacerdotis.
771 4584 877 4649 SIc
914 4586 1146 4668 partim
1178 4586 1439 4669 quidem
1476 4585 1740 4665 mundo,
1772 4604 1917 4669 par·

376 4693 493 4759 tim
521 4693 671 4773 Dec,
702 4695 816 4777 qui
851 4695 1139 4776 cogitant
1167 4712 1315 4777 quae
1345 4695 1453 4759 Dei
1483 4699 1656 4771 sunt,
1685 4700 1748 4760 et
1772 4713 1920 4778 quae

376 4801 624 4878 mundi,
636 4801 705 4866 hi
725 4820 793 4866 se
820 4800 1099 4866 offerunt
1116 4800 1520 4882 sacrificium,
1538 4803 1709 4867 unde
1726 4804 1880 4868 hoc⁸
1898 4826 1915 4869 ι

381 4930 412 4971 ι
441 4908 799 4974 sacrificate
839 4910 1214 4975 sacrificium
1260 4911 1549 4994 justitiae.
1580 4933 1612 4970 n
1649 4912 1920 4989 Quidam

376 5034 445 5081 se
473 5017 753 5083 offerunt
773 5020 981 5083 totum
1004 5018 1276 5098 diabolo,
1308 5018 1478 5083 unde
1501 5019 1624 5084 hoc
1646 5026 1669 5061 ⁸
1695 5039 1711 5081 :
1753 5041 1784 5079 a
1802 5019 1922 5084 Im-

445 5180 456 5209 ·
490 5179 525 5229 11
561 5181 703 5242 Con,
733 5190 852 5242 vui,
885 5182 960 5231 13.
981 5179 1238 5237 —2Luc.‚
1257 5191 1366 5242 xvi,
1386 5183 1465 5242 ιι,
1495 5181 1664 5245 quoad
1691 5194 1917 5233 sensum.

379 5276 441 5287 —·
461 5248 641 5304 ⁸Psal.
678 5262 888 5315 cxxxiv,
916 5254 965 5303 2.
992 5272 1056 5289 ·-
1080 5251 1100 5282 ⁴
1129 5250 1300 5315 Helm,
1329 5263 1405 5316 11,
1435 5256 1510 5303 11.
1545 5277 1606 5291 -
1629 5254 1651 5288 ⁸
1675 5253 1815 5302 Psal.
1847 5266 1921 5317 ιν,

379 5323 428 5371 6.
456 5346 518 5359 -
543 5323 567 5359 ⁸
591 5323 740 5374 Psal.
771 5334 855 5388 cv,
879 5326 957 5374 37.
989 5349 1045 5360 -
1072 5322 1096 5357 '¹
1122 5322 1250 5383 loct,
1280 5335 1316 5387 ι,
1347 5326 1422 5374 Π.
1445 5349 1508 5362 -
1527 5323 1552 5360 ⁸
1579 5323 1710 5375 Psal.
1739 5337 1808 5375 cr.
1844 5327 1919 5377 10.

379 5417 441 5428 —
466 5395 487 5425 ⁹
515 5392 658 5444 Psal.
688 5407 870 5456 xxxw,
896 5397 972 5444 13.
1001 5393 1127 5431 —¹·
1154 5393 1296 5457 Gm,
1321 5406 1485 5452 xxvii,
1518 5397 1594 5445 39.
1625 5420 1688 5434 --
1718 5397 1753 5431 ¹¹
1782 5396 1920 5448 Psal.

383 5474 530 5534 exin,
569 5468 647 5518 15.
673 5489 738 5503 --
766 5467 801 5501 ¹²
824 5464 1022 5530 natm,
1057 5475 1190 5530 xxv,
1227 5467 1307 5519 34.
1337 5482 1397 5504 ⁴—-
1434 5466 1474 5503 ⁸⁸
1508 5467 1634 5528 1³0„
1671 5478 1746 5528 xv,
1781 5469 1830 5521 2.
1859 5494 1922 5509 -

2037 706 2184 784 niis,
2214 728 2246 766 n
2282 707 2348 772 id
2376 711 2491 787 est,
2523 725 2742 791 opera.

2118 818 2218 878 15.
2254 812 2529 896 offeram
2557 814 2682 882 tibi
2712 814 2894 882 boves
2922 830 3067 880 cum
3103 815 3326 881 hircis.
3356 812 3584 879 Pecca-

3660 838 3819 880 Pecca-

2034 923 2206 985 tores
2223 922 2392 985 enim
2416 921 2612 985 hircis
2629 926 3102 1004 comparantur,
3119 921 3232 1003 qui
3251 922 3581 1004 poenitent,
3610 901 3705 943 ‘m

2035 1033 2294 1110 propter
2324 1027 2486 1092 tria:
2517 1029 2670 1111 quia
2687 1027 2880 1107 olent,
2911 1029 3083 1094 unde
3109 1029 3233 1094 hoc
3250 1031 3317 1093 ¹:
3358 1052 3389 1089 α
3408 1029 3585 1094 Com·

2034 1140 2430 1220 putruerunt
2440 1140 2735 1221 ,iumenta
2752 1137 2821 1200 in
2840 1145 3113 1202 stercore
3129 1155 3273 1202 suc.
3285 1159 3316 1197 ι)
3333 1137 3414 1203 Et
3433 1141 3587 1221 quia

2034 1248 2381 1327 pascuntur
2406 1245 2642 1310 amaris
2666 1245 2734 1308 in
2761 1245 3156 1328 poenitentia,
3179 1250 3252 1310 ut
3276 1245 3468 1325 birci,
3491 1245 3586 1310 sic

2033 1352 2433 1433 poenitentes,
2467 1353 2639 1418 unde
2665 1354 2866 1418 hoc⁸z
2897 1375 2929 1415 <a
2956 1353 3245 1418 cinerem
3275 1359 3581 1436 tanquam

2033 1476 2266 1540 panem
2294 1461 2782 1525 manducabam.
2818 1483 2850 1521 n
2880 1459 2959 1525 Et
2997 1460 3149 1542 quia
3187 1461 3266 1526 de
3303 1461 3449 1543 pilis
3475 1480 3579 1525 ca-

2033 1582 2300 1648 prarum
2325 1565 2492 1630 fiunt
2535 1566 2766 1646 cilicia,
2811 1565 2982 1631 unde
3030 1567 3148 1631 hoc
3179 1585 3198 1631 ι
3232 1589 3263 1627 α
3302 1567 3476 1632 Ciuis
3518 1575 3582 1632 et

2033 1671 2313 1736 cilicium
2338 1677 2493 1737 suut
2517 1692 2701 1739 arma
2727 1674 3176 1757 poenitentium
3196 1696 3213 1752 ;
3235 1695 3267 1735 ι
3286 1678 3353 1740 et
3376 1673 3499 1739 hoc
3514 1675 3576 1739 ἰ

2043 1802 2076 1840 α
2107 1779 2423 1846 Induebar
2448 1781 2674 1848 cilicio.
2704 1805 2735 1843 n

2118 1893 2216 1953 17.
2239 1889 2386 1956 Ad
2357 1905 2572 1972 apsum
2592 1907 2694 1959 ore
2704 1908 2840 1958 meo
2860 1892 3140 1960 clamavi
3153 1892 3254 1976 (b).
3264 1892 3360 1958 Ad
3381 1892 3581 1958 Deum

2033 1996 2333 2077 clamare,
2366 2003 2462 2062 est
2502 1999 2712 2063 solnm
2752 2000 2988 2065 animae
3015 2001 3288 2066 salutem
3321 2019 3577 2083 rogare.

2034 2103 2169 2169 Sub
2194 2103 2424 2188 lingua
2461 2106 2762 2185 exaltare,
2795 2107 2989 2172 estin
3023 2109 3230 2173 cordis
3258 2109 3579 2174 conscien-

2033 2212 2124 2277 tia
2165 2214 2533 2296 proximum
2582 2230 2714 2278 non
2759 2215 3474 2299 habere.1niquitatem
3511 2217 3584 2282 in

2034 2318 2225 2385 corde
2250 2338 2381 2385 non
2406 2320 2708 2404 aspicere,
2730 2326 2825 2387 est
2851 2323 3097 2388 malum
3122 2340 3256 2388 non
3279 2323 3574 2406 diligere.

2310 2560 2713 2634 PSALMUS
2759 2564 3027 2636 DAVlD
3073 2566 3310 2638 LXVI.

2116 2755 2177 2814 2.
2209 2750 2384 2817 Deus
2417 2753 2797 2820 misereatur
2819 2756 3063 2832 nostri,
3099 2759 3218 2820 etc.
3249 2755 3410 2822 Nota
3437 2758 3579 2822 ani-

2036 2875 2163 2922 mae
2191 2858 2578 2940 profectum:
2611 2861 2778 2927 Deus
2800 2862 3181 2930 misereatur
3206 2866 3438 2942 nostri,
3465 2884 3583 2947 per

2035 2965 2271 3048 peccati
2310 2966 2779 3045 remissionem3
2823 2970 3170 3036 Benedicat
3208 2970 3423 3048 nobis,
3468 2991 3584 3054 per

2038 3073 2266 3155 gratiae
2308 3074 2724 3156 infusionem3
2755 3076 3081 3145 Illuminet
3120 3078 3365 3145 vultum
3390 3095 3583 3145 suum

2033 3197 2229 3263 super
2253 3198 2392 3262 nos,
2422 3202 2538 3266 per
2566 3184 2870 3250 virtutem
2897 3187 2969 3267 (c)
3000 3186 3205 3251 dando
3230 3187 3333 3251 sui
3362 3188 3584 3269 cogni·

2033 3288 2296 3352 tionem.
2315 3289 2577 3370 Iterum,
2592 3291 2970 3359 Miseremur
2994 3295 3226 3372 nostri,
3246 3312 3360 3375 per
3384 3294 3575 3359 colla-

2034 3393 2274 3460 tionem
2344 3396 2830 3478 glorificationis
2850 3449 2871 3477 ,
2938 3401 3318 3466 conferendo
3379 3401 3580 3468 vitam

2034 3506 2365 3583 aeternam,
2398 3505 2571 3570 unde
2595 3506 2880 3572 subdidit
2907 3507 2991 3590 (ν.
3012 3509 3070 3592 3)
3098 3530 3114 3573 :
3155 3508 3229 3575 Ut
3248 3525 3580 3593 coquo-sca-

2033 3628 2178 3679 mus
2195 3615 2271 3679 in
2294 3619 2469 3680 terra
2489 3617 2667 3682 viam
2688 3631 2874 3684 suam
2889 3636 2912 3681 .·
2937 3622 3093 3682 tunc
3110 3619 3284 3684 enim
3304 3620 3575 3703 perfecte

2033 3738 2523 3803 cognoscemus.

2114 3830 2200 3896 Et
2227 3828 2553 3899 benedicat
2578 3831 2762 3899 nobis
2783 3832 2894 3915 (d).
2915 3831 3246 3898 Benedixit
3266 3833 3574 3900 Dominus

2032 3937 2257 4002 domui
2284 3939 2632 4018 Abrabam,
2653 3940 2846 4020 Isaac,
2872 3940 3161 4022 ethech,
3193 3947 3255 4006 et
3277 3940 3451 4006 Esau
3478 3949 3525 3985 ¹⁰
3557 3967 3571 4008 :

2041 4068 2072 4105 ιι
2085 4045 2162 4110 In
2177 4046 2567 4129 pinguedine
2582 4050 2773 4113 terrae
2786 4048 2905 4112 erit
2918 4048 3268 4114 benedictio
3282 4054 3450 4115 tua.»
3468 4050 3579 4116 Est

2032 4153 2385 4220 benedictio
2408 4155 2709 4234 dexterae,
2741 4173 2888 4238 quae
2912 4156 3154 4239 duplex
3182 4163 3310 4236 est;
3342 4159 3412 4224 in
3440 4159 3575 4223 col-

2030 4262 2266 4327 latione
2292 4261 2544 4344 gratiae,
2575 4267 2640 4328 et
2663 4263 2909 4345 gloriae.
2941 4263 3029 4328 De
3058 4264 3266 4347 primo
3292 4267 3334 4302 ¹¹
3371 4287 3387 4330 ε
3417 4291 3448 4328 a
3468 4266 3579 4333 Be-

2031 4368 2264 4433 nedicti
2286 4388 2400 4436 vos
2425 4389 2468 4434 a
2488 4371 2781 4451 Domino,
2814 4372 2928 4456 qui
2943 4372 3089 4437 fecit
3112 4375 3343 4438 coelum
3362 4379 3427 4439 et
3454 4379 3577 4440 ter·

2030 4492 2169 4539 ram
2179 4496 2230 4540 m
2245 4474 2325 4540 De
2338 4478 2616 4544 secundo
2635 4479 2682 4515 ¹⁸
2703 4500 2717 4541 ε
2744 4478 3017 4559 «Venite,
3033 4479 3344 4545 benedicti
3370 4479 3577 4545 Patris

2034 4582 2182 4662 mei,
2214 4603 2246 4643 ι
2285 4586 2408 4649 etc.
2438 4583 2547 4649 Est
2585 4585 2942 4651 benedictio
2977 4586 3568 4669 praedestinationis.

2114 4696 2176 4755 7.
2212 4691 2402 4758 Terra
2423 4690 2605 4760 dedit
2630 4694 2910 4774 fructum
2932 4709 3145 4760 suum.
3171 4693 3461 4759 Christus
3486 4696 3576 4760 di-

2030 4798 2197 4862 citur
2239 4816 2529 4880 germen,
2569 4800 2743 4865 unde
2781 4801 2906 4865 boc
2926 4802 3008 4865 ¹⁸:
3056 4824 3089 4862 α
3130 4801 3269 4867 Erit
3304 4819 3574 4884 germen

2029 4904 2281 4970 Domini
2306 4905 2376 4969 in
2402 4906 2908 4987 magnificentia;
2930 4928 2961 4967 ι»
2986 4912 3052 4971 et
3075 4924 3378 4990 granum,
3406 4911 3574 4976 unde

2029 5014 2154 5079 hoc
2178 5016 2253 5077 ¹¹:
2287 5012 2459 5079 «Nisi
2489 5032 2770 5097 granum
2801 5016 3104 5081 frumenti
3131 5016 3383 5099 cadens,
3401 5025 3571 5087 nete.

2031 5120 2259 5201 Radia,
2287 5125 2364 5186 ut
2391 5122 2433 5158 ¹⁵
2467 5144 2483 5187 ε
2524 5145 2557 5185 ι
2579 5121 2781 5188 Radix
2808 5122 2983 5188 ‚lesse
3010 5144 3042 5185 n
3091 5122 3371 5207 lignum,
3402 5128 3576 5196 unde

2037 5251 2081 5287 ¹⁸
2102 5248 2269 5315 Joan„
2298 5261 2394 5314 ιιι,
2421 5253 2502 5303 24.
2521 5276 2586 5289 —
2603 5254 2641 5284 ¹⁸
2664 5253 2783 5317 lm„
2800 5265 2878 5316 xx,
2896 5256 2974 5306 10.
2992 5279 3055 5292 -
3077 5254 3149 5319 (α)
3169 5255 3286 5319 Leq.
3310 5256 3575 5309 holocaust

2030 5326 2302 5374 torum.-
2325 5322 2389 5386 (ὁ)
2414 5324 2540 5375 caet.
2571 5324 2691 5375 edit.
2726 5325 2866 5376 hunc
2890 5325 3073 5379 versic.
3116 5341 3236 5377 cum
3268 5327 3379 5393 ejus
3405 5329 3575 5393 glossa

2031 5397 2234 5458 ponunt
2257 5399 2376 5445 ante
2405 5394 2628 5459 offeram
2658 5396 2755 5447 tibi
2787 5395 2929 5447 boves
2952 5412 3066 5447 cum
3090 5397 3268 5449 hirtis.
3292 5399 3428 5462 -(c)
3459 5401 3573 5463 [ις.

3651 1918 3824 1961 ctam·-

3638 2044 3705 2085 υ.
3644 1980 3800 2084 Ἥ.

3639 2106 3705 2146 Ex
3711 2104 3822 2147 alta-

3635 2167 3697 2209 tio
3715 2166 3799 2210 nub

3637 2229 3698 2272 lin
3671 2241 3807 2284 ιιςιιι.

2031 5466 2378 5522 venantem-
2402 5466 2477 5534 (d)
2492 5469 2621 5520 εει.
2643 5468 2766 5523 edit·
2789 5469 3113 5525 noandum.
3126 5470 3396 5526 Benedicat
3410 5470 3573 5524 nobis.
3674 5495 3680 5501 -
