4196 6294
479 4390 606 4431 natio

456 4451 630 4507 duplex.

655 473 787 534 278

666 600 1068 666 illuminante
1108 601 1444 685 sapientia,
1472 605 1538 668 et
1571 601 2008 669 inflammante
2047 604 2202 669 cha-

666 709 882 788 ritate,
913 710 1364 774 corroborante
1390 709 1629 775 virtute
1652 758 1671 789 ‚
1715 714 1967 775 creatur
1994 711 2062 775 in
2089 729 2209 775 no-

667 815 768 880 bis
815 816 1121 896 essentia,
1155 820 1228 880 ut
1265 817 1499 895 simus;
1531 816 1842 899 sapientia
1867 867 1886 898 ‚
1920 823 1995 883 ut
2040 819 2208 883 scia-

668 941 854 1003 mus3
885 924 1193 1004 charitas,
1225 929 1299 989 ut
1333 924 1640 1003 velimus3
1688 925 1926 1006 virtus,
1958 931 2033 991 ut
2059 944 2207 1009 pos-

666 1032 892 1095 simus,
931 1030 1129 1111 Deus,
1159 1031 1271 1114 qui
1314 1030 1546 1095 talibus
1584 1032 1955 1098 nominibus
1999 1034 2211 1116 appel·

666 1140 858 1219 latur,
888 1140 1038 1203 talia
1063 1145 1231 1204 creat
1253 1139 1324 1204 in
1347 1141 1553 1205 nobis.

747 1251 847 1312 26.
893 1249 1097 1315 Initio
1120 1256 1194 1316 tu
1222 1298 1240 1329 ,
1271 1249 1565 1323 Domine.
1608 1255 1842 1318 tenum
1881 1250 2203 1331 fundasti.

666 1354 937 1420 Nomine
962 1360 1149 1420 terrae
1182 1360 1458 1440 quatuor
1484 1356 1797 1423 elementa
1822 1358 2207 1440 intelligun-

666 1468 796 1544 tur,
834 1463 998 1527 sicut
1025 1464 1287 1528 nomine
1312 1482 1497 1546 aquae
1513 1486 1531 1543 ;
1561 1464 1731 1529 unde
1753 1465 1876 1530 hoc
1894 1472 1911 1507 ¹
1941 1487 1956 1530 ε
1998 1488 2029 1525 (ι
2059 1465 2204 1548 Spi-

665 1571 827 1635 ritus
862 1570 1115 1635 Domini
1158 1570 1480 1635 t'erebatur
1524 1590 1715 1654 super
1759 1592 1963 1655 aquas
1983 1623 2004 1652 ,
2057 1595 2088 1632 n
2138 1573 2204 1638 id

663 1681 792 1756 est,
811 1696 1003 1762 super
1030 1678 1364 1743 materiam
1406 1681 1680 1761 quatuor
1714 1680 2202 1745 elementorum.

665 1786 1033 1852 Differentia
1095 1786 1255 1851 solet
1307 1785 1597 1850 annotari
1668 1786 1834 1850 inter
1900 1785 2158 1849 initium
2187 1837 2204 1864 ‚

663 1895 1051 1979 principium
1064 1943 1081 1974 ,
1130 1897 1195 1958 et
1237 1892 1574 1959 exordium
1603 1913 1619 1956 ε
1666 1892 1837 1975 quod
1873 1891 1944 1955 in
1982 1891 2210 1955 arbore

665 2006 874 2087 potest
911 2002 1218 2085 perpendi
1273 2024 1289 2067 :
1334 2017 1488 2064 nam
1531 2000 1746 2065 sulcus
1810 2000 2042 2065 dicitur
2088 1999 2208 2062 ini-

663 2110 829 2175 tium
860 2158 880 2190 ,
937 2108 1222 2192 quandiu
1273 2106 1424 2173 latet
1484 2109 1605 2172 sub
1676 2107 1905 2172 cortice
1932 2155 1951 2186 ‚
2025 2107 2208 2190 quasi

664 2221 838 2285 intus
883 2221 1161 2302 jactum3
1230 2219 1614 2303 principium
1642 2267 1663 2297 ,
1723 2217 1976 2301 quando
2028 2221 2212 2282 extra

664 2329 897 2414 prodiit
947 2329 1017 2392 in
1080 2328 1330 2407 lucem;
1387 2329 1758 2408 exordium,
1817 2329 2072 2409 quando
2137 2330 2208 2393 in

663 2456 877 2502 ramos
930 2437 1315 2502 extenditur.
1361 2436 1465 2500 Sic
1504 2436 1583 2500 de
1625 2435 1955 2501 elementis
1996 2459 2010 2500 ε
2052 2455 2206 2500 nam

661 2543 976 2610 elementa
1000 2544 1184 2609 initio
1218 2545 1477 2609 fuerunt
1515 2542 1586 2607 in
1609 2548 1824 2609 mente
1851 2544 2065 2611 divina
2091 2562 2206 2626 per

662 2652 1162 2735 providentiam,
1192 2651 1374 2734 quasi
1401 2652 1575 2716 intus
1600 2650 1858 2716 latentia
1879 2674 1896 2730 3
1922 2653 2033 2717 sed
2051 2652 2207 2736 quia

662 2758 774 2824 illa
817 2759 1116 2825 machina
1168 2760 1459 2825 informis
1507 2765 1570 2825 et
1613 2760 1813 2825 fluida
1856 2760 2019 2825 facta
2062 2766 2199 2840 est,

663 2871 817 2934 tunc
852 2867 1165 2933 elementa
1200 2868 1460 2932 fuerunt
1506 2867 1693 2950 quasi
1736 2868 1806 2930 in
1845 2868 2162 2951 principio
2185 2917 2202 2946 ,

664 2975 848 3058 quasi
874 2975 1152 3058 quodam
1181 2974 1369 3039 modo
1404 2977 1586 3039 extra
1629 2975 1998 3058 apparentia
2027 2997 2043 3053 ;
2093 2976 2204 3041 sed

663 3082 920 3171 quando
959 3081 1251 3147 distincta
1289 3086 1444 3147 sunt
1477 3082 1826 3161 elementa,
1859 3086 1922 3147 et
1947 3101 2062 3166 per
2087 3102 2206 3149 na-

664 3196 877 3256 turam
922 3190 1157 3254 similia
1191 3209 1232 3255 a
1273 3188 1589 3254 similibus
1631 3195 1783 3256 sunt
1832 3193 2158 3273 procreata
2178 3240 2200 3270 ,

663 3302 819 3363 tunc
842 3299 1104 3363 fuerunt
1133 3299 1446 3362 elementa
1476 3298 1660 3381 quasi
1690 3298 1756 3360 in
1787 3297 2069 3363 exordio.

741 3411 844 3472 28.
883 3408 975 3472 Tu
1005 3412 1212 3474 autem
1250 3406 1420 3473 idem
1451 3408 1586 3489 ipse
1612 3422 1699 3472 es.
1729 3405 1846 3470 Hic
1867 3408 2203 3472 'commen-

663 3515 772 3580 dat
799 3514 1001 3580 Deum
1031 3534 1071 3577 a
1095 3515 1301 3580 tribus
1331 3532 1350 3578 ε
1379 3516 1460 3579 ab
1488 3514 1879 3594 excellentia,
1905 3516 2077 3580 unde
2103 3516 2201 3581 di-

664 3622 866 3687 citur:
897 3621 990 3688 Tu
1018 3628 1230 3689 autem
1246 3622 1372 3704 ‚·ab
1398 3622 1935 3703 immutabilitate,
1980 3624 2149 3688 unde
2184 3648 2199 3689 :

667 3729 845 3796 Idem
857 3731 997 3813 ipse
1014 3746 1123 3812 es;
1150 3731 1230 3795 ab
1258 3729 1633 3808 aeternitaoe,
1658 3730 1827 3795 unde
1860 3732 2075 3797 :Anni
2096 3734 2203 3799 tui

667 3854 797 3905 non
822 3836 1145 3918 deficient.

989 4084 1387 4156 PSALMUS
1433 4083 1703 4153 DAVID
1749 4083 1882 4153 CII.

752 4278 1028 4345 Benedic
1064 4327 1083 4358 ‚
1154 4280 1379 4345 anima
1436 4292 1578 4344 mea
1606 4324 1626 4356 ‚
1693 4278 1961 4343 Domino
1990 4326 2008 4356 ,
2088 4282 2204 4341 etc.

676 4386 853 4451 Ratio
897 4387 1059 4451 duas
1086 4389 1295 4469 partes
1325 4385 1554 4449 habet:
1590 4384 1982 4467 superiorem
2018 4434 2036 4463 ‚
2080 4404 2210 4467 qua

671 4494 876 4561 Deum
925 4493 1464 4576 contemplamur,
1515 4510 1663 4574 quae
1689 4495 1894 4573 potest
1930 4492 2053 4556 dici
2109 4513 2212 4557 sa-

674 4601 947 4685 pientia;
986 4600 1351 4665 interiorem
1371 4647 1394 4679 ,
1447 4616 1577 4681 qua
1623 4600 1776 4662 recti
1824 4616 2211 4666 conversan-

672 4715 782 4776 tur
831 4711 901 4775 in
955 4708 1164 4775 medio
1188 4708 1386 4789 hujus
1429 4705 1704 4769 nationis
1752 4725 1999 4789 pravae,
2060 4724 2211 4790 quae

673 4821 878 4902 potest
920 4817 1044 4883 dici
1103 4806 1386 4879 scientia.
1448 4811 1754 4896 Superior
1833 4832 1994 4896 ergo
2063 4832 2216 4896 pars

676 4926 941 4992 rationis
994 4924 1225 4989 invitat
1274 4921 1637 5005 interiorem
1689 4922 1770 4986 ad
1820 4921 2211 4986 laudandum

676 5034 879 5100 Deum
899 5083 919 5115 ,
961 5033 1220 5098 dicens:
1253 5030 1562 5110 Benedic,
1610 5031 1835 5097 anima
1870 5045 2042 5108 mea,
2095 5032 2218 5095 Do-

677 5144 852 5210 mino
879 5161 902 5203 .·
928 5158 1064 5205 non
1089 5140 1259 5204 enim
1290 5140 1370 5203 ad
1395 5139 1649 5205 laudem
1676 5142 1921 5221 partem
1941 5138 2175 5202 animae
2193 5187 2210 5216 ‚

740 5269 759 5305 ¹
788 5268 930 5330 Gen„
958 5279 997 5329 1,
1023 5270 1073 5317 2.
1108 5292 1172 5304 -
1206 5269 1225 5298 ²
1254 5266 1460 5330 naeth„
1496 5277 1616 5325 xm.
1644 5267 1724 5316 33.
1747 5293 1811 5304 -
1843 5264 1867 5299 ⁸
1894 5265 2062 5317 Prw..
2088 5275 2214 5329 xxv,

680 5344 758 5391 2¹.
788 5366 849 5378 —
875 5365 938 5377 —
966 5343 989 5374 δ
1016 5340 1193 5399 Ereti„
1223 5352 1349 5402 xxx,
1377 5342 1455 5390 24.
1486 5365 1547 5376 —
1576 5340 1594 5369 ⁶
1624 5337 1833 5395 Manli„
1863 5348 2008 5398 xxm,
2042 5339 2122 5386 39.
2153 5363 2214 5373 -

681 5412 855 5463 Ῥεαῐ.
886 5423 1033 5473 cxm,
1067 5416 1142 5463 16.
1165 5438 1226 5450 -—
1249 5415 1265 5443 ⁷
1293 5410 1429 5462 Psal.
1457 5422 1611 5471 xvm,
1638 5411 1684 5459 7.
1710 5435 1771 5446 -
1801 5410 1819 5438 ⁸
1843 5409 1959 5470 Iso„
2003 5419 2135 5469 ην,
2165 5410 2215 5457 8.

685 5483 923 5537 --”Ρεαί.
950 5496 1003 5549 x,
1026 5486 1135 5534 5.-
1157 5484 1230 5551 (α)
1251 5482 1388 5536 Edit.
1421 5482 1537 5533 ναι.
1558 5480 1846 5535 interiores.
1868 5506 1928 5516 -
1949 5478 2016 5544 (b)
2038 5476 2213 5543 Suppl.

1711 465 2124 536 EXPOSITIO
2166 466 2249 534 IN
2293 465 2678 533 PSALTERI
2689 467 2820 533 ΠΜ.

2314 621 2513 685 quam
2538 603 2851 669 habemus
2876 622 3023 669 cum
3050 605 3256 670 brutis
3281 605 3665 672 animalibus
3687 624 3861 671 com·

2318 728 2616 790 munem,
2654 712 2908 778 invitat.
2947 714 3034 780 Et
3075 714 3333 793 omnia,
3376 731 3521 796 quoe
3548 716 3731 781 intra
3757 730 3861 780 me

2317 824 2469 884 sunt
2488 837 2511 881 .·
2539 823 2611 884 ut
2636 819 2828 884 etiam
2857 821 3214 886 secundum
3239 820 3568 885 inferiores
3593 823 3676 899 (α)
3706 839 3856 904 par-

2314 929 2409 990 tes
2453 926 2688 991 animae
2741 927 3037 993 laudetur
3104 928 3270 992 Deus
3303 976 3324 1007 ,
3366 931 3442 992 ut
3490 928 3556 991 in
3612 929 3859 994 ratione

2316 1029 2753 1111 possideamus
2788 1031 3191 1113 prudentiam
3209 1080 3226 1111 ‚
3256 1033 3326 1096 in
3368 1033 3468 1096 ira
3507 1031 3730 1097 odium
3754 1033 3860 1098 vi-

2316 1136 2553 1200 tiorum
2574 1186 2592 1216 ‚
2622 1137 2693 1202 in
2717 1139 3316 1221 concupiscibilitate
3342 1139 3662 1205 virtutum
3686 1140 3854 1205 desi-

2318 1242 2591 1308 derium.
2628 1244 2734 1309 Sic
2760 1245 2969 1309 tribus
2995 1246 3230 1311 animae
3271 1247 3516 1312 viribus
3560 1247 3860 1312 laudatur

2317 1348 2485 1414 Deus
2517 1398 2536 1429 ,
2586 1352 2821 1417 scilicet
2868 1353 3293 1419 rationalitate
3323 1404 3343 1433 ,
3385 1355 3810 1420 irascibilitate
3832 1404 3856 1435 ,

2318 1460 2916 1542 concupiscibilitate
2945 1485 2959 1526 ε
2994 1463 3118 1527 hoc
3155 1467 3371 1528 autem
3415 1464 3727 1547 reperitur
3775 1465 3856 1547 (b)

2318 1583 2508 1647 super
2535 1567 2910 1634 Matthoeum
2949 1571 2994 1649 ¹,
3038 1569 3149 1635 ubi
3179 1569 3467 1654 loquitur
3517 1572 3596 1636 de
3649 1572 3860 1636 tribus

2317 1673 2468 1737 satis
2509 1674 2754 1740 tarinae.
2798 1675 2958 1741 Nota
2988 1699 3004 1740 ε
3036 1677 3360 1758 Angelicae
3399 1677 3670 1742 virtutes
3723 1696 3856 1744 non

2319 1780 2528 1846 solum
2558 1787 2708 1848 sunt
2742 1785 2909 1849 circa
2942 1804 3060 1850 nos
3082 1836 3098 1865 ‚
3130 1786 3236 1851 sed
3279 1786 3669 1851 etiam-intra
3692 1805 3853 1868 nos;

2320 1889 2489 1954 unde
2506 1890 2648 1954 etin
2668 1890 2938 1957 Introitu
2951 1892 3157 1959 Missae
3171 1892 3571 1976 Angelorum
3589 1893 3696 1958 hic
3709 1912 3856 1959 can-

2319 2001 2494 2062 tatur
2518 2017 2772 2080 versus,
2800 2002 3036 2068 scilicet
3059 2025 3075 2081 ;
3101 2001 3407 2081 Βεηεάἱο,
3437 2004 3663 2069 anima
3687 2019 3852 2081 mea,

2319 2108 2609 2176 Domino.
2640 2108 2824 2175 Forte
2850 2111 3151 2175 dicuntur
3177 2127 3313 2175 esse
3338 2109 3542 2189 intus,
3566 2109 3722 2193 quia
3737 2112 3851 2193 ju-

2321 2219 2474 2279 vant
2498 2216 2567 2280 in
2593 2234 2783 2301 opere
2811 2217 3122 2284 interiori.
3680 2299 3686 2305 Δ

2399 2326 2459 2385 3.
2495 2325 2624 2402 Qui
2663 2332 2925 2394 coronat
2968 2332 3050 2393 te.
3097 2326 3384 2392 Christus
3409 2326 3639 2392 dicitur
3682 2344 3856 2393 coro-
3894 2364 4117 2408 cmm,

2318 2447 2403 2492 na
2426 2432 2491 2493 et
2515 2430 2835 2512 diadema,
2882 2434 3068 2516 quasi
3108 2435 3235 2499 duo
3272 2434 3573 2513 demens,
3621 2434 3857 2499 scilicet
3883 2427 4119 2494 ³9⁸³&-

2319 2537 2704 2621 principium
2732 2543 2795 2603 et
2838 2542 3035 2606 finem
3066 2561 3084 2606 ε
3130 2547 3400 2626 utroque
3424 2543 3602 2607 enim
3639 2546 3851 2621 caret3
3881 2487 4008 2590 5⁰2⁸:
4030 2498 4115 2593 οἳ*

2318 2653 2381 2711 et
2431 2651 2583 2731 quia
2641 2652 2840 2716 demit
2885 2657 2950 2718 et
3002 2655 3258 2736 perimit
3304 2671 3560 2737 poenam
3614 2659 3679 2718 et
3725 2653 3855 2718 cul-
3882 2608 4102 2655 mm

2317 2774 2508 2837 pam3
2567 2758 2737 2840 quod
2790 2759 2911 2824 erit
2970 2761 3039 2823 in
3068 2762 3305 2826 futuro.
3367 2763 3492 2839 Qui
3525 2763 3851 2844 propitia-

2318 2868 2425 2929 tur
2449 2865 2741 2933 omnibus
2784 2867 3245 2950 iniquitatibus
3272 2869 3426 2934 tuis.
3473 2867 3591 2932 Dat
3615 2869 3853 2933 sanita-

2317 2974 2477 3051 tem,
2524 2972 2741 3038 unde:
2779 2975 2901 3048 Qui
2939 2981 3133 3042 sanat
3175 2990 3389 3042 omnes
3440 2974 3856 3055 infirmitates

2318 3083 2487 3144 tuas.
2529 3079 2645 3142 Dat
2670 3080 2945 3162 gloriam
2974 3100 2993 3144 ι
3029 3082 3153 3157 Qui
3178 3087 3439 3151 coronat
3470 3085 3527 3149 te
3554 3083 3628 3147 in
3651 3082 3853 3149 mise-

2316 3188 2697 3255 rationibus.
2729 3190 2845 3256 Dat
2876 3191 3102 3272 gloriae
3127 3188 3598 3274 plenitudinem
3630 3191 3715 3273 (v.
3748 3191 3803 3272 5)
3831 3214 3849 3255 :

2323 3296 2445 3369 Qui
2480 3297 2674 3379 reptet
2738 3299 2809 3364 in
2855 3299 3037 3367 bonis
3076 3298 3474 3365 desiderium
3521 3304 3726 3365 tuum.
3780 3299 3855 3366 Ut

2317 3404 2555 3487 aquila.-
2569 3404 2885 3486 juventus
2913 3413 3051 3475 tua.
3084 3412 3160 3487 (c)

2402 3516 2462 3576 6.
2522 3514 2791 3581 Faciens
2840 3515 3350 3582 misericordiam
3396 3521 3455 3582 et
3495 3513 3853 3596 judicium.

2260 3682 2272 3695 ,
2320 3621 2479 3687 Nota
2516 3645 2530 3685 2
2580 3622 2811 3706 aliquis
2864 3624 3205 3689 miseretur
3255 3623 3535 3703 inimici,
3583 3623 3754 3688 unde
3786 3623 3853 3688 ⁸:

2328 3754 2359 3791 α
2401 3729 2467 3794 Si
2508 3732 2803 3796 esurierit
2832 3732 3131 3797 inimicus
3161 3736 3353 3812 tuuS,
3397 3732 3540 3796 ciba
3581 3731 3787 3795 illum.
3817 3752 3849 3790 a>

2321 3836 2440 3902 Sui
2469 3839 2551 3921 (d)
2573 3887 2592 3918 ‚
2630 3839 2801 3903 unde
2846 3847 2869 3881 ⁸
2902 3863 2915 3902 ε
2975 3864 3005 3899 «
3049 3840 3345 3905 Miserere
3397 3840 3629 3904 animae
3684 3843 3854 3918 tuat,

2320 3945 2574 4028 placens
2600 3946 2748 4012 Deo,
2780 3970 2811 4006 »
2847 3948 3088 4028 Amici,
3110 3948 3282 4013 unde
3307 3949 3430 4013 hoc
3454 3955 3476 3989 ⁸
3509 3971 3524 4013 ι
3565 3972 3596 4011 α
3622 3949 3858 4030 Diliges

2322 4054 2689 4134 proximum
2730 4057 2918 4119 tuum
2955 4055 3115 4120 sicut
3145 4056 3439 4138 teipsum.
3467 4077 3498 4117 n
3534 4055 3709 4121 Unde
3742 4056 3856 4120 tri-
3926 4086 4101 4129 Miseri·

2321 4162 2469 4244 plex
2495 4168 2589 4228 est
2620 4163 3050 4229 misericordia
3080 4183 3096 4228 :
3144 4164 3576 4245 Praeveniens,
3622 4166 3856 4231 subve-
3884 4147 4067 4261 ,ξζῖξζ

2323 4269 2539 4348 niens,
2568 4271 2918 4352 perficiens
2959 4271 3043 4335 De
3076 4271 3200 4335 hoc
3242 4271 3492 4354 plenius
3528 4290 3744 4355 supra.
3782 4273 3856 4355 (e)

2405 4379 2503 4440 11.
2524 4377 2878 4444 &cundum
2889 4377 3296 4445 altitudinem
3304 4377 3467 4457 coeli,
3481 4383 3600 4445 etc.
3617 4378 3858 4447 Coelum

2324 4485 2706 4568 quandoque
2748 4486 3068 4566 significat
3092 4482 3368 4564 Patrem,
3416 4487 3587 4551 unde
3626 4488 3748 4553 hoc
3775 4489 3798 4523 ⁶
3834 4509 3850 4549 z

2336 4615 2366 4653 α
2384 4592 2626 4658 Caelum
2654 4592 2797 4657 coeli
2820 4592 3139 4657 Domino»
3182 4593 3282 4676 (f),
3304 4598 3450 4671 etc.,
3481 4595 3860 4678 quandoque

2327 4700 2853 4781 Christum,unde
2863 4700 3027 4764 hic⁷2
3056 4704 3397 4766 «Asummo
3408 4701 3566 4766 coelo
3578 4705 3861 4784 egressio

2327 4811 2496 4892 ejus;
2518 4830 2548 4867 ι)
2575 4808 2955 4891 quandoque
2977 4814 3266 4874 sanctum
3284 4813 3675 4892 sanctorum,
3694 4812 3864 4877 unde

2327 4916 2512 4982 hoc⁸:
2540 4940 2571 4977 α
2598 4916 2848 4993 Rorate,
2879 4917 3050 4991 coeli,
3077 4917 3370 5001 desuper,
3398 4940 3430 4979 n
3458 4924 3579 4985 etc.
3603 4940 3620 5001 ;
3656 4939 3860 5005 quan·-

2328 5025 2535 5107 doque
2558 5026 2801 5106 justam
2848 5025 3161 5107 animam,
3193 5027 3365 5093 unde
3402 5027 3571 5093 Deus
3593 5029 3821 5095 dicitur
3840 5035 3861 5069 ⁹

2328 5186 2461 5249 apud
2480 5185 2865 5251 Hieronymum.
2883 5215 2944 5225 —
2971 5190 3026 5251 (c)
3055 5190 3179 5249 Quae
3203 5189 3256 5240 in
3276 5194 3390 5240 caet.
3412 5189 3537 5241 edit.
3573 5191 3862 5243 immediate

2330 5262 2628 5321 sequuntur,
2652 5258 2754 5308 vid.
2777 5259 2985 5323 infr.,in
3002 5260 3141 5312 Psal.
3163 5274 3270 5325 ew,
3296 5265 3375 5312 41.
3397 5289 3463 5301 —
3479 5262 3548 5327 (d)
3575 5263 3713 5313 Edit.
3747 5264 3861 5311 Ven.

2329 5331 2439 5381 Tui.
2462 5332 2607 5394 —-(e)
2639 5331 2777 5396 vid„
2807 5334 2948 5385 Psat.
2977 5346 3048 5399 ct,
3077 5340 3253 5386 notam
3275 5336 3341 5386 ad
3370 5351 3419 5386 v.
3460 5341 3619 5388 19.-
3642 5339 3714 5401 (f)
3739 5338 3864 5388 Cet.

2330 5401 2454 5450 edit.
2482 5402 2709 5451 referunt.
2732 5403 2796 5452 ad
2826 5407 3047 5455 Patrem.
3070 5409 3109 5456 Α
3142 5421 3331 5456 summo
3358 5407 3477 5458 coelo
3502 5410 3717 5473 cyre-uio
3734 5408 3868 5471 εἰπε,

2329 5472 2393 5521 ad
2423 5471 2677 5524 Christum
2704 5487 2828 5526 vero
2858 5476 3048 5527 Coelum
3073 5478 3187 5528 coeli
3206 5478 3432 5529 Domino.
