4196 6294
242 1685 402 1728 Pruina

191 1747 313 1802 quid.

244 2720 405 2765 Prnina

188 2785 367 2841 “ipiu-

1694 484 2056 551 PSALMns
2098 466 2357 549 cxvm.

423 628 615 680 novos
653 621 1060 697 implevimus3
1118 634 1277 680 nunc
1328 622 1488 697 rupti
1542 626 1707 691 sunt,
1764 623 1822 679 et
1865 634 1963 679 so-

424 715 562 788 luti,
591 736 623 769 n
656 718 788 788 etc„
818 715 1039 774 dictum
1067 718 1152 774 est
1179 733 1217 775 a
1243 715 1582 775 Gabaonitis
1607 731 1817 789 pacem
1852 715 1963 773 fal-

425 809 617 867 lacem
648 808 982 867 ineuntibus
1009 824 1146 867 cum
1188 809 1457 868 Israelitis
1472 831 1491 883 ς
1523 826 1656 867 ecce
1683 811 1814 867 uter
1840 808 1963 867 vini

426 902 489 960 in
533 917 822 961 consensu
875 902 1214 976 improvido
1268 902 1516 963 Israelis,
1563 906 1642 961 De
1691 904 1860 961 tertio
1900 906 1961 961 ¹.:

432 1016 459 1048 ι
488 996 651 1054 sabel
684 995 757 1071 (α)
785 996 1015 1070 aperuit
1053 1001 1245 1055 utrem
1271 997 1471 1069 lactis,
1501 1001 1557 1055 et
1584 996 1748 1056 dedit
1782 993 1835 1053 ei
1875 994 1965 1053 bi-

427 1090 587 1162 bere,
598 1109 627 1145 »
648 1090 868 1148 scilicet
884 1090 1087 1149 Sisaree
1108 1110 1125 1149 :
1142 1107 1277 1149 ecce
1292 1095 1420 1149 uter
1433 1090 1598 1150 lactis
1611 1091 1674 1149 in
1690 1089 1964 1149 occubitu

428 1183 651 1256 Sisarae,
678 1183 960 1260 principis
985 1184 1260 1243 infidelis.

938 1344 1208 1401 Articuli&
1243 1346 1457 1401 tertius.

497 1473 793 1541 Quantum
809 1470 889 1528 ad
907 1469 1160 1541 tertium,
1181 1469 1450 1529 additur:
1481 1473 1547 1528 In
1571 1473 1794 1544 pruina.
1811 1470 1967 1540 Quid

428 1564 542 1622 sibi
576 1564 705 1626 vult
731 1563 855 1621 haec
889 1564 1146 1639 pruina?
1185 1566 1313 1622 Haec
1359 1564 1666 1638 impressio
1702 1565 1757 1621 et
1798 1580 1968 1622 com-

429 1657 650 1732 pressio
684 1658 989 1717 matutina.
1021 1661 1302 1717 caeterum
1338 1657 1486 1715 nulli
1520 1657 1791 1728 dubium,
1822 1658 1969 1731 quin

426 1753 641 1826 pruina
657 1751 730 1811 sit
750 1752 963 1826 prioris
981 1752 1298 1827 qualitati8‚
1323 1756 1378 1810 et
1402 1751 1742 1826 quantitatis
1762 1752 1964 1809 ruina:

429 1861 569 1902 nam
595 1845 856 1920 priorem
883 1845 1241 1905 caliditatem
1268 1845 1557 1911 eliminat,
1587 1848 1644 1902 et
1670 1845 1965 1920 quantita-

429 1945 549 1999 tem
576 1940 966 2015 conglutinat:
997 1940 1146 1998 sieut
1179 1940 1242 1998 in
1266 1943 1395 1998 utre
1423 1939 1695 1998 videmus
1721 1939 1967 1998 sensibiss

429 2035 579 2106 liter,
627 2037 683 2093 et
724 2034 787 2092 in
827 2035 1036 2092 mentis
1082 2034 1295 2093 affectu
1329 2033 1792 2106 intelligibiliter,
1832 2050 1968 2091 cum

429 2128 708 2202 praecedit
744 2129 952 2186 vitiosa
990 2126 1297 2200 cogitati0‚
1341 2132 1394 2184 et
1426 2127 1758 2199 delectatiO,
1791 2132 1847 2185 et
1872 2143 1968 2185 ac-

432 2220 587 2280 cedit
613 2221 899 2296 pruinosa
927 2223 984 2281 et
1024 2222 1267 2278 ruinosa
1295 2220 1623 2293 consensio,
1651 2237 1759 2295 per
1787 2237 1969 2296 quam

431 2315 507 2373 ab
545 2314 676 2390 ipso
722 2314 1059 2372 eliminatur
1084 2331 1252 2375 amor
1278 2314 1377 2371 Dei
1389 2357 1411 2386 ‚
1441 2320 1498 2372 et
1522 2315 1647 2387 ipse
1682 2313 1795 2372 sibi
1825 2330 1968 2372 con-

430 2407 752 2481 glutinatur
778 2424 886 2482 per
912 2409 1165 2466 nimium
1194 2423 1461 2466 amorem
1484 2408 1592 2466 sui.
1616 2408 1768 2478 Quid
1794 2407 1971 2481 igitur

430 2506 555 2560 uter
583 2502 644 2559 in
682 2501 927 2577 pruina,
964 2501 1077 2559 nisi
1123 2516 1290 2558 mens
1326 2501 1590 2559 humana
1618 2500 1969 2559 delectando

430 2595 763 2670 inquinata,
805 2598 863 2652 et
907 2593 1324 2653 consentiendo
1370 2594 1483 2652 sibi
1530 2593 1972 2667 conglutinata?

431 2689 545 2747 Sed
571 2694 735 2759 nota,
763 2688 930 2765 quod
949 2693 1034 2747 est
1051 2688 1265 2763 triplex
1283 2689 1518 2762 pruina,
1540 2692 1739 2763 utpote
1757 2688 1973 2762 pruina

433 2782 641 2857 culpae,
670 2782 1041 2859 poenitentiae,
1067 2782 1404 2857 sapientiae:
1436 2782 1631 2855 prima
1656 2787 1857 2854 necat3
1890 2798 1973 2840 se-

434 2875 631 2934 cunda
656 2872 865 2949 sanat:
908 2876 1075 2934 tertia
1117 2875 1387 2934 delectat.
1422 2878 1499 2932 De
1536 2874 1731 2950 prima
1767 2874 1973 2933 scribi·

434 2972 529 3027 tur
551 2971 612 3026 ²:
657 2988 686 3022 α
723 2973 789 3028 Et
824 2968 1041 3027 occidit
1082 2985 1285 3027 moros
1323 2985 1532 3027 eorum
1571 2970 1634 3027 in
1673 2968 1906 3042 pruina.
1939 2990 1968 3024 n

433 3062 586 3132 Quid
627 3077 735 3136 per
771 3078 1002 3132 ωσι-οε,
1047 3062 1266 3120 scilicet
1305 3078 1557 3136 corpora
1600 3062 1860 3120 animata
1902 3064 1969 3134 (b)

432 3154 822 3226 insensibilia,
860 3156 1302 3214 convenientius
1336 3155 1742 3229 intelligimuS,
1791 3171 1976 3231 quam

431 3250 772 3309 mortalium
817 3249 1044 3307 animas
1091 3249 1463 3308 insensatas?
1506 3252 1581 3306 De
1623 3250 1885 3308 secunda
1913 3252 1970 3308 ³:

439 3363 468 3397 α
488 3343 596 3414 Qui
632 3343 838 3400 timent
875 3343 1185 3417 pruinam,
1221 3342 1401 3400 irruet
1433 3358 1610 3415 super
1642 3357 1744 3400 eos
1771 3342 1907 3416 nix3
1941 3365 1969 3397 n

433 3438 602 3511 quasi
629 3437 822 3494 dicat:
864 3436 973 3506 Qui
1009 3436 1215 3493 timent
1239 3434 1643 3510 poenitentiam
1679 3439 1975 3512 tempora·

430 3530 570 3603 lem,
594 3530 893 3589 invenient
918 3544 1159 3603 poenam
1177 3529 1532 3587 aeternalem.
1552 3531 1631 3586 De
1660 3530 1848 3601 tertia,
1868 3529 1975 3587 ubi

434 3624 647 3682 dicitur
675 3623 750 3682 de
779 3638 1028 3692 manna,
1060 3639 1192 3697 quae
1216 3622 1324 3680 fuit
1351 3639 1485 3680 esca
1512 3621 1722 3699 sapida
1742 3624 1785 3695 ὅ,
1810 3623 1976 3698 quod

439 3736 466 3770 α
495 3717 768 3791 apparuit
800 3717 863 3773 in
900 3716 1216 3774 solitudine
1249 3715 1311 3773 in
1342 3715 1786 3774 similitudinem
1813 3716 1975 3790 prui-

433 3826 556 3883 nae3
594 3831 624 3865 n
657 3809 803 3884 quid
844 3813 1042 3867 autem
1076 3809 1326 3867 similius
1369 3826 1514 3869 escae
1551 3809 1848 3884 corporali
1888 3826 1976 3869 sa-

432 3903 614 3979 pidae,
645 3919 827 3978 quam
855 3919 988 3962 esca
1014 3903 1330 3978 spiritualis
1356 3902 1695 3977 sapientise?

924 4063 1199 4118 articulus
1236 4066 1485 4133 quartus.

507 4192 800 4259 Quantum
841 4188 919 4247 ad
957 4190 1233 4263 quartum
1275 4187 1692 4261 superadditur
1722 4204 1737 4243 :
1768 4189 1977 4261 Ius-titt·

435 4287 667 4342 cationes
696 4287 818 4341 tuas
844 4297 949 4339 non
976 4299 1095 4339 sum
1115 4282 1337 4352 oblitus,
1362 4279 1634 4338 videlicet
1650 4280 1978 4338 secundum

435 4377 785 4436 exteriorem
820 4376 1156 4447 hominem,
1197 4375 1301 4447 qui
1337 4373 1402 4446 (c)
1437 4373 1699 4447 priorem
1745 4388 1979 4431 conser-

433 4477 533 4530 vat
578 4470 1099 4540 consuetudinem,
1135 4473 1420 4542 tanquam
1458 4467 1675 4526 talibus
1721 4468 1977 4539 dedituS,

434 4564 650 4624 talibus
678 4563 960 4622 eruditae.
988 4564 1056 4620 Et
1078 4566 1253 4631 nota,
1292 4561 1457 4635 quod
1498 4560 1690 4619 taliter
1725 4560 1979 4636 disposi-

434 4665 555 4734 ωε,
600 4659 719 4717 dici
756 4660 950 4732 potest
984 4655 1313 4730 specialiter
1350 4654 1559 4712 talium
1587 4671 1711 4713 non
1739 4655 1978 4728 oblitus„

433 4754 664 4813 bonum
716 4749 1054 4825 operand0,
1102 4749 1327 4808 malum
1373 4749 1722 4824 tolerando,
1769 4765 1979 4808 verum

435 4844 860 4914 asseverand0‚
898 4843 947 4899 si
986 4842 1161 4901 fuerit
1201 4843 1657 4915 magnanimiter
1693 4859 1978 4918 operam,

433 4937 840 5016 &quanimiter
877 4936 1163 5008 tolerans,
1210 4935 1466 4994 fideliter
1500 4952 1860 4994 asseverans
1901 4940 1978 4994 De

433 5034 631 5109 primo
684 5029 959 5089 scribitur
1010 5028 1255 5086 inferius
1286 5031 1346 5086 ⁸:
1402 5049 1430 5082 α
1477 5030 1683 5099 Quoere
1740 5046 1977 5089 servum

436 5131 627 5197 tuum,
656 5124 798 5199 quia
818 5121 1102 5180 mandata
1126 5124 1231 5180 tua
1250 5136 1375 5180 non
1402 5138 1536 5180 sum
1565 5122 1821 5181 oblitus:
1853 5144 1882 5179 >³
1916 5125 1979 5182 in

435 5235 562 5296 quo
585 5219 734 5278 boni
758 5216 1042 5292 operatio.
1064 5220 1144 5277 De
1162 5217 1426 5277 secundo
1444 5217 1598 5276 alius
1623 5217 1773 5277 ait⁸:
1798 5235 1829 5273 α
1844 5220 1978 5278 Haec

503 5344 524 5379 ¹
545 5342 724 5403 lude„
756 5354 827 5404 tv,
855 5344 935 5394 19.
965 5369 1028 5380 -
1056 5343 1079 5374 ²
1102 5342 1239 5394 psal.
1269 5353 1477 5406 Lxxvn,
1507 5345 1583 5396 47.
1613 5370 1676 5382 —-
1715 5343 1737 5379 ⁸
1766 5343 1876 5406 Iob,
1903 5355 1976 5410 vt,

439 5416 518 5466 16.
545 5440 604 5452 -
629 5415 653 5449 ⁴
685 5413 864 5472 Exod„
892 5424 1001 5478 xvl,
1030 5414 1105 5464 u.
1126 5439 1189 5454 ·-
1208 5415 1230 5451 ⁸
1253 5414 1393 5466 Psal.
1424 5414 1543 5479 hoc,
1571 5416 1676 5467 176.
1700 5443 1763 5454 -
1789 5417 1809 5446 ⁶
1830 5414 1970 5465 Psal.

3500 486 3618 549 425

2076 618 2278 679 omnia
2319 621 2608 679 venerunt
2652 632 2829 695 super
2871 635 3011 693 nos,
3051 632 3162 677 nec
3207 618 3376 679 obliti
3414 626 3619 678 sumus

2075 715 2171 770 te:
2215 732 2244 765 ι»
2289 712 2351 770 in
2391 729 2513 788 quo
2558 711 2703 770 mali
2744 712 3030 773 toleratio.
3061 716 3139 771 De
3178 712 3348 772 tertio
3389 712 3616 772 ibidem

2070 804 2381 880 ‘psallimus
2400 805 2477 880 (d)
2496 808 2519 843 ⁷
2543 825 2557 863 :
2578 824 2608 861 ι(
2621 806 2677 864 Si
2706 804 2875 864 obliti
2888 823 3091 864 sumus
3116 823 3336 865 nomen
3362 806 3463 866 Dei
3478 822 3616 865 nos-

2076 901 2167 972 tri,
2190 920 2218 953 »
2241 899 2409 974 quasi
2432 899 2614 958 dicat:
2644 903 2773 957 Non
2800 916 3003 958 sumus
3031 900 3229 974 obliti:
3253 902 3317 959 in
3345 916 3466 976 quo
3491 901 3616 959 veri

2078 992 2449 1052 asseveratio.

2721 1064 2982 1131 Epilogus.

2147 1184 2230 1240 Ex
2269 1183 2361 1240 his
2395 1186 2585 1257 potest
2625 1182 2941 1242 clarescere
2988 1199 3155 1243 mens
3194 1185 3493 1261 Propheta:
3532 1186 3620 1245 lo-

2077 1275 2311 1351 quentis
2328 1276 2410 1333 ‘in
2449 1293 2705 1351 persona
2730 1277 3062 1351 poenitentis
3079 1322 3096 1351 ,
3130 1278 3347 1336 amoris
3373 1279 3623 1340 inanita-

2075 1376 2195 1429 tem
2227 1366 2418 1428 talite'r
2446 1369 2776 1428 confitentis
2803 1390 2820 1427 :
2857 1374 3055 1430 Factus
3083 1388 3234 1443 sum,
3265 1372 3432 1448 quasi
3462 1375 3621 1447 cogi-

2075 1464 2300 1522 tatione
2325 1463 2665 1541 inclinatus3
2691 1465 2840 1522 Sicut
2868 1471 3009 1531 uter,
3039 1465 3212 1540 quasi
3236 1465 3622 1525 delectatione

2076 1558 2445 1634 inquinatus3
2484 1560 2551 1616 ln
2582 1564 2820 1632 pruina,
2861 1560 3031 1633 quasi
3071 1560 3456 1619 consensione
3484 1560 3623 1619 co'n·

2076 1652 2422 1725 glutinatus3
2462 1654 2883 1726 Justittcationes
2927 1659 3045 1711 tuas
3089 1670 3195 1710 non
3238 1670 3356 1711 mm
3391 1655 3620 1725 oblitus,

2076 1746 2252 1821 quasi
2279 1746 2550 1805 exteriori
2581 1761 2763 1821 opere
2792 1746 3216 1821 disciplinatus

2627 1916 2963 1962 vnuslcums
2997 1917 3077 1959 w.

2152 2050 2241 2105 84.
2291 2047 2430 2117 Quot
2466 2054 2594 2106 sunt
2627 2049 2742 2106 dies
2783 2052 2926 2107 servi
2964 2052 3080 2117 tui,
3126 2053 3234 2108 etc.
3273 2048 3399 2107 Non
3425 2050 3622 2108 solum

2078 2141 2207 2219 spei
2233 2141 2530 2215 debilitas,
2562 2141 2700 2199 fidei
2731 2143 2991 2211 exilitaS,
3021 2146 3077 2200 et
3104 2143 3323 2201 amoris
3348 2142 3619 2216 inanitas,

2078 2235 2267 2293 tribus
2294 2235 2600 2293 insinuatoe
2627 2235 2919 2306 versibus,
2949 2238 3086 2293 sunt
3111 2235 3489 2294 incitamenta
3516 2236 3622 2294 de·

2077 2328 2262 2386 fectus
2273 2349 2290 2402 3
2330 2312 2642 2387 sedetiam
2668 2328 2890 2388 laboris
2920 2328 3298 2400 diuturnitas,
3328 2347 3508 2404 quam
3534 2330 3622 2388 in-

2078 2422 2274 2480 sinuat
2298 2423 2404 2482 iste
2432 2428 2694 2497 quartus,
2725 2426 2852 2482 Haec
2881 2426 3078 2481 autem
3100 2422 3403 2483 laboriosa
3428 2423 3621 2497 longi-

2079 2516 2344 2588 turnitas»,
2374 2533 2480 2574 seu
2506 2517 2847 2590 longiturna
2872 2516 3246 2575 laboriositas
3274 2516 3534 2575 consistit
3559 2518 3621 2575 in

2079 2609 2466 2684 protelatione
2495 2609 2806 2683 servitutiS,
2826 2615 2882 2669 et
2909 2610 3192 2668 dilatione
3219 2610 3439 2669 salutis,
3462 2613 3624 2681 Qua:-

2079 2703 2181 2773 riS‚
2217 2707 2439 2778 quare?
2473 2704 2623 2774 Quia
2659 2704 2899 2762 difficile
2941 2703 3222 2776 militare,
3251 2704 3357 2762 sed
3385 2703 3620 2762 deside-

2079 2799 2270 2858 rabile
2295 2799 2692 2874 triumphare:
2726 2815 2799 2857 ex
2837 2797 3132 2873 praedictis
3160 2802 3414 2874 quatuor
3439 2815 3626 2857 mem-

2081 2893 2204 2965 bris
2231 2896 2391 2968 patet
2420 2909 2625 2951 versus
2653 2891 2817 2950 istius
2843 2892 3022 2950 sectio
3050 2890 3559 2967 quadrimembris,

2580 3033 2864 3089 Articulus
2894 3034 3130 3103 primus.

2154 3158 2461 3218 protelatio
2489 3157 2867 3233 proetendimr
2892 3156 2956 3215 in
2994 3158 3108 3215 hoc
3134 3158 3448 3216 membro:
3486 3160 3625 3228 Quot

2082 3256 2207 3309 sunt
2234 3253 2381 3309 dies!
2406 3251 2588 3310 Nimis
2626 3250 2844 3326 prolixi
2870 3250 3146 3308 videntur
3182 3249 3335 3320 dieS‚
3370 3252 3511 3326 quia
3534 3254 3625 3311 la·

2081 3345 2307 3403 boriosi
2358 3348 2416 3402 et
2457 3344 2726 3402 difficiles
2769 3347 3010 3419 propter
3059 3344 3470 3420 quotidianam
3514 3362 3625 3420 pu-

2084 3454 2264 3511 gnam
2291 3438 2442 3496 inter
2467 3437 2608 3497 vitia
2635 3442 2691 3495 et
2717 3437 2977 3496 virtutes
3017 3441 3084 3496 Et
3107 3443 3276 3507 nota,
3305 3439 3473 3515 quod
3500 3439 3627 3498 dies

2083 3532 2177 3590 isti
2202 3532 2460 3590 universi
2488 3535 2546 3589 et
2572 3532 2790 3605 singuli
2817 3535 3074 3607 'possunt
3097 3531 3217 3590 dici
3240 3531 3367 3591 dies
3405 3533 3592 3592 ruinae
3603 3577 3625 3606 ,

2083 3625 2390 3698 angustiae,
2413 3624 2710 3683 vindictae.
2729 3627 2994 3700 Namque
3025 3624 3151 3684 dies
3167 3625 3372 3699 ruinae,
3392 3631 3477 3686 est
3498 3627 3628 3686 dies

2084 3719 2302 3794 culpae,
2340 3735 2459 3795 qua
2493 3720 2737 3778 virtutes
2761 3719 3079 3777 vincuntur
3087 3738 3105 3792 3
3146 3719 3274 3777 dies
3307 3720 3624 3793 angustiae,

2084 3817 2172 3871 est
2199 3814 2325 3872 dies
2343 3813 2716 3888 poenitentias,
2737 3829 2857 3888 qua
2873 3813 3114 3871 virtutes
3139 3812 3468 3886 eriguntur23
3500 3812 3627 3873 dies

2082 3906 2386 3978 vindictoe,
2423 3911 2507 3965 est
2541 3907 2668 3965 dies
2695 3906 2959 3979 justitiae,
2983 3921 3105 3980 qua
3141 3905 3283 3964 vitia
3320 3905 3629 3965 revincun-

2083 4004 2198 4058 tur.
2237 4004 2315 4058 De
2359 3999 2555 4075 primo
2600 3999 2813 4058 dicitur
2847 4001 2906 4055 ⁸:
2942 4019 2971 4053 α
2997 3999 3113 4056 Viri
3155 3999 3473 4058 bellatores
3510 4001 3625 4074 tui,

2084 4095 2190 4168 qui
2218 4099 2385 4152 erant
2408 4094 2471 4150 in
2497 4098 2583 4165 te,
2614 4108 2751 4151 cum
2776 4092 3056 4150 universa
3093 4092 3467 4151 multitudine
3492 4097 3625 4165 tua,

2085 4203 2219 4261 quae
2245 4190 2332 4245 est
2360 4187 2424 4244 in
2461 4186 2664 4244 medio
2690 4186 2798 4256 tui,
2823 4185 3038 4244 cadent
3062 4185 3125 4243 in
3152 4185 3332 4244 corde
3359 4186 3540 4244 maris
3565 4188 3628 4244 in

2085 4280 2185 4339 die
2209 4281 2395 4338 ruinae
2420 4282 2562 4352 tuae5
2591 4301 2624 4335 ι»
2653 4279 2824 4355 quasi
2853 4279 3046 4338 dieat:
3088 4279 3332 4337 Habitus
3370 4280 3624 4353 gratuiti,

2085 4379 2144 4432 et
2180 4387 2389 4431 omnes
2432 4377 2596 4432 actus
2633 4372 2917 4431 meritorii
2947 4371 3229 4446 peribunt
3260 4373 3320 4429 in
3365 4377 3628 4446 tempore

2084 4468 2286 4540 lapsus
2311 4468 2432 4527 tui:
2459 4468 2542 4526 ita
2568 4467 2781 4525 dicitur
2798 4469 2972 4541 Tyr0‚
3000 4465 3066 4522 id
3084 4470 3191 4536 est,
3216 4465 3461 4523 cuilibet
3489 4465 3627 4523 forti

2083 4562 2242 4620 viro:
2279 4565 2451 4633 Tyrus
2476 4563 2635 4620 enim
2661 4562 3075 4635 interpretatur
3099 4558 3401 4618 fortitudo.
3433 4561 3510 4616 De
3536 4575 3628 4616 se·
3653 4585 3816 4639 Tyrus.

2086 4656 2286 4715 cundo
2316 4657 2379 4714 in
2418 4657 2594 4714 Abdia
2618 4655 2891 4713 scribitur
2912 4655 2968 4711 ⁹:
3003 4674 3032 4708 α
3059 4656 3186 4712 Non
3216 4652 3630 4726 magnificabis

2086 4766 2154 4807 os
2180 4754 2350 4807 tuum
2375 4749 2438 4807 in
2465 4748 2563 4807 die
2590 4748 2874 4822 angustiae
2888 4791 2908 4820 ,
2941 4768 2970 4803 >³
2999 4748 3063 4806 id
3090 4752 3210 4821 est,
3230 4746 3623 4822 poenitentiae:

2084 4842 2165 4899 ita
2190 4841 2407 4900 dicitur
2432 4842 2651 4914 Edem,
2680 4843 2785 4916 qui
2812 4842 3224 4916 interpretatur
3247 4839 3465 4912 fulvus,
3494 4855 3629 4897 san-
3656 4867 3810 4913 Edon.

2083 4936 2358 5007 guinem,
2384 4934 2481 4993 vel
2510 4939 2795 5006 terrenus,
2827 4939 2884 4993 et
2907 4937 3116 5009 typum
3142 4933 3291 5007 gerit
3322 4934 3630 5026 concupis-

2086 5027 2288 5122 centia:
2314 5028 2628 5103 tripartitoe.
2662 5032 2739 5087 De
2778 5029 2951 5087 tertio
2973 5027 3051 5085 ¹⁰:
3087 5047 3116 5082 α
3143 5027 3344 5099 zelus,
3368 5030 3426 5085 et
3464 5026 3630 5086 hiror

2085 5196 2250 5247 xmn,
2295 5191 2369 5239 18.
2402 5212 2463 5224 -
2497 5187 2519 5221 '¹
2556 5187 2703 5248 ibid„
2745 5189 2826 5237 2¹.
2867 5212 2920 5222 —
2967 5187 2986 5217 ⁸
3013 5185 3212 5249 Ezech„
3252 5195 3424 5248 xxvxi,
3463 5187 3541 5236 27.
3570 5211 3631 5223 —

2087 5259 2109 5289 ⁸
2130 5258 2280 5320 Aba„
2307 5271 2343 5317 1.
2379 5263 2454 5311 12.
2480 5285 2542 5298 —
2569 5260 2610 5293 ¹⁰
2633 5260 2807 5323 Pron„
2835 5269 2908 5321 vr,
2934 5259 3011 5308 34.

2150 5342 2221 5408 (a)
2249 5344 2373 5396 Coet.
2402 5342 2522 5395 edit.
2552 5342 2683 5407 hel,
2713 5343 2848 5394 etsie
2867 5341 3112 5408 deinceps.
3133 5367 3195 5381 —
3223 5342 3290 5407 (b)
3319 5341 3433 5409 Leq.
3464 5341 3633 5394 inani·

2086 5419 2240 5466 mata.
2272 5442 2331 5453 —
2359 5415 2421 5484 (c)
2449 5417 2571 5468 Item
2592 5427 2724 5481 quae.
2756 5441 2815 5453 —
2846 5413 2916 5480 (d)
2941 5415 3052 5479 Leq.
3092 5414 3334 5466 Psalmus.

3664 4087 3687 4120 Ι
