4196 6294
1774 303 2031 371 CAPUT
2072 306 2182 372 111.

2028 442 2326 524 respicit,
2372 445 2497 509 nisi
2540 443 2816 510 visibilia
2846 492 2863 521 ‚
2908 443 3051 507 ideo
3097 458 3225 505 non
3276 441 3566 523 expectat
3698 516 3701 517 ⁷

385 448 504 516 dat
549 458 805 513 sursum
823 445 859 509 P
900 441 1134 508 scilicet
1172 442 1254 507 ad
1295 441 1916 519 remunerationem;

383 574 468 621 an
490 553 790 620 deorsum
817 569 931 635 per
958 549 1427 633 corruptionem
1444 598 1466 629 ,
1511 548 1674 614 sicut
1698 566 1736 613 e
1761 565 1922 612 con-

383 668 484 730 tra
543 681 560 726 :
629 660 704 726 Si
752 659 1032 743 spiritus
1086 658 1521 740 jumentorum
1581 655 1925 724 descendat

384 772 676 839 deorsum
697 819 714 850 ‚
746 786 861 853 per
887 766 1357 851 corruptionem
1376 814 1394 845 ,
1425 769 1538 831 aut
1563 765 1756 829 etiam
1782 782 1923 828 sur·

385 896 530 943 sum
546 925 568 958 ,
599 876 762 941 sicut
791 879 852 940 et
889 874 1169 939 hominis
1196 875 1277 939 ad
1295 873 1520 957 judicii
1562 871 1923 936 retributio-

384 1003 533 1051 nem
552 1005 568 1048 ε
589 982 777 1067 pauci
793 984 915 1049 hoc
935 987 1253 1047 noverunt
1274 1003 1291 1045 :
1316 981 1504 1045 multi
1520 982 1917 1058 erraverunt,

383 1098 446 1159 et
468 1097 822 1176 posuerunt
851 1090 1024 1174 quod
1048 1091 1398 1155 uniformes
1421 1088 1683 1172 spiritus
1709 1088 1918 1152 homi-

383 1200 484 1265 nis
534 1202 598 1264 et
642 1198 922 1282 jumenti
965 1220 981 1263 :
1023 1199 1145 1263 hoc
1183 1197 1402 1263 fideles
1450 1200 1799 1276 noverunt,
1849 1195 1921 1260 in

382 1326 661 1392 quorum
687 1324 958 1390 persona
981 1305 1213 1372 dicitur
1237 1301 1254 1336 ¹
1287 1327 1303 1369 ι
1364 1328 1395 1367 α
1422 1303 1662 1387 Corpus
1701 1321 1915 1369 rever-

385 1418 556 1479 tatur
581 1414 652 1479 in
684 1419 922 1479 terram
946 1432 1160 1496 suam,
1192 1412 1362 1477 unde
1390 1415 1546 1491 erat,
1571 1415 1633 1475 et
1661 1410 1921 1495 spiritus

383 1521 598 1586 redeat
623 1520 703 1586 ad
740 1520 975 1601 Deum,
1005 1522 1116 1606 qui
1144 1520 1313 1587 dedit
1337 1520 1544 1584 illum.
1578 1540 1608 1579 n
1646 1518 1769 1583 Sed
1800 1518 1922 1582 hoc

383 1628 674 1694 nesciunt
707 1628 1025 1709 carnales,
1053 1629 1122 1693 in
1150 1647 1427 1712 quorum
1469 1645 1740 1710 persona
1765 1626 1921 1690 dici-

382 1740 491 1802 tur
515 1737 540 1772 ¹
570 1757 586 1801 z
628 1760 659 1797 α
683 1735 916 1802 Mortui
940 1736 1103 1801 nibil
1130 1739 1451 1802 noverunt
1472 1734 1770 1818 amplius,
1799 1751 1917 1798 nec

385 1844 623 1909 habent
649 1845 817 1909 ultra
844 1844 1225 1909 mercedem.
1257 1866 1289 1904 n

461 1957 561 2020 22.
583 1954 669 2020 Et
687 1951 1096 2035 deprehendi,
1112 1957 1230 2018 etc.
1254 1951 1491 2030 Quarto
1510 1951 1648 2015 loco
1665 1953 1922 2033 propter

380 2062 577 2144 hujus
603 2060 1119 2126 assimilationem
1158 2059 1528 2143 subJungit,
1568 2076 1698 2141 quo
1731 2057 1920 2122 modo

379 2169 600 2235 incidit
621 2170 688 2233 in
711 2170 1054 2254 voluptatis
1072 2187 1407 2234 erroneam
1431 2159 1921 2232 commendatio-

378 2296 550 2358 nem,
607 2277 789 2361 quasi
838 2278 1001 2342 nihil
1053 2277 1163 2341 illa
1212 2277 1293 2340 sit
1346 2275 1610 2355 melius;
1664 2277 1922 2358 propter

379 2385 550 2470 quod
588 2385 739 2450 dicit
777 2409 791 2450 ε
838 2383 1231 2469 Deprehendi
1276 2384 1451 2451 nihil
1496 2399 1628 2450 esse
1665 2383 1917 2461 melius,

378 2511 571 2577 quam
610 2495 828 2563 loetari
854 2493 1173 2559 hominem
1200 2492 1277 2557 in
1303 2506 1480 2574 opere
1506 2507 1657 2570 suo,
1696 2490 1761 2554 id
1787 2496 1918 2568 est,

379 2584 856 2685 praesentialiter
901 2600 1198 2666 delectari
1216 2648 1234 2678 ‚
1283 2599 1444 2665 sicut
1496 2599 1779 2664 carnales
1831 2598 1923 2661 fa·

379 2709 590 2790 ciunt,
620 2709 697 2774 de
730 2708 966 2792 quibus
994 2707 1225 2772 dicitur
1255 2708 1320 2769 ⁸:
1364 2730 1396 2768 α
1420 2705 1666 2786 Venite,
1696 2725 1917 2772 suma-

383 2835 529 2882 mus
553 2818 812 2896 vinum,
840 2820 904 2880 et
936 2814 1320 2898 impleamur
1346 2815 1647 2879 ebrietate
1662 2837 1679 2893 ;
1711 2818 1773 2878 et
1801 2815 1924 2879 erit

380 2927 544 2993 sicut
569 2926 790 3005 hodie,
821 2925 911 2988 sic
936 2927 1000 2989 et
1026 2941 1165 2988 cras
1180 2971 1201 3002 ,
1239 2925 1303 2987 et
1332 2923 1532 2988 multo
1560 2923 1858 3006 ampliuS.
1879 2945 1911 2983 »

378 3033 456 3101 Et
483 3033 601 3098 ista
640 3031 1105 3097 commendatio
1147 3034 1243 3095 est
1268 3048 1570 3108 erronea,
1600 3030 1753 3114 quia
1780 3049 1912 3096 non

377 3142 557 3228 ponit
584 3140 777 3207 aliam
804 3138 1384 3206 remunerationem
1404 3187 1426 3218 ,
1455 3157 1574 3202 nec
1596 3138 1790 3203 aliam
1814 3139 1916 3205 vi-

378 3258 552 3331 tam;
582 3251 752 3317 unde
781 3249 995 3316 subdit
1026 3267 1044 3314 ε
1085 3252 1175 3316 Et
1208 3249 1375 3314 hanc
1406 3248 1745 3315 esseillius
1767 3264 1916 3332 par-

378 3366 535 3440 tm,
578 3358 760 3443 quasi
818 3357 982 3422 nihil
1044 3356 1219 3422 aliud
1270 3360 1588 3440 expectet3
1637 3357 1806 3421 unde
1851 3357 1920 3421 in

377 3488 646 3552 persona
698 3468 927 3534 talium
982 3466 1214 3532 dicitur
1242 3466 1265 3501 ⁸
1310 3488 1326 3531 ε
1378 3488 1410 3527 α
1460 3464 1880 3531 Comedamus
1897 3514 1915 3544 ‚

379 3582 442 3642 et
485 3578 782 3642 bibamus
806 3623 828 3656 ,
872 3592 1012 3641 cras
1056 3574 1229 3640 enim
1276 3573 1628 3639 moriemur
1644 3596 1662 3653 ;
1693 3595 1725 3633 ι»
1759 3577 1824 3639 et
1846 3575 1912 3636 ⁸:

390 3708 420 3746 α
456 3683 701 3767 Ubique
745 3683 1181 3767 relinquamus
1224 3681 1413 3764 signa
1450 3681 1724 3762 laetitiae3
1755 3699 1920 3765 quo-

381 3790 556 3855 niam
582 3790 721 3855 haec
756 3794 1025 3872 estpars
1062 3793 1305 3871 nostra,
1337 3793 1403 3855 et
1430 3791 1572 3855 haec
1601 3809 1739 3856 sors
1766 3808 1915 3856 nos-

383 3901 540 3963 tra.»
582 3897 777 3962 Error
796 3897 915 3962 iste
944 3900 1160 3963 ortum
1189 3916 1385 3963 suum
1411 3898 1604 3963 habet
1627 3918 1667 3962 a
1685 3900 1912 3983 judicii

382 4004 824 4071 incertitudine
842 4026 859 4084 ;
884 4009 1140 4088 propter
1155 4007 1326 4089 quod
1343 4007 1494 4071 dicit
1526 4028 1541 4071 ι
1567 4008 1723 4084 Quis
1747 4012 1920 4077 enim

386 4130 529 4181 eum
556 4111 861 4191 adducet,
895 4117 971 4179 ut
1007 4119 1148 4194 post
1180 4130 1246 4180 se
1288 4114 1511 4194 lutura
1538 4121 1871 4197 coquoscat
1887 4117 1921 4181 P

389 4221 457 4286 Id
485 4223 608 4300 est,
646 4218 792 4303 quis
831 4218 1120 4284 ostendet
1160 4218 1290 4300 illi,
1323 4221 1494 4304 quod
1538 4222 1756 4288 futura
1792 4224 1921 4288 sint

386 4328 600 4412 aliqua
643 4328 839 4407 bona,
884 4344 1032 4411 quae
1075 4325 1297 4391 debeat
1342 4330 1708 4410 expectare?
1737 4331 1919 4414 quasi

385 4436 555 4501 dicat
585 4457 601 4499 ε
633 4434 882 4500 Nullus.
912 4434 992 4499 Et
1021 4437 1189 4498 certe
1225 4433 1443 4498 nullus
1468 4437 1917 4518 persuadebit,

385 4542 507 4608 nisi
533 4541 818 4607 elevetur
849 4542 929 4607 ad
964 4540 1315 4624 spiritualia
1347 4541 1828 4624 contemplanda
1849 4543 1871 4581 ⁸
1902 4565 1918 4609 ε

388 4675 423 4712 ι
443 4651 583 4716 Νοιι
609 4648 1182 4733 contemplantibus
1211 4649 1393 4714 nobis
1426 4667 1574 4733 quae
1602 4649 1918 4733 videntur,

387 4759 497 4824 sed
540 4775 688 4842 quae
751 4775 884 4822 non
936 4756 1239 4823 videntur
1287 4778 1303 4822 ε
1351 4756 1722 4841 temporalia
1773 4763 1925 4824 sunt

387 4884 534 4951 quae
570 4864 908 4945 videntur;
953 4882 1102 4949 quae
1144 4869 1362 4931 autem
1407 4885 1540 4933 non
1579 4865 1877 4932 videntur
1900 4917 1921 4950 ,

388 4978 646 5041 aeterna.
687 4995 720 5035 ι
775 4970 938 5052 Quia
983 4991 1140 5041 vero
1193 4975 1464 5041 carnalis
1529 4975 1725 5040 homo
1793 4994 1924 5042 non

456 5177 467 5204 ⁸
497 5175 653 5239 Infra,
683 5186 794 5241 ιιι,
835 5178 884 5227 7.
909 5203 964 5215 -
996 5176 1015 5207 ²
1040 5176 1193 5244 intra,
1225 5189 1307 5243 ix,
1336 5179 1384 5230 3.
1419 5204 1481 5215 —
1506 5179 1529 5214 ⁸
1550 5180 1670 5235 Iso..
1702 5191 1813 5242 nvi,
1844 5181 1925 5233 ¹20⁴

390 5268 450 5282 —
475 5243 499 5281 δ
518 5246 638 5310 lea„
664 5258 798 5309 1111,
825 5251 903 5300 13.
933 5274 994 5287 —
1020 5247 1044 5284 ⁸
1062 5248 1203 5313 Sap„
1234 5260 1295 5314 ιι,
1323 5252 1371 5300 9.
1402 5276 1457 5286 -
1487 5251 1509 5285 ⁸
1536 5251 1579 5301 ll
1611 5251 1747 5316 Cor„
1773 5261 1845 5314 ιν,
1873 5252 1927 5307 8.

391 5338 451 5355 —-·
476 5315 499 5355 '¹
525 5318 540 5368 Ι
572 5317 710 5381 Gor„
737 5330 799 5384 11,
824 5323 900 5373 ¹4.
927 5346 990 5359 —
1018 5322 1038 5353 ⁸
1071 5320 1213 5381 Gen..
1243 5333 1302 5384 11,
1331 5324 1412 5374 20.

3442 307 3566 369 615

2029 551 2290 613 aeterna.
2309 549 2333 585 '¹
2350 572 2382 612 a
2404 551 2713 616 Animalis
2737 550 2933 616 homo
2967 567 3098 616 non
3129 546 3395 634 percipit
3419 564 3568 629 quae

2030 654 2141 720 Dei
2169 661 2319 721 sunt
2351 680 2367 720 x
2398 679 2429 719 ι)
2465 659 2607 725 ideo
2634 659 2687 722 si
2718 658 2860 724 vult
2886 658 3105 722 futura
3128 658 3296 722 bona
3320 673 3564 737 cogno·

2029 779 2233 845 scere,
2266 783 2518 831 necesse
2546 769 2642 831 est
2672 766 3106 831 carnalitatem
3132 764 3482 847 deponere.

2113 870 2433 948 Qnaeritur
2460 873 2537 937 de
2567 872 2688 937 hoc
2705 920 2727 953 ,
2754 872 2925 956 quod
2950 872 3099 937 dicit
3128 894 3144 937 z
3176 870 3365 939 Nihil
3381 868 3565 938 habet

2031 979 2309 1060 amplius
2335 980 2618 1062 §umento
2633 1029 2651 1061 ‚
2670 985 2730 1048 et
2750 996 2933 1063 aequa
2955 987 3047 1047 est
3072 980 3406 1062 utriusque
3421 994 3565 1047 eon·

2030 1085 2225 1155 ditio.
2253 1087 2435 1165 Quod
2462 1089 2631 1153 istud
2659 1088 2743 1152 sit
2769 1087 2997 1152 falsum
3009 1135 3031 1168 ,
3058 1088 3388 1170 probatur,
3413 1105 3565 1152 nam

2029 1197 2262 1263 dicitur
2288 1204 2312 1239 ⁸
2337 1220 2352 1264 :
2379 1222 2411 1260 α
2434 1199 2590 1264 Adae
2604 1218 2736 1265 non
2751 1198 3197 1262 inveniebatur
3213 1198 3467 1281 adjutor
3484 1198 3567 1262 si-

2031 1305 2199 1368 milis
2225 1304 2285 1370 ei
2316 1327 2333 1384 3
2371 1326 2403 1365 n
2443 1323 2603 1388 ergo
2633 1307 3000 1389 ,iumentum
3036 1323 3166 1371 non
3195 1309 3290 1370 est
3318 1306 3566 1371 homini

2028 1410 2237 1476 simile
2268 1432 2284 1475 :
2315 1431 2476 1495 ergo
2503 1413 2695 1478 habet
2732 1412 2975 1496 aliquid
3000 1412 3278 1496 amplius
3302 1415 3563 1495 jumen-

2026 1521 2115 1584 to,
2144 1518 2302 1584 Item
2329 1524 2571 1586 certum
2600 1524 2716 1601 est,
2740 1514 2911 1604 qu'od
2939 1521 3133 1586 homo
3158 1520 3462 1585 deliberat
3483 1521 3563 1587 de

2026 1626 2293 1707 futuris,
2320 1631 2385 1692 et
2408 1629 2729 1711 praeterita
2760 1628 3059 1693 discernit
3073 1676 3095 1708 ,
3127 1631 3191 1692 et
3214 1628 3569 1711 conceptio-

2028 1751 2143 1797 nes
2170 1752 2318 1797 suas
2346 1736 2646 1818 exprimit
2688 1756 2705 1800 ε
2740 1736 2862 1800 hoc
2900 1739 3116 1801 autem
3145 1753 3277 1800 non
3300 1736 3562 1817 jumen-

2028 1843 2170 1905 tum
2195 1864 2211 1906 ε
2234 1861 2415 1924 ergo.
2440 1842 2756 1910 Praeterea
2779 1844 2975 1908 homo
2995 1843 3212 1908 domat
3224 1844 3521 1925 jumenta
3540 1866 3558 1922 ;

2028 1950 2140 2014 sed
2167 1950 2417 2014 nullum
2440 1953 2813 2033 jumentum
2842 1950 3171 2016 hominem
3202 1971 3217 2015 ε
3250 1968 3407 2032 ergo
3434 1951 3563 2015 ho-

2029 2074 2138 2120 mo
2165 2056 2402 2140 aliquid
2418 2059 2562 2141 plus
2579 2059 2774 2124 habet
2791 2061 3112 2141 jumento.
3137 2058 3319 2136 Quod
3346 2062 3560 2124 autem

2027 2183 2159 2230 non
2185 2165 2450 2247 habeat,
2485 2166 2773 2247 videtur,
2811 2166 2963 2249 quia
3002 2146 3322 2247 nascitur,
3355 2168 3562 2249 vivit,

2027 2276 2093 2338 et
2121 2273 2425 2354 moritur,
2456 2277 2520 2339 et
2556 2274 2627 2338 in
2658 2277 2898 2339 terram
2936 2275 3143 2354 vadit,
3186 2275 3347 2340 sicut
3372 2279 3436 2341 et
3452 2278 3568 2358 jn·-

2029 2384 2341 2446 mentum.
2375 2382 2741 2465 Respondeo
2773 2404 2789 2446 z
2822 2382 3084 2465 quidam
3111 2382 3365 2466 dicunt,
3393 2385 3566 2467 quod

2028 2488 2180 2553 dicit
2220 2488 2290 2553 in
2334 2507 2605 2572 persona
2649 2490 2953 2571 carnem,
3002 2490 3115 2574 qui
3159 2491 3323 2555 nihil
3371 2494 3568 2559 credit

2028 2596 2262 2661 habere
2288 2597 2615 2664 hominem
2657 2599 2802 2683 plus
2840 2601 3160 2682 jumento.
3203 2600 3404 2666 Aliter
3446 2603 3566 2667 dici

2027 2706 2266 2786 potest,
2298 2705 2470 2786 quod
2503 2706 2574 2769 in
2617 2706 2871 2793 propria
2910 2725 3178 2790 persona
3219 2708 3561 2791 loquatur3

2028 2814 2092 2876 et
2110 2830 2339 2877 verum
2360 2812 2510 2878 dicit
2535 2814 2888 2879 secundum
2916 2833 3111 2891 suum
3132 2816 3556 2885 intellectum:

2027 2916 2298 2983 intendit
2321 2920 2495 2984 enim
2523 2920 2657 3003 ipse
2684 2920 2978 2987 ordinare
3018 2922 3088 2988 in
3123 2923 3563 2992 certitudinem

2027 3027 2564 3092 remunerationis
2584 3028 2820 3094 animae
2841 3047 2955 3112 per
2978 3029 3456 3097 similitudinem
3484 3034 3563 3099 ad

2021 3136 2392 3218 jumentum
2425 3159 2440 3202 ε
2477 3135 2652 3202 illam
2688 3141 2903 3203 autem
2931 3137 3566 3226 similitudinem⁸po-

2028 3243 2126 3309 nit
2160 3248 2223 3310 et
2261 3244 2562 3328 intelligit
2600 3250 2918 3330 quantum
2964 3246 3045 3311 ad
3074 3248 3387 3328 visibilia,
3416 3269 3564 3333 quae

2028 3357 2296 3435 possunt
2336 3372 2527 3419 sensu
2564 3353 2839 3419 discerni
2870 3376 2887 3421 :
2920 3373 3035 3438 per
3076 3355 3199 3421 hoc
3237 3375 3392 3422 vero
3435 3376 3564 3423 non

2029 3459 2347 3525 concludit
2405 3461 2887 3526 similitudinem
2943 3463 3023 3527 de
3075 3463 3510 3547 spiritualibus
3543 3515 3561 3545 ‚

2030 3567 2141 3632 sed
2183 3568 2644 3634 dubitationem
2690 3574 2942 3651 movet3
2974 3571 3146 3637 unde
3172 3571 3325 3638 dicit
3356 3593 3371 3635 ε
3409 3574 3563 3648 Quis

2029 3677 2212 3742 novit
2231 3677 2265 3741 P
2282 3676 2628 3743 Dicendum
2647 3681 2742 3742 est
2762 3678 2996 3760 igitur,
3017 3680 3189 3763 quod
3208 3680 3561 3746 secundum

2030 3783 2365 3848 veritatem
2402 3785 2597 3850 homo
2642 3786 2834 3851 habet
2882 3786 3051 3851 ultra
3102 3787 3331 3852 bestias
3369 3790 3562 3854 ratio-

2025 3910 2212 3971 nem3
2236 3893 2664 3957 communicat
2689 3897 2907 3959 autem
2929 3895 2997 3958 in
3015 3896 3562 3978 corruptibilitate,

2028 4000 2200 4080 vita,
2232 4003 2295 4064 et
2321 4002 2732 4085 respiratione
2764 4024 2779 4066 ε
2812 4005 2875 4066 et
2921 4004 3074 4086 quia
3112 4004 3273 4069 ratio
3314 4022 3446 4070 non
3474 4010 3568 4070 est

2031 4108 2186 4193 quid
2214 4109 2540 4188 sensibile,
2570 4111 2682 4175 sed
2727 4111 3166 4194 intelligibile,
3209 4116 3274 4176 et
3311 4112 3447 4195 ipse
3486 4112 3564 4178 de

2031 4215 2429 4281 sensibilibus
2458 4217 2743 4301 loquitur
2760 4266 2782 4299 ,
2812 4219 2956 4284 ideo
2986 4218 3165 4285 nulla
3209 4222 3305 4285 est
3339 4220 3409 4285 in
3444 4220 3568 4286 hoc

2031 4323 2297 4389 omnino
2331 4324 2651 4390 instantia.

2113 4429 2450 4496 Dubitatur
2473 4432 2552 4497 de
2577 4432 2698 4498 hoc
2715 4480 2733 4511 ‚
2768 4434 2939 4518 quod
2967 4435 3116 4500 dicit
3147 4457 3164 4499 z
3208 4436 3368 4515 Quis
3398 4437 3562 4518 scit,

2034 4544 2251 4606 utrum
2274 4542 2548 4624 spiritus
2573 4543 2860 4623 filiorum
2878 4543 3088 4611 Adam
3113 4543 3405 4612 ascendit
3430 4560 3567 4610 sur-

2031 4664 2177 4714 sum
2196 4649 2230 4713 P
2256 4647 2435 4725 Quod
2461 4652 2675 4713 autem
2711 4651 2832 4731 sic,
2881 4651 3177 4716 videtur:
3209 4651 3417 4735 primo
3454 4669 3568 4734 per

2034 4755 2314 4839 corporis
2340 4756 2844 4840 dispositionem,
2875 4761 3062 4843 cujus
3100 4759 3424 4844 dispositio
3441 4807 3460 4839 ‚
3506 4763 3569 4825 et

2034 4862 2429 4944 organizatio
2453 4865 2799 4931 attenditur
2823 4866 3175 4932 secundum
3199 4884 3567 4949 congruen-

2034 4971 2192 5036 tiam
2218 4971 2299 5035 ad
2324 4988 2582 5037 sursum
2615 4989 2633 5038 ε
2661 4974 2718 5037 si
2743 4992 2903 5058 ergo

2129 5081 2198 5186 Os
2227 5131 2425 5184 bomini
2448 5132 2666 5188 sublime
2694 5135 2852 5203 dedit,
2879 5135 3167 5206 coelumque
3192 5137 3344 5205 tueri,

2037 5302 2097 5363 et
2151 5294 2400 5386 respicit
2453 5313 2711 5370 sursum
2758 5348 2780 5384 ,
2836 5318 2998 5384 ergo
3020 5353 3023 5360 .
3049 5301 3319 5388 spiritus
3368 5301 3572 5370 fertur
