4196 6294
128 2972 255 3017 Obe-

109 3035 141 3075 d
147 3033 284 3077 ientia

98 3095 290 3152 quadri-

97 3161 281 3204 formis.

1514 446 1517 449 “
1584 443 1954 511 PSALMUS
1994 442 2256 509 cxvffl.

325 581 645 639 illuminari
691 581 771 640 ad
816 582 1106 640 visionem
1154 581 1467 640 dominicae
1492 580 1755 657 speciei?
1782 583 1863 639 De

323 674 491 733 tertio
531 677 594 731 ¹:
640 695 669 730 α
718 678 861 734 Ecce
904 675 1145 734 vocabit
1184 675 1476 749 judicium
1529 675 1609 733 ad
1661 674 1864 749 ignem

324 767 607 826 Dominus
647 772 796 827 Deus
840 785 1029 827 meus.
1072 791 1101 824 »
1154 769 1362 828 Vocari
1408 769 1489 828 ad
1531 770 1733 842 ignem
1780 771 1867 827 est

322 864 525 922 vocari
585 864 665 922 ad
727 864 965 937 igneam
1021 865 1398 925 dilectionem
1452 880 1562 939 per
1622 863 1865 922 affectus

324 956 873 1018 inflammationem.

971 1112 1226 1178 Epilogus.

395 1243 514 1298 Hoc
542 1243 628 1298 est
662 1255 833 1313 ergo,
864 1242 1031 1316 quod
1066 1242 1148 1300 ait
1172 1240 1476 1302 psalmista
1501 1240 1565 1299 in
1598 1256 1867 1316 personas

323 1337 683 1396 meticulosae
708 1338 903 1410 figura
934 1356 950 1395 ι
996 1341 1067 1396 Et
1092 1355 1160 1396 ue
1185 1340 1441 1407 auferes,
1470 1336 1688 1395 scilicet
1711 1337 1868 1396 aufe-

323 1430 512 1490 rendo
545 1447 670 1490 non
699 1432 1087 1491 auferendum
1103 1473 1124 1502 ,
1151 1431 1250 1490 vel
1275 1446 1399 1489 non
1430 1431 1505 1506 (a)
1540 1430 1865 1490 auferendo

324 1524 744 1598 auferendum,
770 1529 1062 1600 quantum
1086 1525 1168 1583 ad
1194 1524 1449 1584 veritatis
1475 1524 1868 1599 impedimen-

325 1622 452 1675 tum
475 1618 771 1693 pertinens
799 1619 878 1678 ad
906 1620 1175 1694 culpam3
1206 1623 1289 1677 De
1313 1636 1403 1676 ore
1424 1636 1558 1690 meo,
1581 1623 1869 1693 quantum

325 1712 404 1769 ad
431 1713 687 1771 veritatis
733 1714 1230 1785 instrumentum3
1251 1713 1551 1789 pertinens
1586 1713 1665 1771 ad
1701 1719 1871 1773 natu-

324 1822 491 1879 ram3
550 1809 783 1865 Verbum
821 1811 1075 1866 veritatis
1122 1824 1531 1881 usquequaque,
1579 1812 1868 1883 quantum

327 1900 406 1958 ad
446 1901 705 1959 veritatis
740 1902 1267 1975 praedicamentum
1306 1901 1603 1977 pertinens
1630 1902 1710 1959 ad
1737 1916 1870 1974 gra-

327 1995 506 2068 tiam3
536 1996 682 2063 Quia
701 1999 762 2053 in
784 1996 1007 2067 iudiciis
1033 1999 1144 2053 tuis
1161 2000 1559 2069 supersperavi,
1581 1997 1872 2070 quantum

329 2089 409 2146 ad
462 2089 718 2147 veritatis
773 2088 1242 2148 emolumentum
1283 2089 1584 2163 pertinens
1621 2089 1700 2147 ad
1750 2088 1874 2160 glo-

329 2197 501 2241 riam.

844 2328 1173 2373 msicutus
1208 2330 1288 2372 111
1296 2357 1308 2370 .

404 2473 493 2529 44.
514 2472 588 2526 Et
599 2468 918 2538 οωεοᾱὶαηι,
933 2472 1041 2526 etc.
1056 2467 1286 2527 Timore
1301 2467 1588 2543 tripartito
1607 2470 1672 2526 in
1690 2469 1877 2527 tribus

331 2561 637 2622 versiculis
662 2561 1046 2636 praeambulis
1073 2555 1381 2638 expedito,
1411 2563 1678 2638 sequitur
1705 2580 1878 2639 expe—

330 2654 476 2715 ditio
528 2656 723 2731 quarti
775 2655 1002 2714 timoris
1023 2699 1043 2729 ,
1091 2673 1215 2731 quo
1270 2658 1504 2716 timetur
1558 2658 1875 2718 minoratio

328 2749 549 2809 favoris
587 2750 651 2807 in
686 2749 932 2808 articulo
977 2750 1333 2809 necessitatis
1363 2769 1378 2809 ι
1405 2751 1565 2810 hunc
1603 2752 1877 2812 timorem

330 2843 615 2902 audacius
656 2842 932 2918 deponit,
960 2844 1066 2919 qui
1094 2844 1309 2903 divina}
1337 2845 1690 2905 obedientiae
1712 2847 1880 2905 viva-

332 2941 456 2998 cius
483 2954 546 2998 se
575 2940 873 3014 supponit.
918 2944 1013 2999 Est
1040 2946 1239 2999 autem
1272 2941 1611 3000 obedientia
1637 2943 1876 3017 quadri-

332 3033 559 3104 formis,
587 3050 771 3109 quam
806 3034 999 3092 innuit
1025 3035 1201 3107 hujus
1221 3036 1491 3093 versiculi
1520 3037 1879 3097 continentia

334 3127 864 3204 quadrimembris3
927 3131 1074 3204 puta
1138 3129 1465 3204 corporalis
1486 3172 1504 3201 ‚
1571 3131 1843 3191 mentalis
1858 3177 1879 3206 ,

333 3223 705 3298 temporalis,
731 3223 1021 3282 aeternalis
1048 3241 1064 3279 ε
1104 3239 1361 3298 quarum
1399 3225 1595 3299 prima
1628 3228 1881 3303 pertinet

333 3319 414 3378 ad
451 3317 839 3376 extrinsecam
867 3317 1276 3391 operationem
1284 3336 1303 3389 3
1352 3319 1649 3392 secunda,
1681 3320 1762 3379 ad
1798 3322 1881 3379 in-

335 3415 648 3471 trinsecam
700 3411 1243 3472 considerationem
1276 3431 1295 3486 3
1347 3415 1514 3472 tertia
1532 3458 1552 3487 ,
1606 3415 1686 3473 ad
1732 3431 1881 3491 prae-

336 3512 561 3568 sentem
595 3508 1174 3582 perseverationem3
1217 3513 1456 3582 quarta,
1502 3509 1583 3568 ad
1624 3509 1882 3570 futuram

334 3604 896 3662 remunerationem.

832 3764 1118 3821 Articulus
1147 3767 1380 3837 primus.

408 3891 704 3958 Quantum
730 3889 810 3946 ad
835 3888 1092 3963 primam
1116 3887 1539 3960 obedientiam,
1565 3887 1881 3948 scribitur:

314 3987 408 4050 ‚Et
437 3983 772 4052 custodiam,
811 3982 1031 4040 scilicet
1065 3982 1268 4056 quoad
1306 3981 1656 4040 exteriorem
1694 3986 1885 4042 custo-

337 4077 502 4134 diam
521 4119 542 4146 ,
571 4093 675 4134 seu
718 4075 1088 4150 corporalem
1130 4073 1567 4148 obedientiam,
1597 4094 1731 4152 quae
1755 4094 1886 4152 per-

336 4174 480 4232 tinet
507 4173 586 4230 ad
614 4171 915 4230 exterioris
953 4170 1212 4228 hominis
1241 4170 1633 4245 disciplinam.
1672 4175 1885 4230 Notan-

338 4268 486 4325 dum
517 4267 743 4341 itaque,
773 4265 1025 4341 qualiter
1052 4282 1113 4322 se
1143 4265 1358 4324 debeat
1383 4266 1715 4338 custodire,
1755 4267 1886 4341 qui-

341 4377 597 4435 cumque
650 4360 775 4418 vult
828 4359 1020 4418 taliter
1077 4359 1370 4418 obedire:
1420 4359 1602 4417 debet
1647 4359 1885 4432 procul-

340 4454 529 4514 dubio
573 4453 866 4512 custodire
907 4469 970 4512 se
1012 4469 1050 4511 a
1079 4453 1295 4528 triplici
1339 4452 1511 4526 vitio3
1539 4453 1816 4512 videlicet
1848 4471 1886 4513 a

338 4550 484 4607 vitio
520 4548 803 4622 loquelae,
841 4562 879 4605 a
917 4547 1060 4606 vitio
1089 4547 1375 4622 sequelze,
1406 4564 1444 4606 a
1468 4548 1613 4607 vitio
1648 4564 1885 4623 corrup-

340 4645 486 4703 telas.
552 4642 745 4701 Prima
815 4642 1083 4700 custodia
1144 4643 1380 4718 respicit
1443 4644 1837 4720 maturitatem
1864 4664 1882 4717 3

339 4736 601 4796 secunda
650 4735 1022 4794 securitatem
1088 4755 1104 4793 :
1170 4737 1343 4796 tertia
1404 4738 1739 4812 puritatem.
1809 4742 1885 4797 De

340 4832 533 4907 prima
564 4829 592 4900 ,²
626 4848 641 4886 τ
689 4851 717 4884 α
751 4831 861 4900 Qui
904 4830 1155 4888 custodit
1200 4847 1269 4888 os
1292 4848 1485 4891 ‚suum
1527 4835 1583 4890 et
1620 4832 1885 4905 linguam

341 4942 510 4984 suam
523 4968 542 4997 ,
584 4924 839 4982 custodit
875 4922 954 4981 ab
1001 4924 1284 4996 angustiis
1322 4926 1585 4984 animam
1612 4943 1822 4998 suam3
1852 4946 1882 4980 ιι

343 5020 486 5094 quia
536 5034 745 5077 revera
796 5017 1049 5075 exterior
1100 5017 1368 5076 custodia
1386 5061 1407 5090 ,
1464 5024 1751 5094 quantum
1807 5020 1886 5078 ad

344 5120 581 5190 gustum
608 5117 666 5171 et
691 5112 1019 5186 loquelam,
1053 5112 1305 5170 multum
1333 5112 1490 5172 valet
1515 5114 1597 5171 ad
1621 5115 1887 5189 spiritua-

344 5210 492 5267 lium
543 5207 941 5266 offensionum
994 5205 1304 5264 cautelam.
1362 5210 1439 5265 De
1493 5209 1756 5268 secunda
1797 5213 1820 5247 ⁸
1867 5230 1882 5269 ε

408 5337 426 5371 ¹
465 5334 630 5394 Amos,
665 5345 760 5397 vn,
793 5334 842 5382 4.
871 5359 932 5371 —
958 5332 975 5362 ²
1002 5332 1166 5394 Pron„
1205 5343 1322 5394 x111,
1353 5336 1401 5385 3.
1430 5361 1490 5372 —
1518 5337 1537 5366 ³
1580 5337 1780 5397 Jerem„
1813 5348 1887 5403 tx,

346 5408 392 5457 4.
431 5431 491 5445 -
528 5406 551 5442 ὅ
588 5408 605 5456 l
648 5405 797 5467 Tim„
829 5416 883 5469 V,
915 5406 995 5455 22.
1032 5427 1095 5442 -
1121 5405 1144 5441 ⁸
1169 5405 1342 5469 Prov„
1373 5417 1444 5469 vr,
1473 5408 1552 5457 23.
1585 5434 1636 5444 --
1676 5410 1696 5440 ⁸
1727 5410 1887 5474 Rom„

3399 443 3514 505 3¹17

1979 601 2008 636 α
2027 580 2439 656 Unusquisque
2460 596 2523 637 se
2551 595 2589 638 a
2606 578 2882 653 proximo
2903 593 3011 636 suo
3040 575 3353 648 custodiat,
3380 577 3437 632 et
3454 574 3517 631 in

1975 676 2141 736 omni
2183 676 2358 735 fratre
2410 690 2520 733 suo
2570 690 2695 733 non
2746 672 2966 731 habeat
3006 671 3330 730 fiduciam:
3360 691 3390 726 2>
3420 671 3518 729 hic

1973 770 2250 846 prohibet
2301 770 2586 828 Dominus
2632 783 2739 843 per
2805 767 3160 841 prophetam
3206 765 3518 824 bominum

1973 866 2298 941 impiorum
2352 864 2681 939 sequelam.
2728 865 2806 921 De
2850 863 3020 921 tertia
3045 862 3068 896 ⁸
3110 880 3125 919 τ
3170 880 3199 916 α
3246 860 3519 936 Teipsum

1975 963 2202 1018 castum
2239 957 2471 1017 custodi
2479 974 2500 1028 3
2536 977 2565 1011 ιι
2604 957 2702 1015 hic
2730 956 3066 1031 praecipitur
3091 954 3388 1026 custodia,
3419 953 3516 1012 vel

1975 1052 2203 1112 cautela
2233 1068 2271 1111 a
2298 1050 2664 1111 continentiae
2694 1048 3051 1125 corruptela.

2449 1210 2731 1266 Articulus
2767 1209 3046 1267 secundus.

2047 1340 2344 1406 Quantum
2371 1334 2451 1394 ad
2473 1334 2799 1393 secundam
2818 1332 3245 1403 obedientiam,
3268 1330 3520 1391 conseri·
3548 1353 3554 1361 ·

1976 1435 2141 1492 bitur
2181 1454 2197 1492 ε
2239 1436 2431 1505 Leqem
2475 1439 2655 1498 tuam,
2705 1431 2876 1506 quasi
2918 1431 3117 1489 lucem
3156 1433 3322 1488 tuam
3366 1428 3522 1486 intus

1977 1528 2305 1600 lucentem,
2335 1525 2678 1585 interiorem
2711 1526 3017 1584 bominem
3053 1523 3518 1592 conducentem,

1979 1622 2124 1697 quia
2149 1622 2247 1679 lex
2275 1620 2410 1690 lux,
2421 1621 2587 1678 'sicut
2611 1622 2771 1693 patet
2798 1636 2872 1676 cx
2899 1618 3231 1678 Salomonis
3264 1617 3522 1675 testimo·

1978 1718 2081 1774 nio
2116 1717 2157 1773 ⁸.
2201 1714 2538 1773 Notandum
2578 1715 2756 1787 igitur
2796 1713 2873 1771 de
2907 1714 3020 1770 hac
3060 1713 3223 1784 lege,
3262 1709 3429 1787 quod
3464 1709 3519 1767 ei
3550 1731 3723 1784 mg,
3683 1732 3723 1771 ¹
3726 1727 3757 1771 1.

1980 1809 2270 1867 debemus
2292 1808 2639 1866 intrinsecus
2665 1807 2964 1881 tripliciter
2983 1806 3259 1878 obedire;
3286 1808 3353 1863 ut
3377 1806 3521 1879 puta
3547 1792 3756 1898 offig-

1981 1902 2486 1974 condelectando,
2533 1900 2991 1971 consentiendo,
3043 1903 3101 1958 et
3141 1897 3513 1957 serviendo:
3551 1919 3673 1962 dum

1982 2013 2244 2073 quorum
2276 1996 2538 2072 primum
2577 1998 2799 2070 spectat
2835 1993 2916 2053 ad
2954 1993 3273 2052 voluntatis
3300 1991 3526 2050 deside-

1981 2108 2141 2150 rium
2149 2110 2168 2163 3
2211 2091 2573 2161 secundum,
2619 2089 2698 2147 ad
2737 2088 2982 2147 rationis
3023 2087 3375 2158 consilium3
3413 2089 3526 2144 ter-

1984 2186 2170 2255 tium,
2219 2184 2299 2243 ad
2356 2182 2639 2242 libertatis
2690 2182 3018 2241 arbitrium.
3067 2185 3146 2239 De
3195 2181 3390 2256 primo
3438 2182 3460 2215 ⁶
3509 2198 3522 2236 ε

1989 2300 2021 2334 α
2047 2278 2432 2338 condelector
2472 2276 2590 2349 legi
2634 2276 2770 2359 Dei,
2815 2275 3146 2333 secundum
3188 2274 3526 2332 interiorem

1983 2374 2290 2433 hominem
2321 2392 2337 2432 ε
2365 2394 2394 2429 u
2427 2390 2561 2433 ecce
2581 2374 2731 2447 legis
2758 2371 3207 2442 condelectatio,
3231 2375 3522 2444 quantum

1986 2470 2065 2527 ad
2097 2469 2419 2527 voluntatis
2454 2468 2837 2528 desiderium.
2878 2470 2955 2525 De
2989 2464 3254 2525 secundo
3286 2466 3309 2501 ⁷
3349 2483 3363 2520 z
3402 2482 3430 2518 α
3466 2463 3524 2520 Si

1987 2563 2154 2636 quod
2175 2563 2340 2634 nolu,
2368 2562 2519 2622 illud
2541 2563 2717 2636 facio,
2739 2561 3043 2621 consentio
3070 2558 3213 2633 legi,
3239 2557 3525 2634 quoniam

1986 2657 2150 2715 bona
2177 2659 2264 2714 est
2291 2675 2306 2714 ε
2337 2676 2366 2712 »
2391 2658 2697 2731 eccelegis
2724 2671 3107 2727 consensum,
3130 2655 3420 2729 quantum
3446 2651 3526 2708 ad

1985 2751 2231 2810 rationis
2279 2753 2611 2812 consilium.
2669 2757 2747 2811 De
2795 2752 2963 2811 tertio
3013 2753 3035 2787 ⁸
3089 2768 3104 2807 ε
3150 2771 3181 2805 ι
3225 2753 3348 2822 Ego
3401 2748 3526 2822 ipse

1986 2848 2183 2905 mente
2223 2847 2418 2905 servio
2455 2847 2572 2920 legi
2609 2847 2748 2905 Dei:
2780 2867 2809 2901 ιι
2846 2862 2982 2904 ecce
3016 2845 3167 2919 legis
3199 2842 3523 2913 servitium,

1988 2946 2278 3015 quantum
2307 2940 2388 2998 ad
2413 2940 2697 3000 libertatis
2722 2939 3054 2999 arbitrium.

2497 3100 2775 3157 Articulus
2812 3099 3025 3157 tertius,

2061 3230 2357 3298 Quantum
2385 3226 2465 3285 ad
2488 3226 2719 3285 tertiam
2747 3223 3182 3293 obedientiam,
3209 3221 3530 3281 subscribi-

1987 3327 2084 3381 tur
2118 3341 2133 3381 :
2167 3326 2236 3380 1η
2275 3323 2559 3392 soeculum,
2596 3319 2662 3378 id
2698 3324 2784 3378 est
2817 3320 2879 3377 in
2913 3318 3214 3393 praesentis
3250 3316 3533 3391 temporis

1987 3418 2264 3494 spatium.
2294 3421 2414 3476 lloc
2440 3434 2582 3492 ergo
2611 3416 2825 3476 saeculo
2837 3459 2856 3490 ,
2886 3416 3053 3491 quod
3080 3419 3166 3472 est
3189 3412 3532 3488 temporalis

1990 3511 2248 3583 duratio,
2277 3512 2639 3584 significatur
2667 3525 2939 3587 expresse
2965 3510 3308 3585 temporalis
3330 3523 3531 3583 perse-

1989 3606 2235 3665 veratio.
2266 3607 2717 3679 mactandum,
2754 3606 2922 3683 quod
2956 3620 3211 3680 praesens
3249 3602 3529 3661 saeculum
3611 3623 3663 3662 vi
3653 3620 3709 3662 ἰι

1990 3705 2076 3759 est
2120 3700 2449 3774 specialiter
2486 3701 2834 3774 deputatum
2876 3700 2954 3758 ad
2999 3700 3144 3770 tria,
3189 3697 3408 3756 scilicet
3447 3694 3527 3753 ad
3566 3696 3612 3738 P'
3576 3694 3760 3791 ω”ιθῗ

1988 3795 2330 3866 recolenda,
2356 3795 2736 3872 postulanda,
2763 3793 3160 3870 pmtolmda
3190 3792 3396 3850 divina
3422 3791 3528 3849 be-
3555 3811 3761 3867 deputata

1989 3890 2221 3949 neficia.
2253 3890 2659 3949 Recolendum
2685 3894 2771 3948 est
2798 3894 2996 3948 autem
3022 3886 3396 3963 potissimum
3423 3887 3528 3944 be-

1989 3984 2270 4042 neficium
2307 3983 2641 4043 effectivum
2655 4004 2673 4058 3
2711 3982 3138 4057 postulandum
3173 3980 3530 4041 beneficium

1989 4079 2357 4152 refectivum3
2386 4078 2846 4153 praestolandum
2878 4075 3235 4135 beneficium
3259 4075 3530 4151 perfecti-

1991 4189 2155 4231 vum.
2184 4175 2261 4231 De
2285 4172 2479 4247 primo
2499 4174 2520 4208 ⁹
2542 4192 2559 4229 ε
2588 4192 2617 4226 α
2643 4170 2980 4230 confitebor
3005 4169 3113 4227 tibi
3139 4170 3201 4227 in
3228 4168 3529 4240 saeculum,

1993 4267 2138 4342 quia
2160 4267 2343 4325 fecisti
2373 4286 2439 4324 :n
2471 4281 2605 4324 ecce
2632 4264 2963 4323 recordatio
2988 4264 3289 4338 praesentis
3312 4263 3529 4332 saeculi‚

1992 4365 2258 4436 respectu
2301 4360 2578 4419 beneficii
2622 4357 2892 4417 effectivi.
2947 4362 3022 4416 De
3062 4358 3324 4416 secundo
3369 4356 3531 4413 idem

1990 4455 2488 4529 psalmographus
2509 4454 2588 4511 ¹⁰:
2612 4474 2642 4508 α
2667 4454 2949 4513 Dominus
2967 4452 3248 4510 retribuet
3263 4466 3373 4526 pro
3397 4465 3527 4507 me:

1993 4550 2268 4622 Domine,
2295 4549 2701 4608 misericordia
2739 4553 2840 4607 tua
2888 4548 2951 4605 in
2994 4545 3306 4617 saeculum3
3347 4559 3533 4618 opera

1993 4661 2282 4703 manuum
2308 4649 2543 4703 tuarum
2569 4659 2645 4702 ne
2673 4642 2964 4717 despicias
2996 4660 3009 4699 ε
3040 4662 3068 4697 »
3108 4656 3243 4698 ecce
3268 4638 3530 4713 postula-

1993 4739 2073 4797 tio
2101 4739 2400 4814 praesentis
2422 4738 2638 4804 mculi,
2665 4740 2929 4811 respectu
2951 4735 3227 4795 beneficii
3252 4733 3530 4791 resectivi.

1992 4837 2072 4892 De
2110 4833 2277 4891 tertio
2307 4849 2550 4907 quoque
2570 4831 2881 4908 psallimus
2910 4834 2952 4869 ¹¹
2987 4850 3000 4888 :
3040 4850 3068 4883 α
3092 4830 3175 4887 Sit
3202 4827 3394 4902 gloria
3421 4831 3533 4885 Do-

1993 4928 2140 4985 mini
2169 4927 2232 4984 in
2267 4926 2545 4984 saeculum
2560 4945 2578 4998 3
2618 4925 2908 4984 loetabitur
2937 4924 3219 4983 Dominus
3240 4922 3303 4980 in
3332 4922 3531 4994 operi-

1994 5023 2110 5080 bus
2148 5021 2269 5079 suis
2310 5040 2324 5078 ε
2364 5042 2394 5076 ι)
2430 5036 2564 5079 ecce
2601 5020 2955 5094 praestolatio
2999 5017 3301 5094 praesentis
3336 5017 3532 5076 saeculi

1991 5118 2261 5189 respectu
2288 5113 2560 5172 beneficii
2587 5112 2908 5189 perfectivi.

1995 5264 2090 5316 vn,
2117 5255 2197 5302 22.
2223 5277 2286 5290 -
2309 5252 2332 5287 ἵ
2363 5248 2512 5303 ibid..
2545 5253 2623 5301 ¹6.
2649 5275 2712 5289 —-
2738 5252 2757 5280 ⁸
2789 5249 2935 5312 thid„
2964 5252 3042 5300 25.
3067 5275 3127 5287 —
3153 5250 3175 5281 ⁰
3195 5249 3333 5301 Psal.
3359 5260 3428 5312 LV,
3456 5252 3531 5300 ¹1.

1995 5352 2050 5362 -
2084 5326 2126 5358 ¹·
2148 5323 2287 5373 Psal.
2314 5332 2547 5385 cxxxvu,
2577 5325 2624 5373 8.
2651 5348 2715 5361 -
2746 5322 2782 5357 ¹¹
2804 5320 2944 5374 Psal.
2975 5333 3082 5386 cm,
3116 5323 3196 5373 3¹.

2058 5409 2125 5474 (a)
2157 5408 2280 5460 coet.
2313 5406 2435 5459 edit.
2467 5406 2577 5458 sed.
