4196 6294
1653 449 2028 520 PSALMUS
2071 452 2309 521 van.

368 592 562 670 tatur,
619 565 971 654 cmlestium
985 633 1008 667 ‚
1054 586 1460 652 terrestrium
1478 634 1496 667 ‚
1539 587 1604 651 et
1643 586 1922 652 inferno-

369 713 542 763 rum.
571 716 603 756 »
639 695 818 761 Unde
847 697 913 761 et
938 694 1174 760 Paulus
1199 694 1444 776 legitur
1466 696 1690 776 raptus
1711 711 1920 777 usque

102 823 343 931 stiffi·
371 807 452 872 ad
496 804 762 869 tertium
794 801 1062 868 coelum:
1105 803 1196 867 sic
1241 802 1457 866 anima
1496 801 1916 884 tricamerata,

104 950 239 993 ma.

370 913 608 978 scilicet
638 912 786 991 fide,
817 928 949 994 spe,
982 912 1046 975 et
1071 910 1401 975 charitate.
1437 908 1517 973 Et
1543 908 1923 974 bibliotheca

371 1022 793 1093 tricamerata,
813 1022 1075 1102 propter
1103 1017 1418 1101 triplicem
1437 1017 1706 1082 modum
1733 1025 1948 1100 expo-'

369 1129 581 1193 nendi.
612 1126 772 1193 Nam
803 1126 1146 1210 exponitur
1171 1125 1490 1205 historice,
1541 1125 1829 1208 mystIce,
1856 1129 1922 1189 et

368 1235 716 1300 moraliter.
747 1234 912 1298 Arca
938 1232 1140 1317 Moysi
1190 1232 1518 1315 significat
1550 1231 1916 1313 Ecclesiam,

371 1362 523 1427 quae
549 1323 833 1408 continet
871 1343 1119 1408 tabulas
1149 1340 1532 1421 testamenti,
1564 1339 1800 1405 scilicet
1824 1339 1915 1405 le-

366 1469 542 1532 gem3
583 1454 648 1516 et
690 1454 996 1528 mentem,
1017 1467 1167 1532 quae
1203 1449 1420 1530 legem
1463 1448 1824 1526 meditatum
1858 1451 1923 1512 et

367 1558 859 1639 Eucharistiam,
937 1558 1172 1623 scilicet
1247 1575 1479 1641 corpus
1532 1556 1785 1635 Christi,
1807 1572 1920 1620 sex

364 1667 442 1732 de
495 1651 728 1731 causis,
762 1665 926 1731 Nam
980 1683 1129 1730 arca
1188 1664 1484 1729 transivit
1537 1663 1913 1729 Jordanem:

363 1775 451 1839 sic
524 1792 757 1858 corpus
813 1773 1043 1840 Christi
1114 1772 1443 1856 baptizatis
1493 1772 1769 1857 prodest.
1841 1771 1921 1836 Et

363 1883 515 1966 quia
567 1884 957 1966 quicumque
1003 1900 1222 1947 arcam
1269 1881 1542 1962 indigne
1591 1879 1916 1961 tractavit,

362 2008 595 2056 manus
644 1993 789 2074 ejus
839 1991 1006 2055 facta
1057 1993 1153 2054 est
1206 1989 1385 2053 arida
1408 2008 1426 2068 ;
1488 1988 1581 2053 sic
1637 1988 1752 2072 qui
1811 2007 1917 2053 ac-

363 2098 530 2162 cedit
583 2098 664 2163 ad
719 2115 952 2182 corpus
1005 2096 1257 2162 Domini
1304 2096 1602 2179 indigne,
1658 2097 1733 2161 fit
1788 2098 1916 2161 ari-

364 2206 509 2283 duS,
557 2210 622 2271 et
650 2207 922 2271 moritur
957 2207 1026 2269 in
1072 2205 1310 2271 anima.
1359 2204 1438 2270 Et
1469 2205 1626 2289 quia
1669 2205 1739 2269 in
1769 2223 1921 2271 arca

364 2316 546 2377 erant
568 2312 749 2395 ligna
767 2315 850 2395 (a)
871 2312 1314 2396 imputribilia,
1336 2312 1426 2375 sic
1443 2328 1672 2395 corpus
1691 2310 1922 2376 Christi

363 2420 776 2504 imputribile,
823 2421 996 2487 unde
1022 2421 1146 2485 hoc
1170 2422 1187 2457 ¹
1228 2444 1244 2486 t
1290 2445 1321 2482 α
1345 2418 1485 2485 Non
1530 2419 1711 2485 dabis
1736 2437 1922 2483 sanc-

363 2531 505 2592 tum
529 2533 719 2594 tuum
736 2530 954 2595 videre
975 2528 1475 2611 corruptionem.
1502 2548 1533 2587 1>
1567 2526 1646 2590 Et
1670 2527 1821 2610 quia
1848 2526 1919 2590 in

366 2655 514 2701 arca
530 2641 665 2701 erat
683 2655 851 2702 urna
867 2637 942 2719 (b)
965 2655 1158 2701 aurea
1172 2636 1362 2719 plena
1382 2653 1640 2713 manna,
1659 2651 1807 2717 quae
1828 2637 1924 2698 est

364 2744 580 2808 anima
628 2744 697 2808 in
742 2762 1004 2828 corpore
1042 2743 1297 2823 Christi,
1349 2743 1540 2826 plena
1579 2741 1914 2825 sapientia,

363 2852 535 2916 unde
557 2852 682 2916 hoc
707 2852 772 2916 ²:
812 2874 845 2912 α
875 2849 1020 2916 Non
1048 2849 1371 2933 relinques
1397 2849 1683 2913 animam
1708 2867 1920 2913 meam

365 2959 435 3023 in
461 2960 751 3038 inferno;
783 2982 813 3018 υ
849 2959 1059 3043 plena,
1091 2958 1262 3022 unde
1290 2957 1527 3022 dicitur
1553 2957 1576 2993 ⁸
1607 2974 1625 3020 ε
1660 2979 1691 3017 α
1712 2956 1791 3021 Et
1816 2975 1920 3022 re-

364 3068 645 3153 quiescet
665 3086 860 3153 super
886 3086 1036 3133 enm
1056 3066 1316 3151 spiritus
1334 3065 1686 3150 sapientiae,
1714 3087 1746 3126 ι)
1767 3065 1922 3149 quia

363 3196 497 3243 non
523 3179 831 3261 proficiet.
875 3177 949 3242 Et
988 3176 1139 3260 quia
1176 3175 1265 3240 ibi
1312 3179 1492 3240 erant
1531 3174 1797 3252 tabulae,
1831 3173 1921 3238 sic

364 3287 432 3351 in
463 3286 712 3351 Christo
748 3285 1107 3351 observatio
1149 3284 1487 3367 utriusque
1529 3283 1718 3366 legis,
1750 3282 1921 3348 unde

364 3393 488 3459 hoc
516 3394 539 3428 ⁸
569 3412 589 3457 τ
629 3417 660 3454 α
687 3392 846 3457 Data
871 3396 969 3458 est
990 3392 1154 3457 mihi
1182 3392 1392 3456 omnis
1411 3393 1706 3473 potestaS,
1728 3412 1759 3450 n
1796 3393 1916 3455 etc.

367 3499 585 3582 Surgo
617 3499 695 3564 de
721 3500 882 3579 loco;
916 3517 1239 3581 consurgo
1266 3498 1346 3563 ad
1374 3497 1717 3576 auxilium,
1743 3497 1921 3563 unde

367 3607 488 3672 hoc
501 3609 524 3645 ⁸
548 3630 562 3671 :
592 3631 624 3667 a
641 3607 993 3689 consurge,
1013 3623 1355 3687 consurge,
1376 3605 1644 3670 induere
1662 3603 1919 3669 fortitu-

370 3716 563 3782 dinen
598 3717 666 3780 in
690 3716 1011 3782 auxilinm
1041 3733 1282 3780 meum.
1299 3716 1591 3795 Assurgo
1605 3712 1685 3778 ad
1711 3713 1918 3777 hono-

368 3842 540 3890 rem:
572 3824 847 3906 insurgo
874 3823 956 3888 ad
973 3822 1343 3903 vindictam,
1371 3819 1611 3887 unde⁸:
1652 3844 1683 3881 α
1701 3820 1919 3886 Insur-

370 3936 676 3998 rexerunt
687 3934 760 3996 in
775 3950 882 3997 me
898 3934 1086 3996 testes
1099 3929 1326 4013 iniqui.
1347 3951 1377 3987 υ
1402 3928 1668 4011 Exurgo
1690 3947 1732 3992 a
1747 3946 1923 3993 son:-

370 4058 478 4119 n0‚
522 4040 694 4106 unde
743 4039 868 4104 hoc
914 4061 929 4103 :
971 4061 1001 4098 a
1030 4036 1318 4118 Exurge,
1352 4054 1552 4120 quare
1573 4035 1917 4117 obdormis,

368 4145 672 4213 Domine?
716 4169 748 4208 n
781 4145 1077 4227 Resurgo
1113 4144 1191 4209 de
1228 4146 1460 4222 morte,
1496 4141 1671 4207 unde
1710 4142 1918 4210 hoc':

380 4255 700 4321 «Christus
715 4271 1112 4337 resurgensa
1129 4252 1423 4317 mortuiS.
1444 4272 1476 4311 ι
1497 4248 1783 4315 Christus
1810 4269 1923 4316 au-

370 4368 501 4428 tem
523 4363 757 4428 dicitur
781 4378 1104 4444 exurgere
1131 4379 1170 4424 a
1196 4362 1432 4436 morte,
1463 4358 1646 4442 quasi
1670 4376 1710 4422 a
1740 4376 1921 4424 som—

371 4488 498 4535 no:
532 4487 708 4535 mors
738 4469 912 4534 enim
940 4465 1308 4533 dormitioni
1337 4467 1413 4546 (c)
1444 4469 1871 4547 comparatur.

452 4583 512 4643 5.
546 4579 681 4644 Iter
705 4578 900 4659 facite
927 4578 1011 4654 ei,
1048 4577 1163 4659 qui
1189 4572 1485 4641 ascendit
1517 4587 1708 4655 super
1734 4589 1920 4642 occa-

371 4701 514 4752 sum
537 4686 649 4769 (d).
678 4685 920 4768 Corpus
946 4681 1510 4765 hominisjacet,ita
1539 4684 1615 4748 ut
1631 4687 1822 4765 caput
1841 4684 1924 4749 sit

371 4794 451 4859 ad
464 4793 875 4872 occidentem,
898 4793 962 4855 et
978 4791 1168 4874 pedes
1182 4790 1263 4855 ad
1281 4790 1593 4855 orientem
1615 4808 1635 4854 z
1656 4808 1808 4855 nam
1832 4792 1922 4857 ita

365 4901 574 4983 ,iacuit
607 4916 837 4983 corpus
867 4897 1119 4975 Christi,
1157 4915 1233 4961 ac
1258 4896 1314 4961 si
1339 4896 1655 4962 diceretur
1671 4899 1917 4966 cadere.

373 5008 622 5075 Amodo
653 5007 950 5074 tendebat
990 5007 1072 5071 ab
1109 5005 1350 5070 oriente
1385 5004 1466 5069 ad
1506 5006 1917 5090 occidentem,

439 5173 455 5203 ⁸
480 5172 616 5223 Paul.
643 5184 732 5235 nr,
764 5172 842 5221 10.
865 5195 915 5207 -—
947 5168 972 5202 ¹
999 5165 1127 5217 ibid.
1146 5191 1210 5203 -
1235 5165 1254 5195 ⁸
1282 5166 1402 5229 Iso„
1427 5178 1506 5228 11,
1533 5168 1581 5217 2.
1600 5169 1698 5204 -⁴
1716 5168 1921 5231 Mamm,

374 5245 659 5308 xxv111,48.
678 5267 742 5278 —
761 5243 780 5273 ⁸
799 5243 917 5302 lea„
939 5251 1012 5302 ιι,
1030 5241 1078 5289 9.
1095 5262 1159 5274 -
1178 5238 1198 5268 ⁸
1214 5235 1352 5288 psal.
1379 5247 1522 5299 xxvi,
1550 5239 1627 5288 ¹2.
1650 5264 1712 5275 —
1732 5241 1748 5271 ⁷
1767 5241 1921 5304 Rom„

371 5327 445 5379 vi,
461 5319 574 5368 9.—
594 5316 613 5347 ⁸
631 5312 808 5371 mich..
831 5323 885 5374 v,
911 5313 1024 5361 2.-
1041 5310 1062 5341 ⁸
1078 5311 1201 5371 lm„
1223 5319 1296 5371 ιι,
1324 5312 1434 5358 1.-
1456 5308 1501 5345 ¹⁰
1519 5308 1651 5361 Psal.
1666 5323 1822 5377 xmn,
1845 5316 1921 5365 ιο.

371 5414 437 5427 -
460 5391 496 5425 ¹¹
525 5389 593 5439 m
619 5389 756 5451 καφ,
773 5389 1030 5448 xv11,¹.-
1047 5384 1087 5415 ¹²
1103 5383 1582 5445 Deut.‚xxx11,2.—
1607 5382 1647 5417 ¹⁸
1663 5385 1783 5447 Isa„
1800 5398 1921 5451 ην,

374 5463 422 5513 8.
440 5485 494 5499 --
526 5459 570 5496 ¹⁸
597 5459 731 5510 psal.
755 5458 1045 5521 m1,6.—
1063 5444 1329 5516 nunant,
1350 5463 1400 5517 v,
1416 5454 1496 5504 45.
1514 5454 1634 5492 —¹⁶
1647 5456 1922 5521 Amoe.,1v,

3463 469 3581 531 237

2029 589 2274 655 scilicet
2289 589 2371 654 ad
2394 604 2714 668 occasum,
2740 586 2843 654 vel
2862 587 2944 654 ad
2959 588 3239 674 lapsum3
3257 596 3489 663 amodo
3501 598 3583 665 ad

2028 697 2367 776 orientem,
2386 697 2571 782 quasi
2586 697 2668 762 ab
2687 713 2915 762 occasu
2928 697 3008 762 ad
3026 704 3579 774 resurrectionem.

2108 808 2169 870 8.
2241 806 2396 872 cum
2444 804 2829 888 eqredereris
2870 807 2945 872 in
2978 816 3313 892 conspectu
3355 812 3583 895 populi

2028 914 2132 980 tui
2136 959 2152 977 .
2166 912 2275 978 Est
2288 931 2586 995 egressus
2600 912 2827 977 Christi
2839 916 3209 982 aeternitatis
3226 918 3299 1000 (e)
3308 968 3325 999 ,
3336 921 3508 986 unde
3523 925 3576 986 ⁸:

2039 1018 2393 1101 «Egressus
2419 1022 2562 1103 ejus
2580 1039 2621 1084 a
2633 1020 2856 1086 diebus
2882 1021 3227 1105 antiquis.»
3245 1023 3356 1090 Est
3372 1044 3585 1107 egres-

2027 1145 2139 1192 sus
2166 1130 2308 1211 ejus
2335 1127 2714 1208 incarnati0,
2746 1127 2919 1193 unde
2946 1129 3133 1195 hoc⁹z
3158 1130 3585 1214 «Egredietur

2028 1234 2220 1317 virga
2256 1235 2337 1300 de
2366 1235 2577 1301 radice
2601 1234 2794 1300 Jesse.
2823 1258 2855 1297 n
2893 1235 2971 1302 Et
2997 1241 3094 1304 est
3116 1255 3419 1321 egressus
3443 1242 3584 1324 ejus

2026 1340 2098 1405 in
2124 1341 2444 1408 auxilium
2472 1343 2775 1425 hominiS‚
2806 1344 2979 1409 unde
3006 1345 3130 1410 hoc
3167 1352 3251 1412 ¹⁰:
3282 1346 3471 1414 «Non
3495 1348 3580 1430 (f)

2026 1446 2400 1527 egredieris,
2422 1446 2610 1527 Deus,
2632 1448 2703 1512 in
2729 1448 3074 1515 virtutibus
3098 1451 3351 1517 nostris».
3382 1473 3415 1511 n

2110 1558 2209 1618 10.
2229 1553 2525 1621 Pluviam
2542 1555 2977 1623 voluntariam
2992 1557 3366 1640 seqreaabis,
3388 1559 3578 1627 Deus.

2025 1657 2138 1724 Est
2162 1659 2385 1743 pluvia
2410 1666 2683 1742 naturae,
2710 1664 2883 1729 unde
2908 1664 3032 1729 hoc
3051 1668 3096 1705 ²¹
3123 1687 3139 1730 ε
3175 1687 3208 1726 α
3238 1664 3380 1731 Non
3406 1667 3584 1750 pluet

2026 1771 2488 1852 superterram
2513 1770 2725 1835 tribus
2754 1772 2962 1836 annis.
2985 1793 3017 1833 n
3042 1771 3153 1837 Est
3180 1772 3403 1856 pluvia
3433 1793 3581 1858 gra-

2024 1876 2158 1957 tiae,
2187 1877 2360 1943 unde
2387 1878 2509 1942 hoc
2539 1883 2629 1944 ¹⁸:
2671 1902 2702 1940 <t
2724 1877 3068 1945 Descendet
3111 1879 3277 1946 sicut
3322 1900 3430 1948 ros
3454 1882 3582 1948 elo-

2026 1986 2257 2069 quium
2302 2005 2556 2068 meum3
2597 2009 2630 2047 n
2685 1987 2794 2053 sed
2834 1988 2958 2053 hoc
3003 1989 3301 2070 iteratur,
3350 1990 3588 2056 scilicet

2026 2094 2345 2175 Christus,
2383 2096 2559 2160 unde
2591 2095 2714 2161 hoc
2741 2096 2788 2132 ¹⁸
2820 2117 2835 2159 ε
2872 2119 2904 2158 α
2935 2095 3150 2161 Nubes
3189 2098 3415 2181 pluant
3435 2102 3585 2182 jus-

2026 2210 2229 2285 tum,n
2264 2203 2452 2269 ethic
2483 2209 2531 2247 ¹⁸
2565 2225 2581 2269 ε
2612 2228 2644 2268 α
2664 2203 2843 2269 Sicut
2869 2204 3091 2288 pluvia
3117 2206 3189 2270 in
3213 2206 3420 2273 vellus
3446 2208 3584 2272 des-

2027 2312 2276 2377 cendet.
2292 2334 2324 2372 n
2349 2311 2461 2377 Est
2487 2295 2712 2396 pluvia
2736 2312 3037 2394 sinistrae,
3070 2314 3302 2379 scilicet
3328 2315 3590 2380 affluen-

2027 2419 2116 2483 tia
2124 2419 2599 2502 temporalium,
2614 2422 2785 2486 unde
2807 2421 2931 2485 hoc
2949 2422 2995 2463 ¹⁸
3015 2439 3033 2486 ε
3053 2445 3084 2483 α
3096 2421 3268 2487 Pluit
3279 2422 3590 2489 Dominus

2029 2543 2227 2608 super
2244 2528 2454 2608 justos
2486 2533 2550 2592 et
2575 2529 2865 2613 injustoS,
2900 2534 2963 2594 et
2997 2530 3144 2595 facit
3167 2530 3368 2596 solem
3394 2550 3587 2597 suum

2027 2632 2194 2696 oriri
2213 2652 2409 2718 super
2426 2635 2628 2702 bonos
2646 2641 2708 2701 et
2717 2637 2975 2702 malos.»
2993 2637 3230 2703 Dicitur
3242 2638 3436 2703 etiam
3449 2638 3590 2721 plu-

2030 2739 2145 2804 via
2179 2742 2443 2806 cessatio
2484 2743 2568 2808 ab
2598 2761 2791 2827 opere
2820 2745 3096 2828 peccati,
3135 2745 3307 2811 unde
3332 2746 3455 2812 hoc
3486 2746 3532 2783 ¹⁸
3566 2769 3582 2812 ε

2039 2847 2246 2913 «pluit
2263 2848 2572 2916 Dominus
2598 2869 2793 2936 super
2810 2871 3010 2918 uuam
3038 2853 3383 2933 civitatem,
3402 2858 3467 2919 et
3483 2873 3587 2920 su-

2027 2973 2145 3038 per
2167 2956 2359 3022 aliam
2378 2976 2510 3021 non
2531 2959 2751 3041 pluit.»
2788 2959 2899 3026 Est
2924 2959 3147 3043 pluvia
3164 2980 3394 3045 poenae,
3413 2962 3585 3027 unde

2027 3064 2239 3130 hoc¹'¹:
2269 3064 2480 3131 «Pluit
2495 3084 2687 3151 super
2704 3071 3060 3151 peccatores
3070 3069 3330 3154 laqueos
3342 3071 3576 3153 ignis.»

2116 3173 2211 3240 Tu
2232 3190 2378 3242 vero
2399 3176 2737 3258 pertecisti
2760 3192 2920 3244 eam.
2942 3176 3052 3242 Est
3082 3180 3154 3242 in
3172 3196 3583 3244 consumma-

2028 3281 2200 3346 tione
2226 3284 2526 3366 perfectio
2553 3284 2750 3367 legis,
2799 3285 3054 3368 quando
3082 3286 3316 3352 scilicet
3353 3287 3587 3369 legalia

2031 3394 2475 3456 consummata
2500 3396 2681 3472 sunt,
2723 3394 2898 3463 unde
2926 3393 3050 3458 hoc
3085 3392 3171 3457 ¹⁸:
3213 3417 3245 3455 α
3275 3394 3581 3459 Consum-

2030 3502 2279 3563 matum
2298 3503 2414 3564 est.
2430 3521 2463 3559 n
2483 3498 2787 3566 Perfectio
2807 3508 2900 3567 est
2923 3502 2992 3565 in
3011 3501 3173 3584 legis
3194 3500 3582 3584 impletione,

2031 3605 2205 3670 unde
2230 3605 2353 3672 hoc
2397 3608 2485 3671 ⁸⁹:
2526 3630 2557 3668 α
2593 3607 2715 3685 Qui
2760 3609 3061 3674 mandata
3101 3627 3248 3674 mea
3285 3608 3582 3690 custodit,

2029 3712 2247 3794 legem
2280 3713 2605 3798 adimplet.
2636 3736 2668 3775 n
2701 3714 2812 3780 Est
2849 3715 3150 3799 perfectio
3174 3714 3344 3797 legis
3375 3715 3445 3780 in
3471 3715 3583 3781 ad·

2030 3818 2294 3901 ditione,
2322 3822 2496 3887 unde
2520 3822 2761 3888 dictum
2782 3824 2941 3887 est¹⁰
2963 3821 3276 3905 :nDiliges
3301 3823 3585 3888 amicum

2030 3933 2241 4011 tuum,
2273 3933 2338 3994 et
2372 3929 2518 3995 odio
2544 3930 2813 3995 habebis
2840 3931 3172 3996 inimicum
3199 3935 3412 3997 tuum.
3442 3931 3584 4014 Ego

2031 4041 2249 4102 autem
2285 4037 2425 4102 dico
2453 4037 2672 4102 vobis:
2703 4037 2960 4121 Diligite
2990 4038 3283 4105 inimicos
3312 4043 3579 4121 vestros,

2031 4143 2381 4209 benefacite
2406 4143 2528 4223 his,
2556 4144 2673 4226 qui
2691 4144 2963 4209 oderunt
2983 4164 3118 4212 vos.
3143 4168 3175 4207 n
3204 4144 3394 4211 Pater
3413 4145 3586 4227 agri-

2031 4250 2192 4331 cola,
2213 4252 2366 4334 igne
2414 4250 2692 4335 Spiritus
2725 4253 2928 4317 sancti
2968 4253 3209 4318 exustis
3244 4252 3468 4337 spinis),
3515 4253 3586 4317 in

2031 4358 2329 4424 cordibus
2365 4360 2602 4424 nostris
2642 4360 2799 4442 jecit
2838 4378 3056 4426 semen
3097 4361 3280 4427 verbi
3322 4360 3476 4439 Dei,
3521 4363 3586 4424 et

2030 4469 2205 4531 terra
2230 4468 2462 4531 mentis
2479 4471 2715 4532 nostrae
2734 4468 2905 4533 dedit
2916 4468 3198 4533 fructum
3225 4485 3421 4532 suum
3445 4482 3588 4531 cen-

2030 4574 2360 4655 tesimum,
2378 4575 2481 4642 vel
2502 4576 3003 4659 sexagesimum,
3026 4576 3129 4643 vel
3146 4574 3581 4657 trigesimum.

2034 4678 2130 4744 Ibi
2157 4687 2376 4747 autem
2405 4683 2763 4748 obedientia
2798 4700 3018 4748 semen
3052 4681 3295 4767 recipit,
3338 4680 3588 4765 patien-

2031 4789 2124 4853 tia
2149 4789 2508 4870 fructiflcat,
2539 4792 3010 4874 perseverantia
3034 4789 3239 4855 metit.
3275 4788 3465 4868 Nam,
3497 4790 3588 4852 si-

2032 4900 2144 4961 cut
2195 4896 2530 4979 Apostolus
2577 4897 2655 4963 de
2677 4898 2988 4980 agonistis
3026 4895 3451 4981 exemplificat
3487 4897 3532 4937 ¹¹
3565 4915 3584 4961 z

2034 5084 2086 5134 Ἰ.
2109 5110 2173 5122 -
2200 5082 2242 5118 ¹²
2274 5081 2419 5133 Psal.
2447 5097 2502 5146 x,
2530 5085 2658 5132 ·1.-
2684 5084 2720 5114 ¹⁸
2743 5085 3031 5148 Joan.‚xlx‚
3060 5086 3139 5136 3⁰.
3157 5083 3277 5122 —¹⁸
3296 5087 3456 5145 Pron„
3476 5095 3587 5145 xlx,

2035 5156 2116 5204 16.
2147 5181 2211 5192 —
2238 5154 2280 5188 ¹⁸
2307 5153 2515 5219 Mutela„
2544 5165 2595 5218 V,
2628 5156 2707 5206 ⁴4.
2740 5182 2795 5191 —
2828 5156 2865 5189 ²¹
2899 5156 2915 5205 1
2949 5157 3087 5221 Corn,
3115 5168 3189 5218 lx,
3222 5157 3302 5207 24.

2097 5242 2168 5305 (a)
2190 5242 2332 5293 Edit.
2358 5242 2473 5293 Ven.
2495 5243 2660 5307 signa.
2681 5269 2743 5280 —
2767 5243 2835 5309 (b)
2858 5245 2980 5295 Item
2998 5259 3119 5297 una.
3148 5272 3211 5284 —
3237 5246 3292 5309 tc)
3314 5245 3437 5295 Item
3466 5244 3588 5295 dor-

2036 5314 2281 5365 mitionis.
2301 5339 2365 5352 —
2383 5313 2460 5378 (d)
2483 5314 2663 5366 Omnis
2677 5314 2791 5366 haec
2808 5317 3073 5367 annotatio
3091 5318 3145 5368 in
3168 5332 3213 5370 v.
3236 5321 3282 5368 5.
3303 5317 3470 5369 locata
3488 5316 3593 5366 fue·

2034 5388 2118 5436 rat
2143 5386 2210 5436 ad
2231 5384 2358 5450 psal.
2395 5397 2521 5448 xxx,
2550 5400 2601 5437 v,
2638 5391 2715 5451 13,
2750 5387 2804 5438 in
2832 5392 2948 5439 coet..
2979 5388 3100 5440 edit..
3123 5414 3188 5428 -
3214 5390 3281 5455 (e)
3301 5390 3417 5453 Leq.
3439 5392 3594 5438 mter-

2036 5459 2191 5509 nitas.
2212 5483 2276 5496 —
2299 5456 2375 5521 (Ι)
2408 5456 2550 5508 Edit.
2582 5459 2700 5510 Ven.
2728 5459 2877 5510 Cum.
