4196 6294
1576 434 1945 503 PSALMUS
1987 435 2252 503 cxvm.

186 559 189 564 μ
307 575 611 635 hominem
646 573 727 633 ad
763 573 1041 646 seipsum.
1084 576 1162 632 De
1200 571 1466 631 secundo
1495 571 1513 606 ¹
1556 589 1571 628 :
1617 590 1646 624 ι
1671 575 1854 631 Bene·

307 668 591 744 placitum
615 671 702 726 est
725 667 976 725 Domino
1016 666 1166 724 fides
1194 671 1251 725 et
1278 665 1695 738 mansuetudo,
1726 686 1755 721 ι)
1788 666 1855 724 id

310 767 422 834 est,
450 762 601 821 nulli
629 777 843 820 nocere
892 760 1051 819 dicto
1090 760 1189 818 vel
1225 760 1402 818 facto.
1449 759 1622 818 Fides
1660 760 1849 831 enim,

308 861 449 916 teste
474 856 662 914 Tullio
685 859 741 927 ²,
760 858 845 913 est
868 855 1196 914 constantia
1212 854 1275 911 in
1301 852 1511 925 verbo,
1543 870 1680 928 quaa
1702 852 1858 911 nulli

308 953 482 1011 nocet
508 951 665 1009 dicto
676 969 697 1022 3
724 948 1121 1008 mansuetudo
1144 964 1287 1006 vero
1307 964 1432 1005 non
1457 950 1632 1006 nocet
1657 947 1810 1006 facto
1834 965 1849 1005 :

308 1062 443 1104 ecce
470 1044 743 1103 divinum
768 1043 1210 1119 beneplacitum
1235 1041 1522 1101 ordinans
1548 1042 1857 1100 hominem

308 1139 387 1198 ad
415 1138 777 1214 proximum.
808 1140 885 1196 De
916 1138 1086 1196 tertio
1109 1139 1131 1173 ³
1160 1159 1178 1194 ε
1215 1156 1243 1190 α
1286 1136 1448 1208 Filii,
1478 1134 1715 1194 obedite
1742 1151 1853 1209 pa-

306 1233 571 1292 rentibus
590 1248 698 1307 per
721 1231 926 1291 omnia
937 1251 957 1301 3
987 1232 1104 1290 hoc
1126 1231 1287 1289 enim
1309 1229 1749 1305 beneplacitum
1771 1233 1858 1288 est

307 1328 556 1387 Domino
588 1346 603 1385 :
632 1346 663 1381 n
706 1327 874 1403 quod
917 1326 1185 1402 accipere
1233 1342 1584 1401 possumus,
1620 1328 1738 1383 tam
1781 1326 1855 1384 de

305 1420 651 1497 parentibus
673 1420 1033 1493 carnalibuS,
1055 1436 1238 1495 quam
1255 1419 1656 1493 spiritualibus
1678 1437 1696 1476 =
1721 1435 1854 1478 ecce

309 1520 577 1579 divinum
619 1518 1056 1595 beneplacitum
1099 1518 1384 1576 ordinans
1427 1516 1734 1577 hominem
1777 1518 1857 1577 ad

308 1613 638 1688 praelatum.

798 1762 1079 1818 articulus
1118 1764 1366 1834 quartus.

298 1963 301 1966 ,
381 1897 471 1954 Ad
499 1899 776 1971 quartum
804 1897 1059 1970 spectat,
1086 1895 1255 1969 quod
1279 1896 1459 1952 restat
1488 1912 1503 1951 :
1534 1897 1608 1951 Et
1637 1893 1858 1965 judicia

314 1996 410 2048 tua
436 1991 561 2047 doce
586 2006 700 2057 me,
731 1989 1136 2064 adjudicando
1178 1989 1327 2047 mihi
1371 2004 1656 2047 coronam
1686 1988 1856 2061 justi-

313 2085 423 2142 tiae.
454 2086 581 2142 Haec
602 2083 826 2156 judicia
853 2087 992 2140 tunc
1033 2083 1343 2153 docentur,
1387 2099 1525 2140 cum
1566 2082 1858 2140 mercedis

311 2178 529 2238 fiducia
556 2193 664 2252 per
690 2177 925 2252 privata
943 2177 1171 2250 judicia
1207 2176 1489 2235 divinitus
1524 2176 1855 2235 exhibetur.

311 2276 377 2332 Et
409 2275 580 2343 nota,
626 2271 794 2347 quod
835 2271 1078 2346 praefata
1112 2271 1339 2352 judicia
1383 2274 1518 2329 sunt
1552 2270 1817 2344 jucunda
1836 2313 1857 2343 ,

310 2367 566 2437 munda,
597 2369 655 2424 et
678 2365 997 2440 profunda.
1042 2367 1230 2435 Quare
1253 2365 1560 2438 jucunda?
1602 2366 1743 2439 quia
1782 2365 1858 2424 de

309 2460 602 2519 felicitate.
650 2461 840 2529 Quare
877 2457 1142 2516 munda?
1179 2459 1327 2528 Quia
1362 2457 1488 2517 sine
1528 2457 1855 2532 iniquitate.

311 2555 498 2623 Quare
525 2551 864 2627 profunda?
893 2552 1043 2622 Quia
1069 2569 1144 2610 ex
1183 2551 1582 2626 investigabili
1622 2552 1855 2626 pietate.

311 2651 388 2706 De
415 2647 610 2721 primo
630 2647 689 2703 ⁸:
725 2666 757 2701 ι
780 2646 929 2716 Quia
951 2646 1178 2719 judicia
1200 2650 1303 2705 tua
1324 2646 1610 2720 jucunda.
1636 2667 1663 2701 ιο
1693 2648 1862 2716 Quae-

311 2757 451 2799 nam
465 2740 825 2814 jucundiora
842 2739 1090 2814 judicia,
1120 2757 1305 2815 quam
1330 2740 1566 2798 felicem
1580 2740 1857 2813 jucundi-

311 2840 489 2895 tatem
516 2840 573 2893 et
589 2835 920 2908 jucundam
942 2835 1281 2894 felicitatem
1310 2834 1752 2909 adjudicantia?
1779 2838 1858 2893 De

312 2930 575 2989 secundo
603 2931 625 2965 ⁸
655 2949 670 2988 :
719 2949 749 2985 α
775 2930 1081 3003 Cognovi,
1120 2930 1398 3000 Domine,
1438 2928 1581 3003 quia
1614 2929 1860 3002 oequitas

306 3023 535 3097 iudicia
561 3029 661 3082 tua
690 3043 705 3082 ε
748 3044 777 3079 n
819 3023 926 3081 ubi
954 3026 1151 3082 autem
1179 3026 1368 3082 totum
1404 3027 1655 3097 occupat
1677 3021 1861 3097 aequi-

313 3121 422 3191 tas,
449 3118 685 3177 nullum
709 3118 892 3179 habet
916 3118 1119 3177 locum
1144 3117 1441 3194 iniquitas.
1480 3121 1557 3176 De
1596 3118 1768 3177 tertio
1796 3119 1858 3177 in

312 3213 431 3273 alio
485 3212 757 3287 psallitur
797 3213 934 3272 loco
977 3215 999 3248 ⁸
1045 3232 1060 3271 :
1111 3232 1139 3267 α
1177 3212 1408 3271 Judicia
1457 3216 1560 3271 tua
1607 3214 1858 3288 abyssus

309 3307 515 3365 multa.
542 3327 572 3361 n
606 3306 662 3365 Si
698 3306 969 3382 abyssus,
1003 3306 1156 3382 quid
1178 3305 1570 3381 profundius?
1607 3306 1657 3364 si
1679 3307 1856 3381 abys-

308 3418 407 3461 sus
460 3402 676 3475 multa,
734 3401 885 3476 quid
934 3400 1404 3473 investigabilius
1453 3400 1855 3474 profunditate

308 3495 629 3570 praedicta?
645 3495 799 3566 Quid
824 3496 929 3554 illa
955 3495 1169 3570 pietate
1194 3494 1570 3569 profundius,
1598 3495 1746 3569 quid
1772 3495 1857 3552 in-

309 3590 730 3663 vestigabilius‚
761 3606 883 3666 qua
905 3589 1226 3648 damnatur
1251 3589 1498 3661 vanitas,
1523 3592 1586 3647 ut
1600 3588 1856 3647 salvetur

309 3684 560 3743 veritas?

950 3754 1209 3820 Epilogus.

377 3872 468 3930 Ait
485 3887 629 3946 ergo
652 3871 962 3948 Propheta,
977 3875 1266 3946 tanquam
1282 3885 1537 3945 persona
1556 3868 1853 3929 desiderio

307 3965 649 4024 desiderans
692 3964 1031 4024 charitative
1080 3964 1396 4039 disponere
1435 3962 1793 4038 proferenda
1832 3981 1847 4020 ε

312 4060 672 4128 Voluntaria,
717 4064 1008 4136 quantum
1052 4060 1132 4116 ad
1177 4056 1507 4133 composita
1552 4056 1849 4130 studiose3

312 4153 436 4211 Oris
461 4156 584 4224 mei,
615 4159 903 4229 quantum
928 4153 1008 4213 ad
1036 4154 1162 4228 ipsa
1191 4152 1496 4227 proposita
1520 4151 1816 4209 fructuose
1829 4170 1849 4223 ;

307 4249 652 4319 Beneplacita
691 4252 804 4321 sac,
837 4250 1082 4318 Domine,
1115 4250 1407 4320 quantum
1433 4245 1514 4304 ad
1541 4244 1648 4304 illa
1673 4260 1849 4320 repo-

307 4340 419 4397 sita
444 4341 731 4413 gratiose3
775 4344 851 4400 Et
882 4343 1101 4414 judicia
1139 4348 1235 4398 tua
1274 4341 1398 4398 doce
1430 4356 1531 4413 me,
1561 4343 1852 4415 quantum

307 4432 386 4490 ad
414 4449 623 4492 eorum
646 4435 891 4508 praemia
916 4434 1178 4510 reposita
1203 4434 1481 4507 gloriose.

840 4655 1172 4701 macutus
1199 4657 1326 4700 1111.

378 4814 503 4870 109.
526 4816 724 4871 Anima
740 4830 858 4872 mea
877 4817 937 4871 in
949 4815 1203 4871 manibus
1229 4816 1384 4884 meis,
1410 4816 1518 4871 etc.
1536 4812 1852 4882 Quomodo

306 4904 464 4964 lucet
486 4906 738 4965 charitas
761 4907 920 4965 viam
951 4906 1246 4965 moralem
1275 4905 1671 4981 disponendo,
1699 4920 1850 4980 qua-

307 5000 598 5059 ternarius
620 5000 785 5074 prior
812 4999 1074 5058 distinxit
1083 5018 1102 5071 3
1133 5000 1389 5074 qualiter
1428 5002 1626 5057 autem
1673 4997 1849 5070 lucet,

286 5093 491 5153 -vitam
516 5094 829 5155 mortalem
883 5095 1264 5170 exponendo,
1317 5093 1727 5169 quaternarius
1752 5094 1849 5152 hic

372 5244 387 5275 ¹
416 5243 885 5308 Eoe1;.,1‚34.-·
911 5243 1037 5308 eie„
1063 5208 1127 5294 αρ’
1151 5242 1316 5309 offic„
1338 5243 1427 5295 nh.
1455 5245 1493 5294 1.
1513 5271 1576 5283 -
1602 5244 1621 5275 ³
1644 5242 1850 5309 Coloss„

312 5323 399 5375 ιιι,
427 5316 506 5366 20.
540 5342 603 5353 -
641 5316 664 5351 ⁸
691 5315 824 5367 Psal.
854 5316 982 5380 hoc,
1011 5317 1086 5367 39.
1120 5343 1182 5354 --
1219 5316 1237 5345 ⁵
1268 5315 1418 5385 ibid„
1456 5319 1535 5366 75.
1566 5341 1626 5352 —
1665 5318 1685 5346 ⁸
1711 5315 1848 5366 Psal.

308 5395 467 5448 xxxv,
496 5388 542 5438 ²1.
572 5413 634 5425 —
661 5389 677 5418 ⁷
705 5388 909 5452 Bauli„
937 5398 1044 5452 xvi,
1071 5389 1151 5439 25.
1184 5411 1245 5425 -
1279 5386 1301 5422 ⁸
1321 5387 1488 5451 va„
1516 5399 1676 5452 xvm,
1709 5392 1756 5439 8.
1791 5414 1844 5424 -

3393 445 3514 506 457.

1964 571 2288 645 distinguit.
2317 569 2580 631 Charitas
2605 586 2820 644 nempe
2850 569 3030 629 vitam
3049 570 3188 631 facit
3215 588 3513 650 exponere

1962 681 2073 741 pro
2102 664 2244 723 fidei
2262 665 2652 737 consessione,
2676 681 2787 739 pro
2806 664 3071 739 perfidiae
3092 666 3511 743 confutatione,

1962 776 2073 833 pro
2103 759 2528 818 mandatorum
2554 758 3021 832 conservatione,
3050 763 3178 835 Tpro
3233 763 3514 822 consilio·

1962 870 2100 911 rum
2128 853 2659 923 consummatione,
2685 853 2835 911 sicut
2859 856 3030 910 tenor
3057 870 3336 914 versuum
3370 873 3514 933 qua-

1963 950 2100 1006 tuor
2152 947 2382 1006 disserit
2433 948 2781 1005 successive.
2841 947 3069 1004 Primus
3131 964 3337 1008 versus
3374 952 3511 1010 arti-

1965 1040 2168 1098 culum
2221 1042 2483 1115 primum
2536 1040 2824 1111 edisserit,
2881 1040 3030 1098 dum
3096 1040 3246 1116 quid
3300 1043 3365 1100 in
3406 1045 3512 1105 tali

1964 1134 2212 1193 articulo
2235 1134 2309 1192 sit
2328 1134 2723 1209 perdendum,
2758 1137 2814 1191 et
2841 1133 2989 1208 quid
3032 1135 3513 1211 custodiendum,

1963 1228 2171 1302 aperit.
2204 1228 2353 1286 Sane
2382 1227 2632 1285 carnalis
2657 1227 2779 1285 vita
2806 1243 2929 1285 non
2956 1228 3354 1290 custodienda
3404 1235 3513 1304 est,

1964 1322 2070 1380 sed
2094 1323 2420 1396 perdenda.
2453 1322 2777 1396 Spiritualis
2824 1326 3024 1381 autem
3052 1325 3172 1383 vita
3218 1341 3342 1384 non
3381 1342 3513 1400 per-

1965 1415 2167 1475 denda
2185 1420 2290 1488 est,
2311 1416 2414 1474 sed
2444 1415 2854 1474 custodienda.
2877 1418 3124 1489 Quaeris,
3147 1435 3270 1494 quo
3286 1419 3514 1479 modo?

1965 1509 2226 1568 carnalis
2251 1511 2373 1568 vita
2403 1509 2729 1572 custoditur
2756 1511 3083 1584 parcendo,
3114 1512 3382 1586 perditur
3409 1530 3514 1589 pa-

1964 1603 2200 1675 tiend03
2271 1604 2589 1679 spiritualis
2656 1604 2779 1662 vita
2835 1605 3105 1679 perditur
3179 1605 3512 1678 diffitendo,

1966 1700 2292 1758 custoditur
2325 1699 2571 1758 firmiter
2599 1697 2959 1757 confitendo.

2464 1860 2747 1918 Articulus
2777 1864 3014 1933 primus.

2037 1987 2347 2046 carnalem
2425 1988 2606 2047 vitam
2691 1990 3188 2050 contemnendam
3271 1997 3515 2068 propter

1968 2084 2152 2140 Deum
2172 2082 2464 2157 aperienS,
2493 2083 2575 2141 ait
2602 2100 2618 2140 ι
2649 2085 2848 2142 Anima
2877 2102 3017 2157 mea,
3046 2085 3111 2145 id
3154 2089 3261 2157 est,
3289 2086 3513 2146 anima-

1964 2175 2038 2235 lis
2065 2176 2188 2235 vita
2198 2194 2218 2246 ς
2245 2176 2363 2234 hoc
2390 2179 2477 2234 est
2507 2176 2651 2249 vita,
2684 2193 2868 2252 quam
2896 2178 3001 2237 diu
3048 2179 3344 2238 custodire
3388 2196 3513 2239 non

1965 2268 2125 2328 valet
2161 2273 2370 2328 natura
2404 2268 2724 2340 defectiva,
2752 2287 2862 2329 nec
2909 2272 3015 2329 diu
3064 2273 3359 2332 custodire
3385 2276 3515 2334 vult

1968 2364 2157 2436 gratia
2183 2363 2543 2438 provectiva.
2572 2366 2639 2421 Et
2663 2368 2826 2436 nota,
2847 2366 3016 2439 quod
3044 2365 3176 2424 talis
3210 2366 3411 2426 anima
3450 2367 3514 2426 in

1972 2457 2075 2514 tali
2104 2458 2353 2516 articulo
2375 2459 2708 2531 constituta,
2737 2474 2861 2516 non
2890 2461 2976 2517 est
3001 2475 3038 2517 a
3064 2460 3371 2518 tormentis
3396 2461 3513 2520 sal·

1967 2551 2189 2621 vanda,
2241 2566 2355 2607 nec
2421 2551 2845 2612 blandimentis
2905 2553 3347 2626 effoeminanda,
3402 2572 3514 2615 nec

1967 2645 2381 2704 emolumentis
2410 2645 2834 2720 temporalibus
2886 2647 3194 2706 dilatanda
3236 2667 3252 2707 ε
3303 2665 3379 2708 ne
3404 2649 3516 2709 sal-

1966 2743 2138 2797 vetur
2163 2738 2244 2796 ad
2273 2739 2700 2813 perditionem3
2742 2757 2816 2799 ne
2846 2742 3237 2802 efioeminetur
3275 2744 3355 2802 ad
3389 2760 3524 2802 ma*

1969 2833 2361 2903 cerationem3
2392 2851 2467 2892 ne
2491 2835 2768 2894 dilatetur
2794 2836 2875 2894 ad
2898 2840 3179 2897 aeternam
3223 2837 3516 2896 confusio-

1966 2943 2126 2985 nem.
2155 2931 2231 2986 De
2260 2928 2455 3002 primo
2479 2928 2501 2961 ⁷
2532 2947 2547 2985 ε
2584 2949 2613 2982 ιι
2632 2929 2743 2998 Qui
2777 2930 3031 2988 voluerit
3050 2930 3313 2990 animam
3339 2947 3511 2990 suam

1965 3024 2196 3083 salvam
2240 3025 2454 3098 facere,
2502 3023 2711 3098 perdet
2763 3041 2897 3083 eam
2941 3043 2957 3082 ε
3003 3046 3032 3082 n
3085 3042 3220 3085 ecce
3264 3025 3512 3087 salvatio

1967 3119 2182 3178 animae
2208 3119 2287 3178 ad
2312 3120 2733 3195 perditionem.
2761 3124 2839 3180 De
2876 3121 3212 3182 secundo⁸z
3249 3122 3513 3183 «Animae

1967 3216 2464 3276 effoeminatorum
2522 3218 2822 3276 esurient:
2869 3238 2899 3273 n
2945 3234 3082 3276 ecce
3131 3218 3513 3278 effoeminatio

1966 3310 2046 3369 ad
2073 3311 2555 3370 macerationem.
2602 3315 2680 3371 De
2717 3311 2889 3371 tertio
2913 3314 2935 3350 ⁹
2965 3330 2980 3369 ε
3017 3332 3048 3367 α
3073 3312 3173 3371 Vir
3220 3314 3514 3387 superbus

1965 3421 2089 3464 non
2118 3404 2517 3480 decorabitur,
2546 3407 2653 3481 qui
2683 3406 2973 3477 dilatavit,
3005 3406 3182 3482 quasi
3226 3406 3510 3480 infernus,

1965 3499 2228 3558 animam
2281 3516 2453 3558 suam
2510 3519 2525 3558 ε
2569 3522 2596 3555 »
2658 3516 2794 3560 ecce
2820 3500 3086 3561 dilatatio
3111 3502 3192 3562 ad
3231 3504 3512 3561 aeternam

1964 3593 2394 3653 confusionem.

2435 3742 2721 3803 Articulus
2756 3745 3036 3803 secundus.

2033 3877 2347 3936 carnalem
2364 3877 2541 3937 etiam
2552 3880 2737 3937 vitam
2750 3879 3121 3953 perdendam
3130 3879 3507 3955 patefaciens,

1962 3966 2132 4026 addit
2172 3987 2187 4025 ε
2221 3971 2288 4026 In
2331 3972 2582 4029 manibus
2636 3974 2768 4043 meis
2820 3988 3058 4045 semper3
3102 3972 3276 4047 quasi
3303 3973 3462 4032 dicat
3492 3990 3512 4030 :

1963 4064 2174 4121 Anima
2199 4066 2256 4121 et
2279 4064 2403 4121 vita
2429 4080 2552 4122 non
2582 4068 2668 4124 est
2691 4066 2940 4125 latenter
2966 4064 3245 4141 reposita,
3269 4068 3378 4126 sed
3403 4083 3512 4142 pa-

1960 4159 2150 4215 tenter
2174 4157 2457 4231 exposita.
2489 4162 2555 4217 Et
2579 4163 2741 4231 nota,
2769 4159 2937 4234 quod
2979 4161 3164 4219 vitam
3190 4160 3512 4220 animalem

1961 4251 2026 4309 in
2073 4251 2356 4310 manibus
2408 4268 2656 4327 ponere,
2701 4255 3024 4326 continere,
3068 4258 3306 4330 portare
3332 4255 3512 4315 debe-

1961 4361 2115 4403 mus.
2146 4344 2388 4418 QuaeriS,
2418 4347 2713 4421 qualiter?
2763 4351 2985 4408 Ponere
3040 4349 3315 4421 fidenter,
3369 4353 3511 4409 con-

1960 4439 2147 4498 tinere
2170 4438 2444 4513 fideliter,
2467 4445 2704 4514 portare
2731 4442 3041 4515 patienter.
3084 4447 3164 4502 De
3189 4443 3387 4517 primo
3422 4443 3503 4501 ¹⁰:

1968 4551 1997 4585 «
2024 4532 2298 4591 Obedivit
2324 4533 2544 4592 ancilla
2596 4539 2696 4593 tua
2743 4535 2879 4593 voci
2922 4540 3057 4604 tuae,
3099 4540 3157 4595 et
3181 4538 3357 4611 posui
3386 4538 3509 4596 ani-

1961 4643 2127 4685 mam
2143 4642 2343 4686 meam
2361 4628 2424 4686 in
2451 4645 2636 4687 manu
2663 4633 2764 4688 tua
2783 4630 2856 4703 (a)
2870 4650 2889 4703 3
2920 4651 2950 4686 n
2984 4630 3158 4706 quasi
3185 4630 3345 4689 dicat
3363 4649 3379 4690 ε
3397 4633 3507 4689 Ex-

1958 4721 2135 4794 posui
2160 4721 2345 4779 vitam
2375 4721 2722 4795 discrimini,
2750 4727 2993 4798 propter
3012 4723 3296 4783 fiduciam
3323 4740 3508 4799 quam

1961 4815 2186 4890 accepi.
2215 4815 2272 4875 Si
2309 4814 2523 4874 mulier
2566 4815 2823 4875 infidelis
2869 4817 3114 4878 confidit
3162 4817 3506 4879 obediendo

1960 4908 2144 4980 Sauli,
2191 4909 2501 4984 quomodo
2547 4910 2641 4968 vir
2684 4911 2881 4969 fidelis
2921 4910 3174 4983 diffidet,
3220 4912 3509 4972 obediens

1960 5001 2294 5061 Salvatori‘?
2322 5006 2400 5060 De
2418 5005 2681 5063 secundo
2709 5004 2751 5042 ¹¹
2784 5023 2799 5062 ε
2835 5026 2862 5058 «
2889 5004 3029 5075 Quis
3058 5005 3346 5065 continuit
3389 5008 3509 5081 spi-

1958 5095 2138 5153 ritum
2182 5095 2244 5153 in
2296 5096 2573 5153 manibus
2625 5098 2788 5155 suis?
2829 5120 2857 5153 »
2899 5098 3016 5157 hoc
3065 5099 3507 5171 estzQuiS,nisi

1958 5187 2176 5260 fidelis,
2200 5189 2487 5247 continuit
2509 5191 2782 5264 spiritum
2804 5193 2976 5267 quasi
3020 5209 3146 5252 non
3180 5194 3506 5270 perditum,

1960 5317 1978 5345 ⁹
2008 5315 2214 5376 Hebae„
2246 5328 2312 5380 11,
2341 5319 2388 5368 5.
2418 5343 2481 5354 —
2524 5320 2561 5352 ²·
2593 5318 2611 5367 1
2651 5319 2788 5385 Πομ,
2828 5333 3023 5386 xxvm,
3056 5324 3133 5374 21.
3164 5349 3226 5361 —
3261 5323 3505 5383 ¹¹'Prov.‚

1960 5400 2086 5450 xxx,
2118 5389 2165 5437 4.
2197 5416 2250 5425 -
2272 5389 2343 5454 (α)
2372 5387 2519 5456 Vulq.
2550 5403 2688 5442 mea.
