4196 6294
1661 353 2023 420 PSALMUS
2065 356 2327 424 CXVIII.

394 492 536 550 citer
560 490 984 564 custodiendo,
1009 491 1157 550 sicut
1188 492 1393 550 enituit
1417 492 1478 549 in
1507 489 1808 561 secund03
1839 494 1941 547 aut

391 584 592 659 ipsum
625 583 941 643 efficaciter
978 584 1366 659 adimplendo
1386 628 1406 657 ,
1437 584 1587 642 sicut
1612 581 1851 642 emicuit
1876 583 1939 641 in

392 677 602 737 tertio:
632 679 717 736 sic
742 682 800 736 et
823 679 1019 753 ipsum
1036 678 1451 754 perspicaciter
1477 676 1937 748 considerando,

390 771 541 831 sicut
561 771 833 832 elucescit
854 773 918 830 in
943 772 1075 831 isto.
1102 776 1196 831 Est
1217 776 1413 831 autem
1439 769 1938 847 quadrimembris

392 866 654 924 conditio
704 866 980 924 denotata
1022 867 1084 923 in
1128 866 1399 941 prasenti
1442 865 1763 937 versiculo,
1815 880 1937 939 qua

389 959 669 1017 laudatur
716 959 828 1017 ista
873 960 1267 1019 consideratio
1280 980 1298 1033 3
1341 965 1582 1034 utputa,
1623 960 1765 1033 quia
1814 959 1935 1017 vir-

389 1056 592 1124 tuosa,
640 1053 940 1124 studiosa,
988 1053 1340 1126 affectuosa,
1386 1053 1703 1111 fructuosa.
1741 1052 1936 1112 Prima

389 1146 651 1204 conditio
704 1151 928 1221 spectat
980 1148 1059 1206 ad
1109 1148 1360 1221 gratiam
1420 1147 1751 1205 devotionis
1769 1168 1787 1220 3
1846 1163 1936 1205 se-

389 1239 608 1311 cunda,
636 1239 716 1298 ad
757 1242 1008 1314 gratiam
1037 1242 1438 1314 discretionis;
1471 1241 1659 1311 tertia,
1692 1241 1772 1298 ad
1806 1257 1933 1313 gra-

388 1332 529 1391 tiam
568 1335 960 1394 oemulationis
985 1356 1003 1409 ;
1034 1340 1278 1411 quarta,
1311 1335 1391 1392 ad
1435 1335 1685 1408 gratiam
1718 1335 1931 1393 exhor-

389 1425 643 1486 tationis.
893 1481 902 1492 ,

896 1503 1170 1559 Articulus
1193 1506 1423 1575 primus.

459 1619 523 1673 In
551 1618 1040 1689 justificationibus
1068 1621 1201 1680 tuis.
1232 1621 1376 1676 Ecce
1404 1618 1566 1676 bona
1595 1618 1932 1677 considera-

385 1710 560 1767 tionis
584 1711 862 1783 materia,
890 1716 1097 1786 utputa
1127 1711 1467 1784 justificatio
1504 1711 1805 1770 dominica
1836 1730 1851 1769 t
1897 1729 1933 1770 a

386 1822 507 1881 qua
538 1806 752 1864 dicitur
773 1807 1167 1866 consideratio
1205 1809 1497 1878 virtuosa,
1525 1810 1668 1883 quia
1687 1809 1934 1868 materia

386 1899 871 1959 considerationis
895 1906 984 1959 est
1009 1906 1174 1960 actus
1199 1901 1449 1960 virtutis.
1482 1907 1548 1960 Et
1572 1909 1734 1974 nota,
1765 1903 1932 1978 quod

383 1994 495 2053 tria
524 1997 659 2051 sunt
687 1994 844 2052 circa
871 1995 1321 2068 justificationes
1342 1996 1759 2070 hujuscemodi
1787 2013 1929 2055 con-

382 2087 740 2146 sideranda:
770 2088 1076 2163 videlicet,
1116 2107 1191 2148 ne
1223 2091 1565 2149 deserantur
1582 2133 1602 2162 ,
1633 2107 1708 2149 ne
1741 2091 1933 2166 profe·

381 2184 619 2254 rantur,
651 2198 725 2240 ne
765 2182 1123 2241 auferantur.
1156 2184 1410 2243 Desertio
1439 2184 1507 2241 fit
1532 2201 1641 2258 per
1668 2183 1932 2242 omissio-

382 2289 550 2347 nem,
590 2274 846 2350 prolatio
891 2293 999 2351 per
1044 2278 1493 2346 ostentationem
1512 2319 1533 2350 ,
1564 2279 1785 2337 ablatio
1824 2295 1931 2354 per

385 2369 864 2429 obdurationem.
905 2373 984 2429 De
1022 2370 1217 2445 primo
1261 2373 1279 2407 ¹
1326 2391 1340 2428 :
1386 2392 1414 2426 α
1452 2371 1929 2430 iustificationem

380 2478 611 2537 meam,
655 2480 840 2538 quam
890 2465 1042 2539 coepi
1093 2467 1291 2523 tenere
1311 2507 1331 2536 ,
1386 2481 1510 2522 non
1565 2466 1864 2539 deseram3
1894 2487 1924 2521 ιο

380 2558 551 2632 quasi
593 2557 859 2617 diceret:
888 2560 1333 2631 Justificationem
1356 2602 1376 2632 ,
1421 2577 1584 2633 quam
1629 2568 1777 2619 teneo
1819 2577 1928 2635 per

380 2651 881 2723 observationem,
936 2669 1043 2710 non
1083 2654 1320 2712 deseram
1371 2670 1480 2728 per
1521 2653 1923 2712 omissionem.

378 2747 455 2801 De
469 2746 732 2804 secundo
742 2749 765 2783 ²
782 2765 797 2804 ε
821 2768 849 2801 ιι
864 2750 1063 2822 Neque
1083 2747 1241 2804 enim
1255 2747 1317 2804 in
1329 2746 1870 2822 justificationibuS,
1889 2770 1918 2804 ιο

377 2839 594 2898 scilicet
629 2842 875 2915 prolatis
914 2857 1022 2916 per
1065 2841 1548 2909 ostentationem,
1578 2842 1676 2900 vel
1700 2843 1928 2914 jactan-

378 2931 542 3002 tiam,
576 2935 1038 3009 «prosternimus
1051 2950 1257 3010 preces
1282 2937 1417 2992 ante
1445 2935 1656 2993 faciem
1685 2939 1867 2994 tuam.
1891 2957 1919 2991 ιι

377 3028 456 3085 De
511 3027 677 3086 tertio
704 3030 726 3064 ³
770 3047 785 3086 z
833 3049 860 3083 α
913 3030 1188 3087 Auferam
1247 3046 1284 3087 a
1339 3032 1396 3087 te
1444 3029 1924 3101 justificationem

375 3124 572 3194 tuam,
608 3125 665 3180 et
694 3123 854 3182 dabo
895 3127 952 3182 te
981 3123 1044 3180 in
1071 3122 1300 3181 animas
1329 3122 1680 3182 odientium.
1709 3145 1737 3179 ιι
1772 3126 1926 3195 Quo-

371 3230 505 3273 rum
521 3216 782 3291 primum
801 3222 1024 3292 spectat
1046 3218 1127 3276 ad
1154 3218 1668 3276 mortificationem
1696 3219 1887 3276 meriti
1901 3239 1919 3291 ;

370 3309 726 3383 secundum,
757 3311 836 3370 ad
862 3311 1284 3384 irrogationem
1311 3312 1604 3386 supplicii.

845 3475 1120 3530 Articulus
1155 3474 1437 3531 secundus.

436 3597 762 3655 Meditabor.
803 3602 947 3656 Ecce
972 3598 1137 3657 bona
1163 3599 1652 3658 considerationis
1678 3600 1872 3659 forma
1898 3620 1912 3657 ε

366 3705 490 3749 non
516 3706 703 3764 vaga,
740 3691 848 3749 sed
882 3692 1036 3765 fixa3
1067 3708 1192 3751 non
1217 3693 1405 3764 lenta,
1441 3693 1548 3751 sed
1578 3696 1824 3763 attenta,
1862 3698 1919 3753 et

364 3783 506 3843 ideo
554 3785 839 3843 studiosa.
884 3788 951 3843 Et
987 3790 1132 3844 nota
1153 3827 1175 3859 ,
1217 3787 1386 3861 quod
1433 3786 1568 3845 talis
1610 3788 1914 3846 meditatio

364 3892 488 3934 non
518 3878 698 3936 debet
723 3879 944 3937 versari
972 3879 1130 3938 circa
1156 3880 1468 3939 materiam
1489 3880 1794 3954 vitiosam,
1827 3886 1915 3939 ut-

364 3973 511 4044 puta
554 3971 1031 4045 immunditiam,
1069 3973 1466 4047 discordiam,
1511 3974 1809 4050 rapinam.
1847 3979 1916 4033 Et

3476 385 3592 445 339

2046 490 2154 551 des
2171 494 2234 551 in
2254 495 2598 556 venditione
2628 499 2805 574 :quia
2830 502 3041 561 volunt
3065 521 3259 567 emere
3287 511 3590 585 vilissime,

2046 589 2105 642 et
2130 589 2390 648 vendere
2419 591 2736 651 carissime.

2549 753 2834 811 Articulus
2873 761 3083 815 tertius.

2118 875 2243 933 Non
2282 879 2583 936 obliviscar.
2639 875 2797 939 Ecce
2830 882 3060 941 bonum
3107 888 3591 950 considerationis

2045 966 2435 1044 principium,
2457 972 2679 1031 scilicet
2701 976 3095 1036 aemulationis
3116 984 3331 1040 sanctoe
3358 983 3591 1043 deside-

2045 1059 2223 1118 rium.
2272 1065 2445 1133 Quod
2497 1066 2651 1124 enim
2707 1086 2815 1144 per
2862 1072 3301 1133 oemulationem
3356 1079 3587 1151 agitur,

2046 1154 2339 1214 oblivioni
2377 1174 2500 1217 non
2539 1162 2809 1221 traditur.
2858 1165 3016 1223 Unde
3059 1169 3454 1231 consideratio
3481 1173 3591 1232 ista

2043 1254 2201 1310 recte
2230 1252 2443 1313 dicitur
2468 1256 2809 1318 affectuosa.
2841 1260 2940 1319 Hic
2966 1267 3158 1336 potest
3183 1268 3397 1339 notari,
3422 1270 3590 1343 quod

2040 1346 2155 1402 tria
2196 1347 2528 1421 specialiter
2560 1368 2684 1409 non
2729 1352 2906 1412 debet
2932 1356 3200 1416 oblivisci
3232 1377 3248 1416 ε
3277 1360 3588 1434 videlicet,

2045 1438 2286 1514 culpam
2314 1442 2708 1518 abolendam,
2739 1447 2988 1520 gratiam
3028 1451 3444 1524 recolendam,
3487 1456 3592 1516 be·

2044 1532 2421 1593 neficentiam
2443 1539 2863 1599 exhibendam.
2895 1543 3154 1601 Primum
3182 1546 3428 1620 quidem
3465 1565 3588 1609 non

2047 1621 2227 1684 debet
2270 1629 2545 1689 oblivisci
2590 1650 2699 1707 per
2742 1634 3257 1710 impoenitudinem
3290 1660 3308 1712 3
3351 1658 3460 1699 nec
3504 1660 3590 1702 se-

2046 1721 2312 1779 cundum
2352 1739 2460 1796 per
2503 1724 3020 1803 ingratitudinem;
3051 1747 3162 1790 nec
3208 1734 3443 1792 tertium
3481 1753 3590 1811 per

2042 1814 2404 1888 cupidinem.
2435 1821 2511 1876 De
2540 1819 2737 1893 primo
2755 1823 2811 1879 ⁷:
2837 1841 2866 1876 α
2882 1823 3113 1881 Delebis
3138 1841 3357 1885 nomen
3378 1829 3533 1901 ejus,
3552 1852 3582 1886 »

2041 1906 2263 1965 scilicet
2289 1910 2600 1983 Amalech,
2633 1933 2662 1968 α
2693 1915 2806 1972 sub
2832 1916 2982 1974 coelo
3006 1937 3023 1990 3
3056 1934 3196 1976 cave
3230 1935 3305 1979 ne
3342 1921 3589 1980 oblivis·

2038 2001 2234 2075 caris;
2267 2024 2294 2057 ιο
2344 2004 2515 2078 quasi
2544 2006 2764 2064 diceret
2801 2026 2815 2065 ε
2857 2009 2988 2067 Noli
3029 2011 3302 2070 oblivisci
3342 2015 3587 2075 deletio·

2040 2110 2181 2153 nem
2234 2097 2498 2171 peccati,
2547 2099 2697 2158 sicut
2749 2101 2899 2160 solet
2954 2103 3032 2161 ab
3087 2104 3589 2180 impoenitentibus

2043 2189 2191 2246 fieri.
2230 2191 2479 2249 Amalech
2520 2192 2681 2250 enim
2721 2194 3137 2269 interpretatur
3179 2216 3325 2273 gens
3368 2203 3544 2263 bruta
3565 2248 3584 2278 ,
3615 2222 3824 2267 amalech

2037 2289 2096 2343 et
2140 2285 2432 2358 significat
2474 2293 2637 2360 gesta
2685 2290 2977 2362 brutalia,
3026 2297 3083 2350 et
3128 2293 3477 2366 indiscreta„
3509 2302 3586 2357 De

2037 2379 2303 2438 secundo
2324 2381 2347 2417 ⁸
2367 2401 2385 2437 ε
2423 2400 2451 2434 α
2480 2382 2735 2441 Gratiam
2762 2384 3129 2458 fidejussoris
3168 2403 3243 2445 ne
3272 2390 3587 2451 oblivisca-

2035 2473 2155 2545 ris3
2185 2494 2212 2527 ιο
2243 2473 2464 2534 scilicet
2490 2491 2564 2532 ne
2593 2475 2860 2535 incurras
2889 2477 3100 2537 vitium
3127 2479 3581 2553 ingratitudinis.

2036 2568 2116 2624 De
2134 2566 2303 2625 tertio
2319 2568 2374 2625 ⁹:
2397 2587 2426 2622 α
2444 2568 2846 2628 Beneficentiae
2864 2575 2922 2628 et
2948 2575 3386 2634 communionis
3402 2579 3584 2637 nolite

2036 2659 2325 2718 Oblivisci.
2357 2683 2384 2713 ιι

2517 2735 2809 2794 Articulus
2848 2743 3094 2810 quartus.

2106 2857 2377 2916 Sermones
2449 2865 2586 2917 tuos.
2642 2864 2788 2920 Ecce
2843 2862 3043 2922 bonus
3098 2867 3585 2930 considerationis

2032 2950 2319 3009 terminus
2328 2993 2348 3022 ,
2379 2955 2444 3009 ut
2485 2953 2925 3014 considerantes
2943 3000 2963 3030 ,
2993 2959 3141 3017 alios
3185 2961 3544 3024 instruamus
3560 3011 3580 3040 ,

2034 3046 2101 3100 ut
2120 3045 2574 3104 sermocinando
2593 3047 3030 3110 fructificemus.
3063 3057 3378 3130 Propterea
3404 3058 3584 3118 bene-

2033 3136 2248 3196 dicitur
2259 3137 2384 3198 heec
2403 3140 2795 3201 consideratio
2811 3143 3129 3206 fructuosa.
3154 3153 3221 3207 Et
3234 3156 3397 3224 nota,
3414 3156 3580 3229 quod

2031 3247 2336 3290 sermones
2364 3233 2711 3307 huJusmodi
2738 3254 2863 3296 non
2904 3245 3043 3299 sunt
3068 3244 3575 3321 parvipendendi,

2028 3339 2154 3383 non
2183 3327 2596 3400 erubescendi,
2617 3345 2742 3389 non
2760 3333 3103 3407 negligendi
3130 3353 3429 3412 :quorum
3458 3343 3579 3417 pri-

2029 3433 2198 3476 mum
2239 3419 2492 3494 pertinet
2536 3422 2617 3482 ad
2652 3424 2929 3485 effectum
2972 3428 3044 3503 (a)
3064 3449 3082 3502 ς
3131 3433 3463 3491 secundum
3499 3436 3579 3494 ad

2029 3511 2276 3570 affatum
2306 3514 2413 3587 (b);
2445 3516 2681 3575 tertium
2707 3518 2787 3576 ad
2811 3520 3101 3579 effectum.
3134 3526 3347 3584 Contra
3374 3528 3577 3599 parvi—

2027 3607 2354 3680 pendentes
2395 3611 2614 3673 dicitur
2641 3614 2683 3650 ¹⁰
2724 3634 2742 3671 ε
2768 3637 2797 3671 «
2839 3618 3296 3680 Subsannabant
3340 3622 3577 3682 nuntios

2028 3701 2168 3774 Dei,
2198 3706 2256 3761 et
2281 3706 2796 3780 parvipendebant
2825 3727 3129 3770 sermones
3173 3715 3319 3786 ejus,
3349 3735 3377 3770 ιο
3411 3716 3573 3774 Unde

2027 3795 2132 3869 qui
2158 3799 2538 3875 parvipendit
2583 3819 2922 3862 sermonem
2951 3805 3223 3865 divinum
3246 3849 3265 3879 ‚
3299 3813 3402 3867 aut
3446 3810 3575 3881 eJus

2024 3889 2335 3964 nuntium,
2368 3895 2747 3970 parvipendit
2768 3898 2964 3972 ipsum
2993 3903 3178 3959 Deum
3209 3918 3224 3957 ε
3257 3903 3425 3976 quod
3448 3919 3574 3962 non

2025 3991 2112 4045 est
2153 3988 2286 4047 leve
2330 3997 2656 4066 peccatum.
2707 3998 2922 4054 Contra
2970 3998 3380 4059 erubescentes
3420 4002 3570 4077 legi-

2021 4084 2117 4139 tur
2152 4084 2193 4120 ¹⁸
2231 4103 2245 4140 ε
2287 4103 2315 4138 α
2342 4086 2452 4155 Qui
2482 4104 2578 4145 me
2606 4089 2926 4162 erubuerit,
2958 4096 3016 4149 et
3043 4109 3348 4154 sermones
3376 4114 3567 4170 meos,

2018 4174 2179 4233 hunc
2205 4177 2384 4236 Filius
2423 4180 2684 4239 hominis
2712 4183 3051 4256 erubescet,
3083 4202 3222 4246 cum
3247 4191 3475 4250 venerit
3501 4193 3566 4251 in

2018 4270 2320 4342 majestate
2336 4290 2465 4332 sua.
2496 4294 2526 4328 ιο
2560 4278 2775 4334 Contra
2789 4278 3153 4352 negligentes
3181 4283 3457 4343 scribitur
3481 4287 3563 4345 ¹¹:

2025 4381 2054 4414 α
2082 4364 2343 4423 Audiunt
2384 4382 2691 4427 sermones
2731 4373 2897 4443 tuos,
2926 4377 2981 4430 et
3016 4389 3141 4432 non
3177 4376 3400 4435 faciunt
3425 4395 3567 4451 ece,

2019 4456 2162 4530 quia
2185 4457 2250 4515 in
2280 4461 2575 4520 canticum
2614 4464 2734 4521 oris
2772 4465 2864 4523 sui
2903 4472 3139 4526 vertunt
3162 4469 3318 4528 illos.
3346 4493 3377 4525 ιο
3403 4473 3567 4530 Unde

2015 4548 2237 4625 liquet,
2277 4554 2447 4627 quod
2492 4555 2579 4612 illi
2622 4561 2760 4615 sunt
2803 4559 3101 4620 audiendo
3149 4564 3407 4638 curiosi3
3442 4582 3566 4625 non

2014 4641 2291 4704 faciendo
2319 4691 2339 4718 ,
2386 4647 2669 4709 desidiosi
2692 4670 2710 4722 ς
2742 4653 3037 4712 cantando
3065 4696 3087 4725 ,
3132 4658 3562 4718 contumeliosi.

365 4066 564 4121 tamen
613 4066 888 4123 nonnulli
948 4067 1364 4125 meditationes
1426 4084 1564 4126 suas
1616 4074 1912 4144 occupant

368 4156 523 4215 circa
574 4158 740 4217 illam
802 4177 818 4216 ε
872 4176 1015 4217 nam
1064 4176 1498 4237 nonnunquam
1551 4163 1913 4222 meditantur

366 4251 803 4310 immunditiam
853 4254 1058 4327 otiosi,
1108 4256 1470 4315 discordiam
1525 4258 1910 4329 contentiosi,

367 4347 641 4422 rapinam
683 4350 996 4423 negotiosi.
1036 4355 1115 4409 De
1155 4351 1349 4426 primo
1396 4351 1610 4409 dicitur
1632 4354 1653 4389 ⁸
1685 4371 1700 4409 ε
1739 4374 1767 4405 α
1793 4353 1908 4410 lni-

366 4441 653 4514 quitatem
688 4444 1004 4503 meditatus
1032 4450 1118 4503 est
1141 4446 1205 4503 in
1232 4446 1416 4504 cubili
1442 4462 1574 4503 suo.
1603 4467 1632 4500 ιο
1666 4448 1794 4504 Haec
1823 4448 1910 4503 est

364 4533 643 4608 iniquitas
670 4535 1079 4611 immunditiae,
1100 4540 1269 4611 quus
1293 4539 1599 4598 meditatio
1626 4539 1905 4614 frequen-

364 4630 453 4684 ter
486 4629 699 4686 accidit
744 4630 957 4688 otios0.
1002 4635 1080 4689 De
1120 4633 1382 4691 secundo
1412 4634 1435 4669 ⁸
1466 4651 1481 4691 t
1517 4653 1547 4688 α
1576 4634 1685 4703 Qui
1713 4633 1904 4691 medi-

365 4724 518 4779 tatur
573 4722 901 4781 discordias
931 4766 950 4797 ,
990 4725 1181 4798 diligit
1223 4727 1406 4785 rixae.
1449 4748 1479 4782 ιο
1522 4731 1600 4785 De
1638 4727 1807 4786 tertio
1834 4729 1903 4784 ⁶:

370 4834 398 4866 α
432 4815 689 4891 Rapinas
735 4817 1053 4876 meditatur
1094 4836 1262 4878 mens
1303 4837 1545 4891 eorum,
1572 4824 1629 4878 et
1666 4821 1905 4880 fraudes

361 4910 524 4970 labia
554 4928 764 4971 eorum
789 4912 1136 4988 loquuntur.
1167 4936 1197 4972 ιι
1229 4918 1395 4976 Tales
1421 4923 1557 4975 sunt
1581 4917 1904 4992 negotiosi,

363 5005 467 5079 qui
509 5009 786 5083 rapinam
820 5009 1182 5069 meditantur
1214 5013 1278 5070 in
1306 5014 1636 5089 emptione,
1666 5019 1724 5072 et
1747 5013 1906 5073 frau-

2661 4815 2923 4881 Epilogus.

2086 4929 2232 4986 Dicit
2274 4946 2415 5002 ergo
2462 4933 2753 5007 Propheta
2786 4936 2851 4994 in
2889 4952 3147 5012 persona
3183 4940 3521 5013 poenitentis
3542 4986 3561 5013 ,

2012 5022 2268 5081 verbum
2294 5024 2395 5081 Dei
2421 5025 2836 5100 perspicaciter
2864 5029 3314 5106 considerantis,
3335 5037 3398 5093 et
3422 5052 3563 5094 con·

2009 5161 2032 5196 ⁹
2071 5160 2239 5224 Hebr„
2281 5173 2407 5227 xm,
2458 5167 2534 5217 ¹6.
2580 5192 2643 5204 -
2685 5169 2724 5204 ¹⁰
2770 5134 2829 5218 tt=
2855 5169 3111 5235 Paralip..
3157 5184 3351 5239 xxxvi,
3386 5177 3461 5225 ¹6.
3500 5201 3563 5215 --

2014 5234 2048 5268 ¹¹
2085 5233 2223 5295 Luc„
2254 5246 2326 5299 tx,
2357 5238 2436 5286 26.
2462 5262 2528 5274 -
2556 5238 2597 5272 ¹¹
2622 5239 2824 5301 Ezech„
2854 5253 3047 5303 xxxnt,
3075 5245 3155 5294 31.

2073 5313 2142 5377 (α)
2174 5316 2290 5379 Leq.
2323 5315 2550 5368 affatum.
2575 5345 2639 5356 —
2665 5318 2732 5384 (ὁ)
2757 5320 2872 5385 Leq.
2901 5320 3161 5377 affectum.

423 5156 438 5187 ¹
470 5154 579 5220 lob,
607 5169 784 5223 xxvix,
812 5160 862 5210 6.
883 5183 946 5197 -
969 5160 993 5195 ²
1021 5160 1173 5218 Dan..
1200 5173 1282 5223 ix,
1312 5164 1388 5213 ¹8.
1421 5189 1484 5201 —
1508 5165 1531 5200 ³
1561 5163 1760 5224 Ezeek„
1793 5176 1903 5229 xvr,

359 5226 440 5277 27.
459 5252 522 5266 —
546 5228 569 5263 ⁴
589 5229 727 5282 Psal.
754 5242 917 5296 xxxv,
945 5235 993 5282 5.
1015 5257 1078 5270 —
1102 5233 1126 5269 ⁸
1148 5234 1314 5295 Prov„
1336 5246 1470 5297 xvn,
1501 5238 1578 5287 ¹9.
1598 5262 1662 5274 —
1687 5238 1710 5272 θ
1736 5238 1904 5301 Prov„

360 5307 505 5363 mv,
533 5302 582 5352 2.
614 5325 667 5339 -
703 5303 721 5333 ⁷
749 5303 919 5370 Deua,
949 5315 1072 5369 xxv,
1103 5306 1176 5355 19.
1208 5331 1268 5343 —
1296 5304 1320 5340 ⁸
1344 5305 1525 5370 Eccli„
1553 5318 1701 5374 1111,
1730 5310 1812 5360 20.
1845 5335 1898 5346 -
