4196 6294
1363 461 1457 527 ΙΝ·
1486 461 2053 532 HEXAEMERON.
2101 467 2366 537 SERMO
2406 471 2533 537 XX.

339 591 682 676 ruptionis.
722 590 811 657 De
866 592 976 659 illa
1014 596 1289 678 puritate
1330 597 1645 680 scriptum
1684 603 1780 663 est
1811 606 1830 641 ¹
1863 621 1879 666 ι

348 726 380 765 ι
405 701 582 768 Sicut
614 700 963 767 Sol·oriens
988 704 1056 769 in
1085 705 1408 771 altissimis
1435 707 1585 787 Dei,
1617 708 1709 772 sic
1735 727 1882 773 mu·-

338 808 514 876 lieris
552 811 739 876 bonae
778 811 1016 894 species
1053 812 1123 876 in
1164 820 1614 880 ornamentum
1655 816 1884 881 domus

340 936 496 983 suae.
529 940 560 978 ι)
609 917 763 984 Haec
799 905 1097 983 convenit
1135 924 1394 986 aeternae
1422 924 1749 1005 sapientiae
1771 974 1789 1004 ‚
1819 929 1885 990 et

339 1028 538 1093 menti
566 1031 807 1092 aeterna
834 1028 1142 1111 sapientia
1172 1030 1527 1096 illustratae.
1569 1031 1681 1096 Est
1708 1032 1882 1096 enim

339 1134 499 1208 sicut
525 1134 634 1200 Sol
660 1154 845 1218 pura,
873 1136 1030 1219 quia
1057 1136 1163 1201 Sol
1187 1156 1318 1202 non
1345 1142 1441 1202 est
1462 1139 1649 1203 altior
1672 1141 1879 1203 omni-

338 1240 460 1306 bus
478 1241 747 1325 planetis
771 1243 1088 1324 localiter3
1117 1245 1227 1309 sed
1253 1245 1360 1310 Sol
1390 1246 1625 1311 dicitur
1649 1248 1882 1311 altissi-

334 1368 484 1414 mus
510 1350 756 1414 ratione
800 1351 1128 1416 altissimae
1174 1353 1501 1434 puritatiS,
1545 1355 1883 1420 activitatis

335 1460 400 1522 et
426 1457 900 1523 luminositatis,
949 1457 1128 1524 Unde
1167 1464 1260 1523 est
1295 1461 1648 1526 secundum
1686 1461 1880 1527 Isido-

334 1582 484 1629 rum
546 1564 652 1631 Sol
697 1565 879 1646 quasi
928 1564 1100 1633 solus
1155 1567 1392 1633 lucens.
1436 1567 1589 1632 Haec
1631 1569 1879 1651 sapien-

335 1673 427 1737 tia
488 1678 583 1738 est
659 1680 901 1739 aeterna
922 1722 941 1755 ,
1008 1694 1156 1758 quae
1214 1679 1237 1712 ²
1301 1699 1331 1737 α
1389 1677 1629 1760 ubique
1685 1679 1883 1742 attin-

334 1782 439 1862 git
462 1787 721 1867 propter
757 1801 943 1855 suam
971 1785 1381 1850 munditiam.
1408 1808 1439 1846 ι)
1468 1785 1884 1869 comparatur

331 1892 548 1954 autem
590 1890 847 1955 mulieri
883 1892 1109 1971 bonae,
1152 1911 1285 1957 non
1325 1898 1585 1976 propter
1624 1894 1882 1978 aliquod

334 1995 579 2061 foedum
594 2046 613 2077 ‚
643 1998 755 2063 sed
794 1998 1041 2064 ratione
1079 2000 1510 2093 foecunditatis
1549 2002 1629 2067 ad
1663 2001 1880 2066 conci-

334 2103 664 2185 piendum,
706 2105 1209 2187 producendum,
1262 2108 1642 2190 pariendum
1687 2109 1876 2192 quid-

333 2210 485 2291 quid
512 2216 606 2275 est
642 2212 721 2275 de
760 2213 1175 2278 universitate
1209 2214 1434 2296 legum
1467 2220 1530 2279 et
1555 2216 1881 2298 exempla-

332 2317 528 2382 rium.
560 2318 793 2383 Omnes
818 2320 992 2384 enim
1019 2321 1297 2386 rationes
1316 2322 1763 2403 concipiuntur
1790 2324 1871 2387 ab

333 2430 572 2489 aeterno
627 2426 699 2490 in
764 2425 961 2491 vulva
1011 2430 1270 2493 aeternae
1333 2429 1656 2511 sapientiae
1682 2479 1702 2509 ,
1759 2450 1876 2496 seu

333 2536 543 2613 utero,
590 2536 654 2597 et
695 2534 977 2598 maxime
1019 2535 1619 2616 praedestinationis.
1659 2536 1873 2618 Unde,

332 2639 483 2723 quia
535 2640 615 2715 ab
670 2644 911 2706 aeterno
965 2642 1241 2709 rationes
1294 2645 1871 2728 praedestinationis

330 2751 651 2832 concepit,
693 2769 826 2816 non
870 2757 1075 2833 potest
1112 2772 1229 2817 nos
1272 2773 1406 2819 non
1446 2756 1714 2839 diligere
1748 2779 1763 2822 :
1814 2762 1881 2822 et

330 2857 496 2922 sicut
540 2857 621 2921 ab
663 2864 906 2925 aeterno
956 2862 1283 2945 concepit,
1336 2863 1427 2927 sic
1471 2864 1542 2928 iu
1593 2868 1879 2948 tempore

327 2965 674 3047 produxit,
715 2966 852 3032 sive
888 2970 1172 3052 peperit,
1207 2976 1269 3035 et
1318 2976 1535 3055 postea
1570 2972 1642 3036 in
1685 2992 1876 3040 carne

326 3072 622 3156 patiendo
650 3075 1013 3156 parturivit.
1045 3075 1124 3140 Et
1159 3077 1273 3160 qui
1308 3083 1512 3161 potest
1537 3079 1659 3144 hoc
1683 3082 1871 3147 intel-

329 3178 561 3261 ligere,
594 3182 933 3267 intelligit‚
976 3190 1039 3250 et
1078 3187 1271 3252 habet
1306 3188 1680 3253 altissimam
1721 3210 1872 3256 con-

328 3288 830 3371 templationem.
897 3292 1007 3357 Est
1063 3312 1221 3376 ergo
1274 3295 1414 3360 haec
1461 3297 1876 3365 consideratio

328 3393 503 3459 illius
550 3395 699 3461 Esse
748 3400 1081 3481 purissimi
1114 3403 1581 3485 :purissimum
1632 3411 1871 3486 autem,

329 3501 484 3584 quia
532 3503 1078 3588 simplicissimum
1113 3531 1127 3573 ε
1179 3510 1720 3593 simplicissimum
1765 3533 1878 3578 au-

328 3612 485 3687 tem,
515 3612 669 3692 quia
690 3630 943 3678 summe
965 3633 1196 3679 unum.
1224 3616 1371 3681 Ideo
1398 3618 1634 3683 dicitur
1657 3619 1872 3699 Israel,

328 3717 471 3782 viro
501 3719 993 3802 contemplativo
1016 3723 1068 3785 ⁸:
1096 3745 1126 3782 <x
1157 3723 1365 3803 Audi,
1397 3724 1587 3789 Israel
1608 3774 1626 3805 ,
1657 3725 1871 3790 Domi-

326 3843 455 3890 nus
480 3825 649 3891 Deus
689 3832 844 3892 tuus
885 3848 1056 3893 unus
1098 3835 1213 3894 est.
1255 3853 1286 3890 n
1326 3830 1627 3898 Similiter
1658 3835 1876 3899 anima

327 3934 822 4017 contemplativa
861 3936 1246 4018 intelligitur
1283 3957 1399 4021 per
1439 3941 1775 4006 mulierem
1803 3943 1876 4005 il-

324 4042 482 4107 lam.
515 4041 593 4106 Et
619 4042 920 4107 dicuntur
940 4044 1174 4109 animae
1193 4049 1701 4131 contemplativae
1725 4051 1873 4115 flliae

325 4148 762 4229 Hierusalem,
810 4151 964 4232 quia
1011 4151 1311 4217 formosae
1329 4201 1348 4232 ,
1405 4154 1737 4222 foecundae.
1797 4157 1877 4223 Et

324 4257 689 4321 formositas
716 4263 811 4321 est
835 4258 1214 4323 foecunditas
1233 4308 1250 4339 ‚
1282 4261 1435 4341 quia
1462 4267 1702 4345 quanto
1729 4266 1875 4348 plus

325 4364 693 4446 concipiunt
729 4363 1008 4443 lumina,
1050 4368 1227 4429 tanto
1266 4366 1671 4434 formosiores
1699 4377 1868 4435 sunt.

326 4471 508 4537 Unde
537 4472 560 4505 ⁸
593 4492 610 4536 ι
645 4495 675 4533 α
702 4472 877 4537 Beati
905 4473 1147 4537 mundo
1176 4475 1384 4556 corde,
1417 4478 1722 4558 quoniam
1754 4479 1873 4562 ipsi

326 4579 532 4644 Deum
563 4579 896 4644 videbunt.
933 4603 963 4639 »
997 4579 1173 4645 Unde
1198 4600 1312 4664 per
1338 4584 1710 4664 puritatem,
1742 4604 1876 4651 non

325 4688 644 4753 rationem
662 4737 677 4768 ,
721 4692 967 4770 oportet
1006 4706 1125 4752 nos
1167 4689 1429 4754 introire
1477 4691 1546 4753 in
1590 4695 1874 4756 contem-

325 4796 695 4880 plationem.
730 4795 809 4859 Et
836 4794 979 4858 ideo
1007 4795 1028 4830 ⁸
1061 4818 1092 4855 α
1133 4814 1282 4859 cum
1312 4797 1710 4880 simplicibus
1737 4819 1870 4866 ser-

326 4904 670 4968 mocinatio
699 4905 753 4984 ej
764 4920 840 4967 us
858 4948 877 4981 ,
908 4923 940 4960 ι)
976 4903 1088 4984 qui
1116 4903 1356 4968 habent
1386 4911 1629 4970 mentes
1655 4927 1870 4990 puraS‚

325 5029 461 5076 non
526 5015 876 5075 excaecatas
944 5015 1204 5092 propter
1272 5013 1579 5078 malitiam
1648 5034 1876 5098 super-

329 5117 716 5183 venientem.
750 5115 1006 5180 Animae
1046 5134 1204 5198 ergo
1232 5136 1378 5201 quae
1407 5125 1555 5185 sunt
1578 5123 1875 5190 formosae

329 5228 396 5289 et
421 5224 733 5289 foecundae
747 5270 769 5304 ,
814 5223 1115 5288 dicuntur
1151 5222 1301 5288 ffliae
1341 5224 1739 5294 Hierusalem
1758 5279 1779 5311 ,
1814 5236 1878 5296 et

402 5389 416 5416 ¹
442 5385 599 5448 Ecca,
628 5398 774 5450 xxvi,
802 5388 883 5436 21.
907 5410 968 5423 -
997 5386 1021 5420 ⁸
1044 5387 1181 5450 Sap„
1220 5397 1314 5450 vn,
1343 5389 1422 5437 24.
1446 5414 1510 5426 -
1540 5389 1563 5424 ⁸
1595 5390 1765 5454 Dent„
1802 5405 1874 5458 vr,

332 5458 381 5507 4.
417 5483 472 5494 —
513 5457 534 5492 ⁸
571 5457 773 5521 Malta„
810 5467 863 5521 v,
894 5458 944 5507 8.
970 5481 1032 5495 -
1065 5460 1087 5495 ⁸
1116 5459 1285 5519 Prov„
1311 5469 1407 5516 m,
1437 5462 1518 5511 32.
1545 5485 1607 5501 -
1645 5463 1666 5494 ⁸
1694 5463 1877 5527 Eccli„

3423 500 3539 562 {27

1988 603 2441 687 intelliguntur
2469 625 2584 690 per
2610 609 2811 676 solem
2829 615 3077 683 ratione
3101 621 3536 713 formositatis,

1989 728 2104 792 per
2127 712 2461 778 mulierem
2478 715 2724 782 ratione
2741 718 3192 796 foecunditatis
3218 731 3532 820 SecundO,

1990 815 2125 881 Soli
2158 827 2563 904 comparatur
2601 831 2860 909 propter
2900 832 3221 915 fulgorem
3255 843 3535 929 limpidi-

1988 925 2135 988 tatis
2166 927 2506 1007 praeclarae.
2541 928 2658 994 Ubi
2687 938 2897 1027 major
2923 940 3173 1025 fulgor,
3215 947 3307 1013 ibi
3332 955 3541 1035 major

1988 1033 2242 1097 claritas
2279 1040 2342 1099 et
2381 1035 2753 1120 limpiditas3
2788 1045 2957 1111 unde
2986 1049 3055 1112 in
3095 1054 3538 1129 Ecclesiastico

1989 1138 2265 1203 dicitur⁸
2304 1160 2321 1206 z
2364 1164 2394 1202 α
2440 1143 2548 1208 Sol
2590 1146 2961 1218 illuminans
3001 1176 3116 1239 per
3160 1166 3377 1231 omnia
3402 1187 3535 1233 res-

1988 1248 2205 1329 pexit,
2251 1253 2314 1314 et
2359 1251 2568 1332 gloria
2619 1255 2873 1324 Domini
2923 1264 3188 1346 plenum
3231 1279 3327 1338 est
3378 1294 3538 1360 opus

1988 1356 2154 1435 ejus,
2184 1379 2215 1416 »
2258 1356 2435 1423 Unde
2471 1359 2820 1443 Gregorius
2849 1372 2871 1407 ⁷
2907 1391 2922 1434 z
2972 1395 3003 1432 α
3039 1371 3206 1451 Quid
3234 1384 3328 1445 est
3366 1385 3538 1466 quod

1986 1478 2120 1525 non
2146 1463 2440 1545 videant,
2471 1468 2586 1549 qui
2613 1470 2935 1539 videntem
2961 1481 3180 1548 omnia
3205 1486 3467 1554 vident?
3495 1514 3525 1552 n

1992 1567 2229 1634 Anima
2254 1572 2423 1636 beati
2455 1573 2770 1642 Benedicti
2793 1580 2962 1648 bene
2991 1587 3116 1652 fuit
3143 1597 3537 1679 contempla-

1986 1676 2151 1758 tiva,
2192 1679 2303 1759 qui
2331 1683 2541 1745 totum
2565 1688 2884 1753 mundum
2909 1692 3068 1758 vidit
3093 1695 3161 1759 in
3191 1718 3321 1765 uno
3357 1705 3536 1771 radio

1988 1784 2160 1849 solis..
2189 1784 2331 1850 Non
2359 1788 2638 1854 multum
2666 1794 2996 1862 studuerat
3014 1800 3171 1885 ipse,
3200 1824 3318 1872 nec
3334 1808 3535 1877 libros

1985 1890 2285 1973 habebat,
2317 1895 2471 1976 quia
2507 1896 2642 1979 ipse
2668 1899 3103 1973 decimotertio
3130 1930 3302 1979 anno
3345 1935 3535 1983 mun·

1988 1998 2145 2063 dum
2200 2001 2563 2085 dimiserat,
2624 2011 2688 2070 et
2741 2008 3029 2079 latitabat
3083 2017 3253 2085 inter
3302 2024 3539 2093 fruteta

1987 2125 2138 2171 cum
2167 2109 2293 2173 illis
2325 2111 2564 2194 bestiiS,
2600 2116 2764 2181 sicut
2798 2139 2929 2185 una
2953 2124 3108 2190 fera.
3142 2127 3319 2196 Unde
3345 2135 3537 2200 etiam

1987 2221 2276 2296 pastores
2320 2221 2732 2289 crediderunt
2787 2245 2939 2292 eum
2984 2233 3209 2301 feram.
3263 2238 3342 2304 Et
3386 2243 3537 2310 dicit

1988 2321 2339 2405 Gregorius
2384 2350 2399 2391 ε
2459 2352 2490 2388 α
2529 2330 2809 2397 Mundus
2870 2355 3001 2402 non
3057 2341 3177 2408 fuit
3223 2364 3536 2431 coangus-

1985 2434 2155 2495 tatus
2191 2433 2259 2496 in
2302 2454 2435 2501 uno
2481 2439 2660 2504 radio
2701 2443 2851 2507 solis
2872 2467 2888 2524 ;
2933 2448 3045 2513 sed
3093 2453 3235 2533 ejus
3278 2457 3535 2523 animus

1985 2540 2282 2606 dilatatus
2303 2590 2322 2620 ‚
2378 2545 2534 2628 quia
2578 2549 2736 2613 vidit
2785 2555 3004 2620 omnia
3067 2557 3135 2621 in
3185 2561 3294 2626 illo
3348 2567 3535 2648 cujus

1986 2649 2434 2729 magnitudine
2464 2655 2675 2719 omnis
2703 2665 2992 2727 creatura
3016 2673 3298 2747 angusta
3323 2677 3439 2751 est,
3472 2678 3536 2737 et

1990 2773 2206 2836 parva,
2229 2762 2292 2821 et
2321 2759 2586 2825 modica.
2609 2784 2639 2821 n
2676 2763 2779 2828 Sic
2801 2768 2976 2833 enim
3004 2771 3093 2835 ait
3122 2772 3441 2856 Sapientia
3469 2784 3526 2842 ⁸:

1993 2882 2025 2921 α
2050 2860 2444 2930 Momentum
2477 2873 2731 2937 staterae
2766 2880 2863 2939 est
2910 2882 3057 2943 ante
3107 2883 3170 2944 te
3220 2883 3393 2947 orbis
3406 2933 3428 2965 ,
3472 2892 3536 2951 et

1984 2967 2151 3033 sicut
2174 2978 2358 3053 gutta
2385 2976 2548 3039 roris
2575 2979 2953 3048 antelucani.
2975 3007 3006 3045 n
3029 2986 3108 3052 Et
3132 2989 3281 3053 alibi
3308 2992 3387 3056 de
3413 2994 3535 3059 hac

1985 3079 2405 3160 praeclaritate
2427 3084 2662 3152 dicitur
2687 3093 2709 3128 ⁹
2741 3111 2756 3153 :
2796 3114 2827 3152 «
2854 3091 2966 3159 Est
2990 3096 3166 3161 enim
3192 3100 3535 3182 speciosior

1985 3188 2147 3270 sole,
2180 3197 2244 3255 et
2274 3210 2469 3276 super
2502 3215 2763 3263 omnem
2799 3201 3277 3284 dispositionem
3318 3211 3532 3275 stella-

1983 3315 2132 3361 rum
2151 3298 2277 3362 luci
2292 3309 2678 3386 comparata,
2695 3306 3023 3375 invenitur
3036 3313 3213 3395 prior
3226 3316 3304 3398 (a)
3315 3339 3367 3380 ,ιι
3385 3316 3538 3384 Con-

1983 3405 2212 3484 sidera,
2245 3410 2418 3490 quod
2442 3411 2510 3475 in
2538 3414 2753 3479 anima
2779 3421 3266 3503 contemplativa
3298 3426 3532 3492 descri-

1984 3513 2161 3579 bitur
2221 3517 2560 3584 universus
2591 3522 2794 3603 orbiS,
2853 3528 2917 3590 et
2963 3529 3230 3611 quilibet
3273 3533 3533 3614 spiritus

1983 3621 2254 3685 coelestis
2274 3671 2290 3700 ,
2322 3625 2435 3707 qui
2475 3627 2544 3690 in
2586 3645 2653 3692 se
2688 3630 2882 3696 habet
2908 3633 3298 3719 descriptum
3326 3644 3532 3707 totum

1983 3728 2228 3793 orbem.
2275 3731 2663 3800 Describitur
2701 3738 2892 3802 etiam
2937 3741 3152 3807 radius
3196 3751 3534 3829 supersub-

1983 3836 2323 3916 stantialis,
2355 3839 2470 3920 qui
2512 3845 2574 3904 et
2600 3842 2978 3909 universum
3009 3848 3272 3933 orbem,
3303 3859 3367 3919 et
3392 3857 3534 3920 uni-

1983 3959 2244 4007 versum
2280 3944 2575 4026 spirltum
2621 3952 2920 4016 continet.
2967 3953 3140 4037 Ergo
3191 3959 3261 4023 in
3317 3962 3533 4028 anima

1984 4051 2479 4132 contemplativa
2524 4056 2689 4120 mira
2733 4063 2883 4123 sunt
2928 4061 3216 4144 lumina,
3261 4073 3325 4132 et
3369 4071 3533 4135 mira

1983 4155 2417 4238 pulchritudo.
2451 4159 2559 4226 Sic
2585 4181 2745 4246 ergo
2772 4169 3057 4235 mundus
3082 4172 3351 4254 pulcher
3373 4183 3468 4240 est
3492 4195 3532 4242 a

1984 4281 2240 4329 summo
2271 4266 2351 4330 ad
2387 4267 2594 4333 imum
2618 4319 2634 4351 ,
2676 4272 2758 4336 ab
2788 4274 2969 4342 initio
3009 4278 3090 4343 ad
3118 4281 3316 4347 finem
3347 4303 3362 4344 ε
3397 4284 3533 4349 des-

1984 4370 2225 4453 criptus
2252 4373 2322 4436 in
2354 4359 2571 4441 anima
2594 4379 2743 4445 facit
2768 4384 3101 4465 speculum
3116 4434 3137 4465 ,
3176 4394 3240 4452 et
3264 4389 3533 4472 quilibet

1982 4479 2249 4560 spiritus
2289 4485 2383 4546 est
2421 4485 2751 4566 speculum
2779 4505 2797 4551 τ
2827 4495 2893 4553 et
2940 4492 3029 4556 sic
3065 4494 3136 4557 in
3171 4496 3387 4560 anima
3436 4501 3532 4560 est

1985 4586 2151 4650 mira
2192 4593 2656 4670 numerositaS,
2700 4614 2994 4663 summus
3038 4600 3229 4678 ordo,
3271 4620 3528 4668 summa

1984 4695 2557 4776 proportionalitas
2600 4698 2875 4773 Pulchra
2918 4721 3078 4787 ergo
3113 4713 3208 4772 est
3234 4727 3533 4775 numero-

1984 4799 2141 4862 sitas
2179 4801 2560 4885 spirituum,
2609 4808 2762 4889 quia
2794 4810 3043 4892 quoties
3082 4814 3150 4878 in
3190 4815 3406 4881 anima
3441 4819 3533 4883 sic

1986 4906 2225 4971 relucet
2268 4911 2551 4990 cognitio
2606 4915 2777 4979 orbis
2821 4921 3140 4985 terrarum
3161 4969 3182 5000 ‚
3232 4928 3296 4987 et
3342 4925 3533 5008 spiri-

1985 5016 2175 5078 tuum
2203 5014 2521 5081 bonorum
2550 5067 2567 5099 ,
2599 5025 2662 5084 et
2687 5023 2845 5087 radii
2872 5028 3527 5113 supersubstantialeS,

1984 5121 2171 5185 toties
2199 5122 2268 5185 in
2302 5140 2377 5186 ea
2414 5128 2510 5189 est
2539 5126 2703 5192 mira
2738 5131 3119 5213 refulgentia
3149 5154 3166 5200 z
3208 5141 3383 5203 etex
3408 5140 3532 5206 hoc

1985 5232 2081 5292 est
2112 5251 2144 5290 α
2161 5230 2504 5312 speciosior
2520 5234 2718 5300 sole.»
2741 5236 2980 5304 Rursus
3000 5242 3242 5326 radius,
3255 5248 3368 5330 qui
3385 5266 3533 5314 con·

1986 5405 2117 5458 1211,
2143 5395 2218 5446 ¹6.
2238 5420 2303 5433 -
2325 5394 2348 5430 '¹
2367 5396 2545 5462 Greg..
2572 5398 2729 5460 Dial„
2750 5399 2843 5451 lib.
2866 5402 2952 5465 lv,
2978 5417 3025 5455 c.
3050 5417 3242 5462 xxxin.
3261 5436 3323 5448 —
3342 5411 3367 5447 ⁸
3383 5413 3532 5477 Sap..

1985 5479 2061 5530 ιι,
2089 5469 2168 5518 23.
2198 5495 2259 5506 -
2287 5469 2308 5499 ⁸
2342 5467 2486 5534 Sap„
2515 5481 2610 5533 vn,
2636 5473 2717 5522 29.
2750 5498 2812 5510 -
2845 5474 2917 5539 (α)
2946 5475 3032 5528 ΔΙ.
3063 5482 3260 5542 purior.
