4196 6294
1580 421 1948 490 PSALMUS
1990 421 2255 489 cxvm.

310 563 614 624 hominem
650 562 732 620 ad
767 561 1045 636 seipsum.
1087 563 1166 619 De
1204 557 1469 618 secundo
1497 558 1517 593 ¹
1559 577 1575 616 ι
1620 578 1651 612 ιι
1674 562 1858 617 Bene·

312 657 596 735 placitum
619 659 706 715 est
729 655 981 714 Domino
1020 654 1170 712 fides
1197 658 1254 712 et
1281 651 1699 725 mansuetudo,
1729 674 1759 708 >v
1793 652 1858 710 id

314 756 427 824 est,
454 751 606 810 nulli
633 765 847 808 nocere
896 748 1055 807 dicto
1094 748 1193 807 vel
1229 747 1406 806 facto.
1452 746 1625 805 Fides
1663 747 1853 818 enim,

312 850 453 906 teste
478 845 667 904 Tullio
689 848 735 915 ¹,
763 848 849 902 est
873 843 1198 902 constantia
1215 841 1277 899 in
1303 839 1514 913 verbo,
1547 857 1684 915 quas
1706 840 1861 898 nulli

311 943 487 999 nocet
512 940 701 1010 dicto;
729 937 1126 997 mansuetudo
1148 951 1291 994 vero
1311 951 1436 994 non
1462 937 1636 993 nocet
1660 934 1853 993 facto:

313 1050 448 1093 ecce
476 1033 748 1092 divinum
773 1031 1213 1107 beneplacitum
1240 1029 1526 1089 ordinans
1552 1028 1861 1087 hominem

313 1129 393 1187 ad
420 1127 782 1203 proximum.
814 1129 891 1184 De
921 1126 1091 1184 tertio
1114 1127 1135 1160 ³
1165 1146 1182 1182 ε
1219 1143 1248 1178 α
1289 1123 1453 1195 Filii,
1483 1121 1719 1181 obedite
1746 1137 1858 1196 pa-

312 1222 576 1282 rentibus
595 1237 704 1297 per
727 1219 931 1280 omnia
942 1239 962 1290 3
993 1219 1108 1278 hoc
1131 1218 1291 1277 enim
1313 1216 1753 1292 beneplacitum
1777 1219 1862 1274 est

314 1316 561 1376 Domino
593 1335 607 1374 ε
638 1336 669 1370 u
711 1314 880 1390 quod
924 1315 1190 1390 accipere
1237 1329 1589 1388 possumus,
1625 1315 1743 1370 tam
1786 1312 1860 1372 de

311 1409 657 1486 parentibus
678 1408 1039 1481 carnalibus,
1060 1423 1242 1483 quam
1260 1406 1662 1481 spiritualibus
1684 1425 1701 1463 ε
1725 1422 1859 1465 eece

315 1509 583 1569 divinum
624 1507 1061 1583 beneplacitum
1104 1505 1389 1564 ordinans
1432 1505 1740 1564 hominem
1781 1505 1862 1564 ad

314 1602 643 1677 praelatum.

804 1749 1085 1806 articulus
1123 1752 1372 1822 quartus.

387 1886 477 1943 Ad
505 1887 783 1960 quartum
810 1885 1065 1959 spectat,
1092 1882 1261 1957 quod
1285 1884 1465 1940 restat
1493 1900 1509 1939 ε
1540 1885 1613 1938 Et
1643 1881 1864 1952 ,iudicia

320 1985 416 2038 tua
443 1979 568 2036 doce
593 1994 707 2045 me,
739 1977 1143 2051 adJudicando
1185 1977 1332 2035 mihi
1377 1991 1660 2035 coronam
1691 1976 1862 2048 ,iusti-

320 2074 430 2132 tioe.
460 2075 587 2131 Haee
608 2072 834 2145 judicia
859 2075 999 2130 tune
1040 2071 1350 2141 docentur,
1393 2086 1531 2128 eum
1572 2069 1863 2127 mercedis

317 2167 536 2226 fiducia
562 2183 671 2242 per
697 2166 931 2241 privata
951 2165 1178 2239 judicia
1213 2164 1495 2223 divinitus
1531 2163 1861 2223 exhibetur.

318 2265 384 2321 Et
417 2264 588 2332 nota,
633 2261 802 2337 quod
844 2261 1086 2336 praefata
1119 2259 1346 2340 judicia
1389 2263 1525 2317 sunt
1558 2257 1863 2332 jucunda,

317 2356 574 2427 munda,
605 2358 662 2413 et
686 2353 1005 2429 profunda.
1049 2355 1238 2422 Quare
1259 2352 1567 2425 jncunda?
1608 2353 1751 2427 quia
1789 2352 1865 2411 de

316 2449 610 2508 felicitate.
657 2451 848 2518 Quare
885 2446 1150 2504 munda?
1186 2446 1335 2515 Quia
1369 2445 1495 2503 sine
1536 2445 1862 2519 iniquitate.

317 2545 506 2613 Quare
532 2540 871 2616 profunda?
901 2540 1050 2609 Quia
1076 2557 1151 2598 ex
1191 2538 1589 2613 investigabili
1628 2539 1861 2613 pietate.

318 2641 395 2695 De
423 2636 619 2712 primo
639 2636 697 2692 ⁸:
733 2653 765 2690 a
788 2635 936 2704 Quia
958 2634 1185 2709 judicia
1205 2639 1310 2693 tua
1332 2633 1617 2707 iucunda.
1643 2654 1670 2688 n
1700 2634 1869 2702 Quoe-

318 2729 833 2803 namJueundiora
850 2728 1097 2802 judicia,
1129 2745 1311 2803 quam
1338 2728 1574 2786 felicem
1586 2727 1864 2801 jucundi-

318 2831 496 2886 tatem
524 2830 580 2883 et
596 2825 927 2899 jucundam
950 2822 1290 2883 felicitatem
1318 2822 1758 2896 adjudicantis?
1788 2825 1865 2879 De

320 2919 583 2978 secundo
612 2920 632 2955 ⁸
662 2939 677 2977 z
726 2938 758 2974 α
783 2919 1089 2991 Cognovi,
1129 2918 1406 2988 Domine,
1446 2915 1589 2991 quia
1622 2915 1867 2990 oequitas

314 3013 544 3087 judicia
568 3017 668 3071 tua
699 3033 713 3071 :
757 3033 786 3069 n
827 3011 934 3071 ubi
963 3015 1159 3071 autem
1186 3015 1376 3070 totum
1411 3014 1662 3085 occupat
1684 3008 1868 3084 oequi-

319 3112 431 3181 tas,
458 3107 693 3167 nullum
717 3108 901 3169 habet
925 3107 1127 3166 locum
1152 3106 1449 3182 iniquitas.
1488 3108 1564 3164 De
1604 3106 1775 3165 tertio
1804 3107 1865 3165 in

320 3203 440 3262 alio
495 3202 766 3276 psallitur
805 3203 943 3261 loco
986 3204 1008 3237 ⁸
1054 3221 1068 3259 ε
1120 3222 1148 3255 α
1186 3200 1416 3260 Iudicia
1465 3204 1568 3259 tua
1615 3200 1866 3274 abyssus

318 3296 523 3355 multa.
551 3317 580 3351 n
615 3296 670 3354 Si
706 3295 978 3371 abyssus,
1011 3294 1164 3370 quid
1186 3293 1579 3369 profundius?
1615 3294 1664 3351 si
1687 3294 1864 3369 abys-

318 3408 416 3450 sus
469 3391 685 3463 multa,
742 3389 894 3465 quid
944 3388 1413 3461 investigabilius
1463 3388 1863 3462 profunditate

318 3484 637 3559 praedicta?
654 3484 807 3555 Quid
834 3484 938 3543 illa
964 3483 1178 3559 pietate
1203 3482 1578 3557 profundiuS‚
1606 3482 1753 3557 quid
1780 3482 1866 3539 in-

319 3579 740 3653 vestigabilius,
770 3594 892 3654 qua
914 3579 1235 3636 damnatur
1259 3576 1507 3648 vanitas,
1531 3580 1595 3635 ut
1608 3576 1866 3633 salvetur

318 3673 570 3732 veritas?

959 3743 1218 3809 Epilogus.

387 3861 478 3920 Ait
494 3877 639 3936 ergo
663 3861 971 3936 Propheta,
987 3864 1275 3936 tanquam
1290 3872 1547 3933 persona
1566 3855 1862 3915 desiderio

317 3954 660 4014 desiderans
703 3953 1040 4013 charitative
1088 3952 1406 4027 disponere
1444 3949 1802 4026 proferenda
1842 3968 1857 4007 ε

322 4050 682 4117 Voluntaria,
728 4052 1018 4124 quantum
1061 4047 1141 4106 ad
1186 4044 1517 4121 composita
1562 4043 1858 4118 studiose3

322 4142 447 4201 Oris
471 4146 595 4213 naci,
626 4147 912 4218 quantum
938 4143 1018 4201 ad
1045 4142 1172 4217 ipsa
1200 4140 1505 4215 proposita
1529 4138 1859 4211 fructuose3

318 4237 663 4308 Beneplaet’ta
702 4241 816 4310 tac,
848 4240 1090 4308 Domine,
1124 4237 1415 4309 quantum
1443 4233 1523 4291 ad
1551 4232 1658 4292 illa
1682 4249 1861 4307 repo-

317 4328 430 4386 sita
455 4330 743 4403 gratiose;
786 4334 861 4389 Et
892 4332 1110 4403 judicia
1148 4336 1245 4386 tua
1283 4329 1408 4386 doce
1440 4345 1542 4401 me,
1571 4331 1862 4402 quantum

318 4422 398 4480 ad
424 4439 635 4482 eorum
660 4423 902 4499 praemia
926 4423 1186 4498 reposita
1214 4422 1491 4495 gloriose.

851 4644 1182 4690 mucul-118
1209 4646 1337 4688 1111.

391 4804 515 4860 109.
536 4806 736 4859 Anima
752 4818 870 4860 mea
889 4806 948 4859 in
959 4803 1214 4859 manibus
1239 4805 1396 4871 meis,
1421 4804 1529 4859 etc.
1548 4799 1863 4870 Quomodo

318 4893 476 4953 lucet
499 4896 750 4954 charitas
774 4895 930 4953 viam
963 4893 1256 4952 moralem
1286 4892 1683 4969 disponendo,
1710 4908 1862 4966 qua·

320 4989 609 5048 ternarius
632 4989 797 5063 prior
824 4987 1084 5046 distinxit
1093 5006 1113 5061 3
1145 4987 1400 5061 qualiter
1439 4989 1637 5045 autem
1684 4985 1860 5058 lucet,

320 5082 502 5143 vitam
527 5083 840 5143 mortalem
894 5081 1275 5158 exponendo,
1329 5080 1740 5157 quaternarius
1764 5080 1862 5138 hic

384 5233 399 5265 ¹
429 5233 676 5296 aoe1;.,1‚
704 5233 896 5285 sta-¹
923 5231 1048 5296 oio„
1073 5196 1138 5283 αι’
1161 5230 1327 5297 offic„
1349 5231 1438 5282 lib.
1467 5231 1504 5282 1.
1525 5257 1587 5269 -
1614 5231 1633 5262 ³
1656 5229 1862 5296 cozoss„

325 5313 411 5366 ιιι,
440 5307 518 5356 20.
552 5331 616 5342 -—
653 5305 676 5340 δ
704 5303 836 5356 Psal.
866 5304 994 5369 hoc,
1022 5306 1097 5356 39.
1131 5331 1195 5342 -
1230 5305 1248 5334 ⁵
1278 5303 1429 5361 thid„
1467 5306 1546 5354 75.
1578 5329 1638 5340 —
1677 5305 1697 5334 ⁸
1723 5301 1860 5352 Psal.

322 5386 479 5439 xxxv,
507 5378 553 5427 7.
583 5403 646 5415 —
672 5378 690 5408 ²
718 5376 921 5441 Manli„
948 5386 1056 5440 xv1‚
1082 5377 1162 5427 25.
1195 5399 1257 5413 --
1289 5375 1312 5411 ⁸
1331 5372 1499 5441 Pron„
1528 5387 1689 5439 xvm,
1721 5378 1768 5427 8.
1804 5401 1857 5411 --

3397 429 3516 489 457

1968 556 2291 630 distinguit.
2321 554 2583 616 Charitas
2609 571 2825 629 nempe
2853 555 3033 613 vitam
3054 554 3193 615 iacit
3220 572 3517 633 exponere

1965 668 2077 728 pro
2105 650 2249 709 fidei
2267 650 2656 721 confessione,
2680 666 2790 725 pro
2808 649 3075 725 perfidiae
3095 650 3515 728 confutatione,

1967 761 2077 820 pro
2108 745 2532 804 mandatorum
2558 744 3025 817 conservatione,
3053 748 3182 820 Tpro
3236 747 3519 807 consilio-

1966 856 2103 898 rum
2133 838 2662 909 consummatione,
2689 838 2839 896 sicut
2862 840 3032 897 tenor
3060 855 3340 899 versuum
3374 857 3519 915 qua-

1967 936 2105 992 tuor
2157 932 2386 991 disscrit
2438 933 2786 990 successive.
2844 932 3072 990 Primus
3135 949 3341 993 versus
3378 936 3516 994 arti-

1969 1027 2172 1084 culum
2226 1027 2485 1101 primum
2542 1024 2829 1097 edisserit,
2886 1025 3033 1083 dum
3100 1026 3249 1101 quid
3303 1027 3368 1085 in
3411 1029 3517 1089 tali

1970 1120 2217 1179 articulo
2240 1119 2313 1178 sit
2333 1119 2727 1194 perdendum,
2762 1122 2819 1177 et
2846 1119 2994 1193 quid
3036 1120 3518 1196 custodiendum,

1968 1212 2176 1289 aperit.
2208 1214 2358 1272 Sane
2386 1213 2636 1271 carnalis
2661 1212 2783 1270 vita
2810 1228 2935 1271 non
2961 1214 3359 1274 custodienda
3407 1220 3517 1289 est,

1968 1310 2076 1368 sed
2098 1308 2425 1384 perdenda.
2457 1307 2781 1384 spiritualis
2828 1311 3028 1366 autem
3054 1310 3177 1367 vita
3223 1326 3346 1368 non
3386 1327 3517 1385 per-

1971 1402 2171 1461 denda
2190 1406 2295 1474 est,
2316 1402 2420 1461 sed
2449 1401 2858 1459 custodienda.
2882 1403 3129 1474 Quaeris,
3153 1420 3276 1478 quo
3292 1404 3518 1464 modo?

1970 1496 2231 1555 carnalis
2256 1497 2378 1554 vita
2408 1495 2734 1558 custoditur
2760 1496 3088 1570 parcendo,
3120 1496 3388 1571 perditur
3413 1515 3520 1573 pa-

1970 1591 2205 1662 tiend03
2277 1589 2595 1666 spiritualis
2660 1589 2784 1647 vita
2842 1589 3112 1663 perditur
3185 1589 3518 1662 diffitendo,

1972 1686 2298 1745 custoditur
2330 1685 2577 1744 firmiter
2604 1683 2964 1743 confitendO.

2471 1846 2754 1903 Articulus
2783 1849 3019 1918 primus.

2044 1974 2354 2032 carnalem
2430 1974 2614 2032 vitam
2698 1976 3195 2035 contemnendam
3276 1980 3521 2052 propter

1973 2072 2158 2127 Deum
2179 2068 2470 2143 aperienS,
2499 2069 2581 2127 ait
2608 2086 2625 2126 ι
2654 2070 2854 2127 Anima
2883 2087 3022 2142 mea,
3050 2070 3116 2129 id
3159 2074 3267 2141 est,
3295 2070 3519 2130 anima-

1971 2161 2045 2221 lis
2070 2163 2194 2221 vita
2205 2180 2225 2233 ς
2253 2162 2370 2221 hoc
2396 2166 2483 2221 est
2514 2162 2657 2236 vita,
2690 2178 2874 2237 quam
2902 2162 3008 2221 diu
3055 2163 3350 2223 custodire
3392 2180 3518 2224 non

1972 2255 2132 2315 valet
2168 2259 2376 2314 natura
2411 2255 2730 2325 defectiva,
2758 2271 2868 2314 nec
2915 2257 3021 2314 diu
3071 2257 3366 2316 custodire
3393 2259 3522 2319 vult

1975 2350 2164 2423 gratia
2188 2349 2549 2424 provectiva.
2579 2352 2646 2407 Et
2670 2353 2833 2421 nota,
2854 2350 3023 2425 quod
3050 2350 3181 2409 talis
3216 2351 3418 2411 anima
3457 2352 3521 2411 in

1978 2443 2081 2500 tali
2111 2443 2360 2501 articulo
2381 2445 2715 2516 constituta,
2743 2458 2869 2501 non
2897 2448 2983 2503 est
3008 2459 3046 2503 a
3070 2445 3378 2504 tormentis
3403 2446 3519 2504 sal-

1975 2538 2196 2609 vanda,
2250 2552 2361 2593 nec
2429 2536 2852 2598 blandimentis
2912 2537 3354 2610 effoeminanda,
3408 2556 3520 2600 nec

1974 2630 2387 2689 emolumentis
2416 2631 2842 2706 temporalibus
2893 2632 3201 2692 dilatanda
3243 2653 3258 2692 ε
3310 2650 3385 2692 ne
3411 2634 3523 2695 sal-

1973 2729 2146 2783 vetur
2171 2724 2250 2783 ad
2280 2725 2707 2800 perditionem3
2749 2743 2824 2785 ne
2853 2727 3245 2787 efloeminetur
3281 2729 3361 2787 ad
3395 2745 3530 2788 ma*

1976 2819 2337 2878 serationem
2351 2838 2368 2891 ;
2398 2836 2473 2878 ne
2498 2820 2775 2879 dilatetur
2801 2822 2882 2879 ad
2906 2825 3188 2881 aeternam
3229 2822 3522 2882 confusio—

1974 2929 2134 2972 nem.
2160 2916 2238 2972 De
2268 2914 2462 2989 primo
2486 2913 2508 2946 ''
2540 2932 2554 2971 z
2591 2935 2620 2968 α
2639 2914 2751 2984 Qui
2785 2915 3038 2974 voluerit
3057 2916 3321 2974 animam
3346 2932 3519 2974 suam

1972 3011 2204 3070 salvam
2248 3010 2462 3084 facere,
2509 3010 2718 3085 perdet
2770 3026 2904 3069 eam
2949 3029 2964 3068 z
3011 3031 3039 3066 n
3091 3027 3227 3070 ecce
3272 3010 3520 3072 salvatio

1974 3105 2189 3165 animas
2215 3106 2295 3165 ad
2320 3106 2741 3181 perditionem.
2769 3109 2848 3165 De
2884 3106 3219 3166 secundo⁸z
3257 3106 3521 3167 «Animae

1975 3202 2472 3263 effoeminatorum
2529 3204 2830 3262 esurient:
2878 3223 2908 3258 ι
2954 3219 3090 3261 ecce
3139 3203 3520 3263 effoeminatio

1975 3298 2055 3356 ad
2082 3298 2564 3357 macerationem.
2608 3300 2689 3356 De
2725 3296 2897 3356 tertio
2921 3300 2944 3335 ⁹
2973 3316 2988 3354 ε
3026 3318 3057 3352 ιι
3082 3296 3180 3357 Vir
3228 3297 3522 3373 superbus

1973 3407 2097 3451 non
2126 3391 2525 3466 decorabitur,
2556 3392 2661 3467 qui
2692 3392 2982 3463 dilatavit,
3014 3391 3190 3467 quasi
3234 3390 3518 3466 infernus,

1973 3486 2236 3544 animam
2289 3502 2461 3544 suam
2518 3506 2533 3544 ε
2577 3508 2604 3540 »
2667 3502 2803 3546 ecce
2828 3486 3094 3546 dilatatio
3120 3487 3202 3546 ad
3240 3489 3521 3546 oeternam

1973 3580 2403 3640 confusionem.

2443 3729 2730 3788 Articulus
2765 3730 3045 3789 secundus.

2031 3863 2356 3921 ‘carnalem
2373 3864 2550 3922 etiam
2561 3865 2746 3923 vitam
2759 3864 3131 3939 perdendam
3140 3864 3516 3941 patefaciens,

1972 3953 2142 4013 addit
2181 3974 2197 4011 ε
2231 3957 2297 4013 ln
2340 3958 2592 4015 manibus
2644 3960 2778 4014 meis
2829 3973 3067 4032 semper;
3113 3957 3285 4031 quasi
3313 3957 3518 4016 dicat:

1972 4051 2183 4107 Anima
2208 4052 2266 4108 et
2288 4050 2411 4108 vita
2438 4065 2561 4107 non
2591 4053 2678 4109 est
2701 4050 2950 4110 latenter
2976 4050 3255 4126 reposita,
3278 4050 3387 4110 sed
3412 4067 3521 4125 pa-

1970 4146 2160 4203 tenter
2183 4144 2465 4218 exposita.
2498 4148 2564 4202 Et
2590 4149 2751 4215 nota,
2779 4145 2947 4219 quod
2988 4145 3175 4204 vitam
3200 4145 3520 4204 animalem

1970 4238 2037 4297 in
2083 4237 2365 4297 manibus
2416 4254 2666 4313 ponere,
2710 4239 3034 4311 continere,
3078 4244 3315 4315 portare
3342 4239 3521 4299 debe-

1971 4349 2125 4390 mus,
2155 4332 2397 4405 QuaeriS,
2425 4332 2723 4407 qualiter?
2772 4335 2995 4393 Ponere
3051 4334 3325 4405 fidenter,
3379 4337 3520 4394 co‘n-

1969 4426 2157 4485 tinere
2180 4426 2454 4500 fideliter,
2476 4431 2715 4501 portare
2741 4427 3051 4500 patienter.
3094 4431 3174 4486 De
3199 4428 3397 4503 primo
3432 4429 3512 4487 ¹⁰:

1978 4540 2007 4573 ι
2035 4519 2308 4579 obedivit
2334 4519 2553 4579 ancilla
2605 4523 2707 4579 tua
2752 4521 2890 4578 voci
2933 4525 3068 4589 tuae,
3109 4526 3167 4580 et
3191 4521 3368 4597 posui
3396 4522 3519 4581 ani-

1972 4630 2138 4672 mam
2154 4630 2354 4673 meam
2371 4614 2433 4673 in
2460 4630 2645 4674 manu
2673 4620 2773 4674 tua
2793 4615 2867 4689 (a)
2880 4635 2899 4690 3
2933 4636 2961 4672 ιο
2995 4615 3169 4691 quasi
3194 4615 3354 4675 dicat
3373 4634 3388 4673 ε
3407 4618 3516 4674 Ει-

1971 4708 2146 4781 posui
2172 4708 2354 4766 vitam
2385 4708 2732 4781 discrimini,
2762 4714 3004 4784 propter
3023 4709 3306 4769 fiduciam
3332 4726 3516 4784 quam

1973 4803 2197 4877 accepi.
2225 4801 2283 4862 Si
2319 4801 2532 4860 mulier
2576 4802 2834 4861 infidelis
2880 4803 3125 4862 confidit
3174 4803 3516 4863 obediendo

1972 4894 2156 4967 Sauli,
2202 4895 2512 4970 quomodo
2559 4897 2652 4955 vir
2695 4897 2892 4955 fidelis
2933 4897 3184 4968 diffidet,
3232 4896 3519 4957 obediens

1971 4987 2305 5047 Salvatori?
2333 4992 2411 5046 De
2429 4990 2692 5049 secundo
2720 4989 2763 5028 ¹¹
2795 5008 2810 5047 ε
2846 5011 2874 5043 α
2900 4990 3039 5061 Quis
3068 4990 3357 5049 continuit
3398 4992 3520 5066 spi-

1970 5081 2151 5138 ritum
2194 5081 2256 5138 in
2308 5082 2584 5138 manibus
2637 5083 2800 5141 suis?
2840 5105 2869 5138 n
2910 5084 3026 5142 hoc
3075 5083 3518 5155 est:QuiS,nisi

1970 5173 2189 5245 fidelis,
2213 5174 2499 5233 continuit
2520 5176 2794 5249 spiritum
2817 5178 2987 5252 quasi
3031 5193 3157 5238 non
3192 5179 3517 5253 perditum,

1973 5303 1991 5331 ⁹
2020 5300 2227 5363 Hebae„
2258 5314 2325 5365 ιι,
2354 5304 2400 5353 5.
2432 5328 2493 5339 -
2536 5304 2573 5337 ²·
2605 5303 2624 5352 1
2661 5304 2801 5370 Κεφ,
2841 5317 3035 5371 xxvm,
3067 5307 3145 5358 2¹.
3176 5333 3237 5345 —
3272 5307 3517 5367 ¹¹'Prov.,

1973 5387 2098 5437 ιιι,
2131 5375 2177 5425 t.
2210 5402 2264 5412 —
2285 5374 2356 5440 (a)
2387 5373 2532 5441 ναῖς.
2562 5388 2699 5426 mea.
