4196 6294
1545 464 1905 532 PSALMUS
1943 463 2312 533 Lmvm.

344 602 516 684 quod
559 603 881 686 proximi:
930 603 1086 683 Deo,
1137 603 1308 686 quod
1358 602 1469 666 Dei
1518 604 1645 679 est,
1685 603 1872 684 Juxta

342 708 501 773 illud
526 711 591 774 ¹:
633 733 663 770 «ι
690 711 803 774 Cui
828 711 1141 775 tributum
1163 760 1180 790 ,
1215 710 1559 787 tributum3
1589 710 1689 773 cui
1720 728 1866 775 vec-

343 817 528 897 tigal,
574 817 852 899 vectigal
875 838 893 896 ;
919 819 1025 883 cui
1072 817 1378 883 honorem
1395 866 1413 896 ,
1466 817 1797 881 honorem.
1831 836 1862 874 n

340 924 702 1003 Tributum,
753 925 896 1004 tibi,
880 948 894 961 ·
937 925 1231 1008 vectigal,
1291 924 1615 1009 proximo;
1665 925 1866 988 hono-

341 1049 506 1108 rem,
535 1031 682 1095 Deo.

421 1142 483 1202 6.
525 1139 702 1205 Sicut
727 1138 1085 1218 vulnerati,
1115 1143 1231 1203 etc.
1264 1139 1547 1204 GhrIstus
1573 1139 1653 1202 ad
1678 1101 1869 1202 infer-

338 1263 500 1316 num
518 1246 854 1327 descendit,
878 1247 1149 1312 claustra
1165 1247 1496 1328 confregit,
1516 1250 1869 1329 tyranuum

337 1351 684 1433 baculavit,
716 1370 867 1418 suos
897 1355 1104 1436 ejecit.
1150 1354 1433 1435 Quorum
1475 1369 1701 1420 nones
1738 1369 1871 1418 me-

336 1477 493 1530 mor.
547 1463 861 1528 Debemus
900 1465 1136 1529 habere
1189 1463 1565 1528 memoriam
1613 1463 1810 1526 trium
1849 1485 1864 1527 ε

336 1572 692 1652 primorum
722 1617 745 1649 ,
803 1571 1160 1636 mediorum
1185 1620 1206 1650 ,
1259 1572 1656 1635 infimorum.
1715 1570 1870 1634 Data

337 1681 486 1741 sunt
509 1677 682 1740 enim
701 1678 884 1742 nobis
907 1677 1067 1744 tria:
1098 1679 1327 1760 prima,
1352 1678 1579 1758 media,
1609 1679 1865 1742 infima:

337 1783 542 1866 prima
562 1831 581 1863 ,
614 1784 696 1848 ad
739 1766 1274 1866 gubernandum}
1313 1785 1554 1863 media,
1595 1785 1676 1849 ad
1716 1802 1870 1848 con-

337 1892 756 1971 servandum3
786 1894 1039 1966 infima,
1070 1893 1150 1957 ad
1185 1893 1691 1958 sustentandum.
1723 1890 1872 1957 Pri-

334 2016 472 2078 ma,
501 1998 752 2063 Domini
777 1998 1181 2065 Trinitatem:
1213 2000 1421 2064 media
1442 2047 1459 2076 ,
1489 1999 1867 2081 angelorum

333 2105 744 2186 dignitatem3
775 2107 1000 2170 infima
1024 2106 1250 2172 mundi
1278 2106 1632 2170 ubertatem
1658 2104 1865 2185 signi·

331 2213 521 2276 fleant
549 2213 658 2294 (a).

414 2324 513 2384 11.
560 2319 894 2404 Numquid
936 2322 1205 2388 mortuis
1250 2321 1449 2401 facies
1486 2320 1817 2387 mirabilia
1834 2322 1867 2381 .⁹

108 2455 285 2498 senen
332 2428 496 2493 Deus
522 2430 771 2494 sanavit
795 2429 1081 2512 quinque
1111 2447 1349 2510 genera
1377 2429 1717 2522 hominum
1746 2431 1866 2492 im-

112 2582 190 2614 m
228 2528 307 2613 ζ..
332 2538 721 2602 mundorum
753 2559 769 2602 ι
807 2555 960 2603 nam
987 2538 1095 2601 alii
1139 2540 1289 2603 sunt
1327 2537 1553 2616 curvi,
1592 2537 1702 2602 alii
1726 2538 1864 2602 lan·

74 1470 313 1518 Memoria

73 1533 237 1578 bium.

331 2643 547 2725 guidi,
591 2644 699 2709 alii
740 2644 928 2723 caeci,
967 2643 1075 2708 alii
1120 2645 1329 2724 surdi,
1358 2644 1465 2709 alii
1505 2644 1737 2709 claudi.
1780 2644 1867 2709 De

331 2749 536 2833 primo
563 2751 586 2786 ²
623 2768 643 2814 z
685 2773 717 2811 α
760 2750 1123 2827 Incurvare‚
1160 2755 1235 2815 ut
1261 2755 1679 2816 transeamus,
1715 2774 1746 2812 n
1781 2751 1867 2815 De

327 2858 604 2924 secundo
633 2863 704 2900 ⁸·
689 2882 772 2923 .«
800 2858 952 2923 Erat
976 2858 1281 2941 quidam
1265 2877 1334 2922 ln
1351 2858 1747 2923 Bethania.»
1778 2860 1867 2924 De

325 2964 562 3029 tertio
591 2987 608 3029 ε
649 2988 679 3025 «ι
705 2964 931 3030 Oculos
956 2966 1214 3044 habent,
1242 2968 1307 3029 et
1321 2983 1452 3029 non
1475 2966 1856 3032 videbunt.»

327 3071 413 3135 De
459 3072 725 3155 quarto⁸
768 3094 782 3137 :
831 3095 862 3135 α
907 3073 1115 3138 Aures
1152 3074 1413 3151 habent,
1460 3076 1526 3138 et
1572 3091 1702 3138 non
1743 3092 1863 3138 au·

325 3180 522 3245 dient.
539 3203 570 3241 υ
603 3180 691 3246 De
722 3183 945 3265 quinto
970 3181 991 3217 ⁸
1021 3202 1039 3246 z
1079 3205 1110 3244 a
1132 3183 1423 3264 Angelus
1439 3183 1691 3248 Domini
1716 3183 1859 3249 teti-

327 3287 428 3370 git
450 3305 712 3355 servum
735 3289 949 3371 Jacob,
981 3294 1046 3355 et
1070 3290 1482 3355 claudicabat.
1518 3312 1550 3349 ι»

406 3401 506 3460 17.
536 3397 616 3462 In
649 3414 746 3464 me
780 3399 1176 3465 transierunt
1213 3400 1333 3464 ἱνα.»
1375 3404 1523 3465 tuoe.
1555 3399 1720 3463 Deus
1745 3417 1865 3464 nos

324 3505 615 3585 sanavit,
659 3510 722 3570 et
763 3506 830 3570 in
873 3506 986 3569 illa
1022 3506 1478 3589 justificatione
1526 3507 1650 3571 fuit
1702 3525 1864 3590 opus

324 3610 462 3675 sine
493 3612 810 3695 exemplo,
859 3613 1185 3679 humilitas
1214 3614 1351 3679 sine
1390 3615 1616 3695 modo,
1658 3617 1865 3697 gratia

323 3718 464 3782 sine
506 3719 736 3784 merito
756 3768 775 3800 ,
806 3721 1053 3785 bonum
1096 3722 1233 3786 sine
1259 3723 1589 3806 principio.
1621 3722 1737 3788 Hic
1765 3727 1866 3789 at-

323 3824 525 3889 tendit
574 3827 923 3908 potentiam
969 3827 1041 3891 in
1088 3846 1278 3911 opere
1294 3877 1319 3908 ,
1369 3830 1739 3894 charitatem
1791 3831 1862 3896 iu

264 3997 270 4002 .
322 3932 712 4012 humilitate,
746 3933 1093 3999 bonitatem
1122 3935 1192 4001 in
1224 3936 1433 4017 gratia
1452 3986 1469 4017 ,
1495 3936 1861 4019 largitatem

321 4038 395 4103 in
422 4056 708 4104 munere.
760 4040 849 4105 De
890 4041 1101 4124 primo
1134 4064 1150 4106 ε
1208 4066 1238 4104 α
1275 4044 1530 4125 Majoris
1568 4047 1863 4127 potentiae

322 4148 420 4209 est
437 4146 789 4228 justificare
816 4148 1111 4231 impium,
1138 4168 1336 4232 quam
1363 4168 1578 4216 creare
1601 4152 1855 4232 cossum,

323 4255 389 4316 et
415 4256 674 4317 terram.
705 4275 736 4313 υ
779 4254 867 4318 De
913 4254 1218 4320 charitate
1256 4257 1379 4321 hoc
1405 4257 1428 4292 ⁷
1474 4277 1488 4319 :
1533 4280 1565 4318 α
1598 4258 1863 4343 Propter

321 4360 590 4427 nimiam
608 4361 1002 4442 charitatem,
1020 4382 1148 4447 qua
1165 4363 1385 4429 dilexit
1398 4380 1533 4446 nOS,
1551 4368 1616 4426 »⁸
1635 4388 1667 4427 α
1689 4366 1863 4432 misit

325 4467 498 4532 Deus
519 4468 729 4534 fllium
752 4488 971 4535 suum.
1007 4492 1038 4531 ι)

501 4709 895 4781 PSALMUS
943 4712 1210 4783 DAVID
1256 4713 1682 4786 LXXXVIII.

405 4905 468 4966 2.
490 4899 974 4969 Misericordiae
991 4867 1252 4969 Domini
1269 4903 1344 4969 in
1368 4908 1678 4971 oeternum
1703 4920 1861 4971 can-

153 5036 299 5081 ειιιιιι
328 5007 494 5076 tabo.
524 5007 770 5087 Ethan,
801 5009 880 5072 de
929 5026 1059 5091 quo
1094 5008 1203 5072 hic
1240 5009 1315 5073 fit
1351 5010 1614 5090 mentio,
1662 5012 1864 5077 iuter-

117 5097 267 5143 ὼ·
325 5118 612 5216 pretatur
646 5102 967 5179 robustus.
1009 5114 1130 5193 Qui
1172 5118 1268 5180 est
1301 5116 1382 5183 de
1431 5117 1535 5182 his
1588 5123 1863 5202 quatuor

389 5312 583 5374 mom..
611 5323 738 5377 xm,
768 5314 819 5363 Ἰ.
845 5337 908 5349 -
934 5310 1105 5375 ¹120„
1138 5324 1223 5376 ιι,
1254 5316 1334 5365 23.
1356 5342 1418 5352 —
1452 5316 1474 5351 ³
1502 5317 1663 5377 ἆσαι,

325 5411 387 5423 -
415 5381 437 5416 ⁸
458 5382 594 5433 Paul.
625 5395 778 5446 exui,
804 5386 853 5434 5.
882 5409 945 5423 —

328 5455 501 5522 quoad
521 5468 752 5509 sensum.
785 5481 839 5491 —
872 5456 894 5492 '¹
921 5454 1125 5521 Ephe-s„
1152 5467 1214 5518 ιι,
1250 5459 1294 5509 4.
1325 5482 1387 5496 —

971 5383 1167 5449 ‘lbid.,
1195 5325 1862 5453 6.-⁰Gen.,xxx1{';3l

1417 5459 1604 5525 ⁸Gal„
1634 5472 1706 5525 iv,
1728 5463 1774 5512 4.
1801 5489 1863 5501 —

3396 473 3515 537 263

1976 602 2321 683 generibus
2347 602 2691 679 malorum,
2716 620 2848 666 non
2870 606 2965 667 est
2988 605 3326 702 robustus:
3358 621 3513 671 nam
3542 624 3631 670 ιω.
3659 629 3753 672 u·-

3580 687 3725 732 lorum
3823 720 3825 723 ι

1976 713 2128 773 sunt
2149 710 2356 792 pravi,
2387 709 2706 788 malevoli,
2734 708 3027 791 maligni,
3066 711 3341 793 pessimi.
3372 712 3516 778 Pri·
3554 753 3741 804 mm,

1978 817 2066 880 mi
2088 816 2276 881 modo
2302 818 2458 881 ssent
2494 817 2851 895 commissa,
2882 818 3071 884 modo
3101 818 3310 884 flenda
3332 839 3514 886 com·
3542 823 3724 867 ΒΜ·

1978 924 2259 1000 mittunt,
2286 924 2454 988 unde
2482 925 2603 988 hoc
2626 925 2649 960 ⁹
2675 923 2893 990 :Tales
2919 927 3305 1009 quandoque
3340 950 3371 990 α
3387 947 3518 994 cre-

1977 1029 2176 1109 dunt,
2207 1033 2272 1093 et
2295 1029 2691 1113 intempore
2710 1032 3076 1097 tentationis
3118 1033 3445 1101 recedunt.
3476 1057 3510 1097 ι»

1978 1133 2270 1199 Malevoli
2314 1141 2461 1216 sunt
2483 1185 2502 1215 ,
2558 1137 2673 1220 qui
2722 1141 3196 1221 opportunitate
3249 1142 3515 1208 malefa-

1978 1243 2185 1307 ciendi
2213 1248 2450 1324 carent,
2495 1245 2826 1312 voluntate
2864 1253 3077 1312 tamen
3104 1250 3310 1332 parati
3339 1255 3511 1332 sunt,

1976 1350 2055 1414 de
2081 1351 2313 1431 quibus
2347 1350 2579 1417 dicitur
2613 1353 2660 1388 ¹⁰
2692 1373 2707 1417 ε
2749 1376 2781 1414 α
2806 1346 3096 1419 Malevoli
3126 1355 3201 1437 (b)
3233 1373 3516 1437 regnum

1976 1457 2087 1522 Dei
2133 1477 2262 1523 non
2306 1460 2732 1542 possidebunt.
2780 1484 2810 1520 n
2865 1460 3132 1543 Maligni
3177 1467 3351 1544 sunt,
3400 1467 3515 1548 qui

1976 1583 2108 1630 non
2158 1567 2366 1631 solum
2410 1571 2673 1649 peccant
2692 1616 2711 1648 ,
2750 1568 2859 1632 sed
2886 1569 3079 1638 etiam
3114 1569 3271 1635 alios
3295 1588 3513 1637 secum

1976 1673 2056 1736 ad
2109 1674 2497 1755 peccandum
2548 1675 2843 1755 trahunt,
2900 1677 3069 1741 unde
3123 1677 3355 1743 dicitur
3399 1679 3440 1716 ¹¹
3490 1702 3506 1744 ε

1982 1804 2014 1841 <1
2041 1780 2184 1845 Noli
2207 1782 2500 1846 aemulari
2526 1782 2595 1846 in
2626 1782 3152 1863 malignantibus,
3183 1805 3213 1844 u
3250 1783 3514 1851 Pessimi

1975 1892 2163 1968 sunt,
2191 1890 2301 1971 qui
2337 1890 2605 1953 credunt
2632 1908 2700 1954 se
2746 1907 2884 1954 esse
2924 1892 3353 1958 sanctissimos
3377 1894 3514 1977 ple-

1973 1997 2177 2075 narie,
2202 2001 2266 2061 et
2283 2000 2432 2060 sunt
2451 1995 2729 2079 pessimi,
2758 2001 2830 2061 ut
2847 1997 3176 2064 Pharisaei.
3201 1999 3274 2063 In
3290 2001 3515 2083 primis

1973 2104 2168 2168 habet
2199 2103 2461 2169 Satanas
2488 2104 2857 2186 hospitium,
2890 2105 3041 2187 quia
3067 2106 3327 2192 simore
3361 2108 3512 2174 hos-‘

1974 2211 2123 2293 pitis
2149 2210 2489 2295 aliquando
2527 2212 2791 2291 recedit,
2821 2216 3038 2278 tamen
3079 2215 3329 2297 quoties
3367 2217 3511 2299 pul-

1974 2321 2091 2398 sat,
2118 2309 2382 2396 januam
2409 2320 2627 2383 intrat.
2663 2319 2737 2382 In
2765 2319 3056 2383 secundis
3081 2320 3275 2385 habet
3298 2322 3511 2387 taber-

1973 2427 2279 2492 naculum
2299 2475 2321 2507 ‚
2377 2427 2521 2491 licet
2570 2444 2701 2491 non
2767 2444 3018 2510 semper
3036 2475 3057 2507 ,
3084 2458 3092 2468 ·
3122 2429 3214 2493 ita
3263 2447 3516 2514 semper

1974 2552 2198 2599 eorum
2235 2534 2628 2599 voluntatem
2664 2551 2880 2599 secum
2919 2535 3115 2600 habet
3134 2584 3150 2617 ,
3195 2536 3340 2601 licet
3381 2555 3515 2602 non

1973 2640 2275 2723 perducat
2293 2641 2372 2705 ad
2402 2641 2719 2706 effectum.
2746 2641 2821 2705 In
2836 2642 3039 2706 tertiis
3055 2642 3250 2708 habet
3273 2647 3509 2711 castra:

1974 2767 2126 2813 nam
2153 2749 2317 2814 sicut
2340 2753 2623 2814 castrum
2648 2768 2781 2814 non
2803 2750 2929 2815 cito
2954 2756 3392 2834 expugnatur,
3422 2754 3513 2819 ita
3572 2758 3578 2764 ’

1975 2857 2246 2939 maligni
2298 2876 2428 2922 non
2483 2859 2608 2922 cito
2661 2859 3095 2941 corriguntur.
3154 2860 3227 2923 In
3270 2863 3515 2944 quartis

1973 2965 2165 3029 habet
2189 2965 2519 3048 templum,
2547 2965 2659 3048 qui
2685 2983 2753 3029 se
2780 2966 2949 3049 ipsos
2969 2967 3225 3051 penitus
3246 2969 3307 3033 ei
3332 2969 3516 3037 dede-

1973 3074 2151 3152 runt,
2182 3072 2502 3151 ejicientes
2524 3090 2739 3137 arcam
2767 3073 2897 3139 Dei.

2052 3183 2114 3243 6.
2180 3180 2656 3260 confitebuntur
2695 3182 2838 3249 coeli
2885 3181 3239 3250 mirabilia.
3285 3182 3510 3249 Nota.

1974 3285 2286 3352 Confessio
2312 3288 2497 3352 debet
2522 3307 2659 3354 esse
2685 3289 3067 3372 voluntaria,
3097 3291 3293 3369 nuda,
3326 3310 3514 3357 mun·
3564 3352 3748 3401 com...

1972 3393 2092 3457 da:
2123 3394 2517 3474 voluntaria,
2548 3398 2901 3462 secundum
2926 3397 3274 3479 origiuem;
3308 3400 3506 3481 nuda,
3575 3415 3614 3457 si
3614 3416 3713 3461 0111·

1972 3501 2324 3566 secundum
2366 3502 2778 3586 qualitatem3
2826 3504 3104 3584 munda,
3156 3484 3512 3572 secundum
3538 3479 3749 3589 ζέω

1973 3608 2194 3672 finem.

2055 3722 2154 3782 11.
2196 3717 2293 3783 Tu
2318 3717 2682 3786 humiliasti
2695 3721 2865 3787 siout
2878 3719 3280 3789 vulneratum
3296 3737 3511 3805 super-

1973 3823 2143 3889 bum.
2166 3824 2272 3889 Ad
2301 3826 2420 3891 hoc
2447 3827 2619 3911 quod
2642 3827 2839 3892 homo
2874 3827 3107 3893 habeat
3130 3846 3352 3893 veram
3377 3828 3507 3895 hu·

1973 3933 2302 3999 militatem
2321 3941 2463 4018 post
2483 3938 2830 4020 peccatum,
2848 3939 3096 4020 oportet
3120 3938 3293 4021 quod
3309 3938 3398 4003 ibi
3426 3939 3509 4005 sit
3534 3958 3747 4008 iit-ner·

1971 4039 2403 4125 lacrymarum
2438 4043 2696 4124 effusio,
2737 4061 2884 4128 quae
2925 4044 3196 4109 vulnera
3220 4050 3505 4128 peccato-

1973 4167 2122 4213 rum
2147 4150 2358 4227 lavat,
2389 4154 2453 4215 et
2489 4151 2697 4215 carnis
2723 4151 3122 4217 mortificatio
3135 4200 3156 4234 ,
3185 4171 3333 4236 quae
3360 4155 3506 4221 vul·

1972 4274 2127 4321 nera
2171 4256 2280 4322 Dei
2321 4258 2591 4339 corrigit
2619 4261 2683 4323 et
2717 4258 2939 4339 siccat3
2971 4261 3036 4323 et
3072 4259 3510 4345 eleemosyna-

1972 4382 2120 4428 rum
2139 4364 2417 4447 largitio,
2440 4383 2584 4448 quae
2611 4366 2681 4449 (c)
2709 4364 2956 4448 alligat,
2989 4368 3256 4433 contrita
3284 4385 3507 4435 conso-

1972 4469 2130 4535 lidat
2144 4521 2162 4553 ,
2193 4477 2258 4536 et
2291 4473 2507 4537 omnia
2539 4476 2718 4538 sanat
2756 4494 2773 4536 z
2807 4476 2873 4537 et
2917 4474 3223 4540 orationis
3254 4474 3510 4542 devotio

1974 4596 2124 4661 quae
2149 4579 2485 4644 sanitatem
2513 4583 2868 4647 conservat.

2055 4690 2157 4751 18.
2191 4687 2512 4766 Quoniam
2537 4687 2746 4770 qloria
2771 4689 3042 4756 virtutis
3066 4704 3286 4756 eorum
3313 4695 3385 4759 cu
3418 4708 3507 4761 es.

1972 4792 2125 4859 Tres
2154 4797 2306 4858 sunt
2346 4795 2616 4860 virtutes
2634 4843 2651 4874 ,
2688 4813 2848 4878 quas
2873 4795 2943 4859 in
2982 4798 3279 4879 praesenti
3316 4799 3507 4866 attin·

1971 4918 2128 4984 gere
2171 4912 2530 4984 possumus,
2572 4900 2789 4967 Prima
2839 4904 2934 4967 est
2981 4902 3263 4969 alliciens
3281 4953 3302 4987 ,
3360 4924 3511 4991 quae

1973 5009 2165 5075 allicit
2190 5009 2273 5074 ad
2299 5027 2367 5074 se
2378 5026 2400 5090 ;
2434 5010 2710 5075 secunda
2739 5011 3148 5090 convertens,
3180 5029 3328 5095 quae
3352 5032 3507 5082 con-

1973 5218 3316 5284 ’Luc.‚vu1‚13.—¹⁰1cor.‚v1‚¹0.-¹¹

1975 5296 2236 5356 xxxV1,1.

1974 5390 2223 5533 dig-'21³2’
2246 5388 2574 5455 significab—
2611 5388 2678 5456 (ὁ)
2712 5387 2859 5457 Vulq.
2888 5388 3206 5446 Maledici.—
3233 5392 3301 5462 (c)
3332 5392 3509 5463 Suppl.

3371 5225 3509 5278 Ptol.
