4196 6294
1642 417 2008 488 PSALMUS
2048 414 2308 481 cxvlu.

126 564 360 680 „02³⁰ssss
385 553 760 613 venerandus
782 559 869 614 θεῖ
892 557 1223 632 specialiter
1250 562 1495 634 propter
1521 559 1633 617 tria
1657 577 1671 616 :
1695 556 1836 633 quia
1864 571 1924 612 se

125 687 244 739 pter
275 688 359 729 tria

122 748 347 801 speonn-
385 743 510 797 tum
560 743 970 816 apprehendit.
1015 749 1257 820 Propter
1298 748 1560 821 primum
1613 747 1803 804 dictus
1842 749 1927 803 est

123 813 358 918 Ξζξξξε·
384 832 724 906 miserator3
778 843 1022 912 propter
1072 840 1398 899 secundum
1439 883 1460 912 ‚
1512 840 1921 915 ponderator3

384 646 762 721 parvipendit
779 669 797 722 3
827 667 939 729 nos
980 653 1416 727 magnipendit3
1447 657 1709 711 nostrum
1757 651 1925 709 debi-

385 932 628 1002 propter
661 930 927 1003 tertium,
954 933 1256 991 liberator.
1298 938 1372 991 De
1411 935 1609 1009 primo
1651 934 1862 992 dicitur
1890 950 1926 991 a

387 1020 849 1098 psalmographo
880 1026 894 1058 ¹
928 1045 942 1084 z
977 1028 1374 1086 «Memoriam
1399 1029 1536 1086 fecit
1560 1028 1924 1087 mirabilium

385 1129 631 1173 suorum
658 1118 990 1178 misericors
1018 1127 1074 1179 et
1100 1123 1407 1181 miserator
1436 1124 1738 1195 Dominus,
1760 1143 1788 1177 ι»
1814 1127 1920 1180 etc.

385 1212 529 1267 Vere
555 1211 828 1270 mirabile
858 1218 914 1272 et
939 1215 1290 1274 mirabiliter
1317 1217 1730 1290 memorabile,
1754 1219 1923 1291 quod

385 1305 667 1363 Dominus
690 1323 802 1381 pro
829 1310 1013 1366 servis
1052 1309 1288 1369 debitor
1334 1311 1678 1369 constitutus
1698 1354 1716 1383 ,
1750 1311 1926 1369 nobis

383 1399 843 1459 misericorditer
881 1404 1332 1477 condescendit,
1371 1410 1430 1462 et
1474 1422 1536 1462 se
1575 1405 1924 1463 mirabiliter

384 1493 801 1567 parvipendit.-
831 1512 966 1554 ecce
1006 1499 1285 1556 Dominus
1332 1500 1662 1557 miserator.
1712 1503 1788 1557 De
1832 1515 1921 1557 se-

386 1587 582 1645 cundo
624 1592 644 1624 ³
684 1607 699 1646 ι
750 1609 779 1643 «
806 1591 1128 1665 spirituum
1173 1593 1535 1667 ponderator
1596 1599 1681 1652 est
1732 1593 1922 1651 Domi-

383 1697 515 1737 nus,
545 1702 574 1736 ιο
608 1683 946 1743 Mirabiliter
972 1686 1209 1760 spiritus
1237 1687 1609 1762 ponderavit,
1641 1704 1779 1745 cum
1805 1688 1922 1761 spi-

382 1775 526 1833 ritus
549 1778 703 1835 servi
728 1778 958 1852 spiritui
983 1780 1053 1853 (a)
1080 1783 1557 1856 praeponderavit
1571 1802 1588 1854 3
1618 1781 1762 1856 quia
1786 1798 1924 1855 pro-

380 1871 579 1940 prium
619 1873 887 1947 spiritum
940 1875 1404 1949 parvipendenS‚
1453 1876 1607 1933 servi
1653 1875 1921 1950 spiritum

381 1967 790 2042 magnipendit
834 1986 848 2025 ε
889 1985 1023 2027 ecce
1068 1969 1353 2027 Dominus
1405 1969 1788 2043 ponderator.
1843 1973 1919 2026 De

382 2063 551 2120 tertio
607 2061 880 2119 scribitur
923 2064 945 2098 ³
994 2081 1008 2118 :
1060 2081 1089 2116 α
1143 2063 1426 2120 Dominus
1479 2064 1919 2120 firmamentum

381 2173 603 2222 meum,
630 2159 687 2213 et
712 2156 1008 2228 refugium
1032 2173 1257 2228 meum,
1279 2160 1337 2215 et
1357 2157 1640 2214 liberator
1665 2173 1834 2214 meus
1847 2177 1865 2229 3
1886 2177 1915 2212 n

381 2254 524 2327 quia
564 2251 829 2328 profecto
888 2255 1170 2311 Dominus
1225 2254 1438 2311 dicitur
1480 2254 1919 2312 firmamentum

381 2347 542 2420 vitae,
572 2348 847 2405 meritum
893 2347 1307 2420 immittendo,
1349 2348 1678 2421 refugium,
1724 2348 1921 2406 deme-

378 2443 557 2502 ritum
597 2442 983 2516 dimittendo;
1015 2442 1124 2501 sed
1164 2443 1478 2514 liberator,
1513 2443 1719 2500 mortis
1756 2443 1918 2501 debi-

379 2547 504 2602 tum
531 2539 896 2602 admittendo
928 2558 943 2596 ε
977 2555 1111 2596 ecce
1130 2537 1414 2596 Dominus
1439 2537 1772 2597 liberator..

787 2777 795 2787 ·
878 2699 1165 2755 Articulus
1194 2697 1406 2753 tertius,

449 2825 720 2885 Secunda
745 2822 1153 2881 misericordia
1180 2820 1581 2895 ponderatur,
1609 2837 1746 2880 cum
1777 2824 1917 2882 sub-

372 2919 570 2992 jicitur
596 2938 610 2977 :
639 2919 936 2977 Secundum
973 2916 1240 2988 iudicium
1269 2921 1441 2972 tuum.
1471 2917 1590 2973 Hoc
1628 2921 1715 2974 est
1751 2917 1915 2989 judi-

377 3014 535 3071 cium
573 3012 730 3070 illius
753 3010 1006 3084 judiciS‚
1042 3009 1144 3084 qui
1173 3026 1236 3066 se
1265 3008 1558 3067 constituit
1586 3010 1914 3083 persoluto-

374 3125 501 3168 rem
541 3123 653 3183 pro
699 3107 836 3165 reiS.
880 3105 1132 3175 QuoeriS,
1162 3120 1283 3177 quo
1333 3104 1564 3162 modo?
1591 3104 1654 3162 in
1690 3121 1751 3164 se
1781 3107 1911 3179 ipso

368 3202 663 3276 judicium
688 3200 984 3271 faciendo,
1008 3204 1064 3257 et
1082 3198 1374 3271 judicium
1395 3199 1697 3272 patiendo.
1720 3201 1910 3258 ludex

371 3297 594 3371 quippe
647 3293 758 3352 fuit
811 3296 960 3351 Deus
991 3310 1007 3363 3
1061 3292 1246 3350 homo
1296 3308 1537 3367 quoque
1590 3292 1700 3350 fuit
1752 3310 1907 3352 reus,

371 3391 626 3449 Christus
662 3388 898 3462 itaque,
932 3403 1068 3444 cum
1094 3391 1242 3444 esset
1281 3385 1465 3443 homo
1495 3389 1552 3443 et
1596 3390 1744 3444 Deus
1755 3429 1774 3459 ,
1801 3387 1912 3447 fuit

369 3484 572 3559 utique
588 3482 773 3556 judex
797 3486 855 3540 et
880 3498 1035 3539 reus.
1066 3479 1255 3538 ludex
1277 3496 1421 3538 vero
1447 3480 1622 3537 solvit
1647 3498 1758 3554 pro
1781 3499 1908 3555 reo,

368 3594 507 3636 cum
546 3581 695 3635 Deus
741 3576 805 3634 in
852 3592 924 3634 eo
971 3574 1244 3633 satisfecit
1284 3560 1396 3648 pro
1443 3591 1515 3632 eo
1534 3594 1551 3647 3
1589 3575 1733 3649 quia
1771 3592 1907 3636 vere

372 3677 519 3732 Deus
543 3672 608 3729 in
634 3671 876 3729 homine
911 3668 1187 3727 satisfecit
1218 3684 1329 3743 pro
1361 3668 1624 3726 homine.
1655 3669 1817 3727 Unde
1842 3671 1901 3727 ⁸:

372 3786 402 3821 α
442 3769 593 3824 Deus
629 3769 752 3823 erat
799 3764 863 3821 in
907 3763 1128 3822 Christo
1175 3761 1472 3819 mundum
1515 3763 1905 3821 reconcilians

361 3860 509 3932 sibi,
540 3880 568 3913 »
600 3862 742 3917 teste
769 3857 1070 3931 Apostolo.
1100 3856 1218 3915 Sed
1243 3856 1574 3914 notandum
1604 3856 1759 3914 circa
1783 3857 1903 3915 dic-

360 3958 488 4012 tum
510 3952 835 4026 judicium,
868 3951 1036 4026 quod
1062 3953 1257 4026 potest
1287 3950 1621 4024 comparari
1647 3951 1726 4008 ad
1756 3950 1901 4009 divi-

361 4063 508 4105 num
534 4046 843 4117 meritum,
879 4045 977 4103 vel
1018 4045 1352 4103 humanum
1389 4044 1775 4116 demeritum,
1804 4046 1900 4103 vel

359 4140 726 4214 persolutum
775 4138 1064 4197 debitum.
1123 4138 1318 4196 Primo
1371 4138 1560 4196 modo
1613 4154 1738 4196 non
1789 4138 1901 4197 fuit

356 4251 623 4309 aequum,
652 4234 796 4308 quia
821 4232 1101 4291 meritum
1143 4249 1268 4290 non
1297 4232 1568 4304 exigebat
1584 4250 1604 4303 3
1634 4234 1897 4292 secundo

359 4327 545 4386 modo
571 4327 682 4387 fuit
705 4327 970 4399 bonum,
1003 4325 1147 4400 quia
1182 4325 1534 4384 demeritum
1561 4325 1894 4399 indigebat3

357 4423 525 4480 tertio
554 4421 739 4480 modo
768 4421 879 4477 fuit
900 4437 1140 4494 aequum
1159 4463 1176 4490 ,
1204 4420 1349 4493 quia
1373 4420 1672 4478 redditum
1694 4420 1895 4477 debito

356 4533 615 4590 congrue
666 4514 1089 4590 respondebat.
1147 4516 1226 4571 De
1280 4514 1476 4587 primo
1522 4556 1543 4585 ,
1598 4513 1707 4571 ubi
1757 4513 1897 4571 dicit

355 4611 649 4685 Scriptura
696 4608 808 4667 sub
852 4608 1259 4682 Redemptoris
1298 4607 1492 4679 figura
1518 4608 1541 4643 ⁸
1573 4626 1587 4665 ε
1625 4627 1652 4661 α
1680 4607 1896 4665 Intelli-

354 4705 470 4778 gite
499 4747 517 4776 ,
561 4703 704 4777 quia
743 4706 892 4760 Deus
948 4715 1069 4759 non
1120 4717 1295 4775 aequo
1343 4700 1571 4772 judicio
1624 4699 1896 4759 afflixerit

354 4815 449 4855 me
491 4816 558 4855 :w
592 4812 725 4854 ecce
765 4794 1058 4868 jndicium
1092 4809 1217 4851 non
1261 4810 1500 4870 {equum
1525 4836 1544 4866 ,
1584 4794 1725 4869 quia
1770 4811 1892 4852 non

353 4892 684 4950 secundum
711 4889 1066 4961 exigentiam
1105 4887 1392 4946 Dominici
1432 4888 1642 4945 meriti.
1690 4892 1768 4945 De
1801 4905 1894 4946 se-

354 4986 551 5044 cundo
569 4988 624 5042 ⁶:
660 5005 689 5038 α
716 4985 761 5042 Ο
784 4998 945 5040 mors
966 5025 985 5053 ‚
1018 4982 1201 5056 quam
1228 4982 1459 5039 bonum
1489 4987 1573 5039 est
1593 4981 1887 5054 judicium

354 5082 520 5137 tuum
563 5077 793 5137 homini
840 5074 1174 5147 indigenti!
1207 5094 1235 5129 υ
1269 5090 1404 5132 ecce
1444 5074 1738 5146 judicium
1779 5076 1889 5132 bo·

351 5187 496 5231 num
514 5214 533 5244 ,
564 5172 708 5247 quia
733 5169 1064 5227 secundum
1089 5167 1478 5240 indigentiam
1511 5168 1759 5226 humani
1787 5168 1892 5226 de-

418 5299 434 5332 ¹
463 5298 600 5349 Psal.
631 5311 715 5363 cx,
746 5301 791 5348 4.
821 5322 884 5336 —
909 5298 931 5330 ¹
963 5297 1132 5356 prov„
1164 5305 1275 5354 xvi,
1303 5296 1350 5342 2.
1375 5317 1436 5329 —
1463 5293 1486 5329 ⁸
1514 5294 1648 5345 Psal.
1678 5307 1811 5357 xvu,
1838 5299 1885 5345 2.

351 5395 414 5408 -
450 5370 473 5405 ὁ
508 5371 550 5420 11
587 5369 724 5434 Corn,
752 5380 801 5433 v,
833 5370 910 5420 19.
939 5393 1003 5406 -
1028 5367 1051 5402 ⁸
1073 5364 1178 5429 lob,
1209 5377 1322 5429 xix,
1349 5368 1398 5417 6.
1424 5390 1489 5404 -
1520 5368 1540 5397 ⁰
1572 5365 1749 5424 Eocli„
1780 5378 1889 5427 xm,

3457 426 3575 488 519

2036 542 2249 608 meriti.
2286 553 2363 608 De
2391 550 2596 609 tertio⁷
2629 570 2642 607 :
2683 569 2711 604 οι
2739 554 2996 626 AEquum
3034 551 3326 624 judicium
3366 555 3440 612 sit
3483 557 3574 614 in-

2032 649 2121 704 ter
2142 662 2245 704 vos
2277 664 2291 702 :
2321 666 2349 700 ν
2385 661 2519 703 ecce
2541 644 2835 717 jndicium
2873 661 3151 719 aequum,
3180 647 3347 721 quod
3369 649 3578 724 imple-

2036 744 2163 797 tum
2190 742 2276 796 est
2302 755 2338 796 a
2367 738 2638 811 Domino,
2669 739 2992 798 'reddendo
3019 739 3315 799 infinitum
3337 758 3451 817 pro
3479 743 3573 802 in·

2035 833 2223 891 finito.
2256 834 2413 891 Sicut
2441 833 2599 889 enim
2637 833 2821 891 homo
2848 833 2957 892 fuit
2974 834 3179 893 mortis
3205 834 3446 895 infinitae
3473 837 3576 897 de·

2035 930 2222 1003 bitor‚
2255 930 2337 988 sic
2364 929 2619 988 Christus
2646 929 2755 986 fuit
2780 929 2986 987 mortis
3021 928 3262 988 infinitas
3286 932 3573 991 redditor.

2035 1025 2150 1082 Sed
2174 1041 2333 1082 mors
2360 1028 2551 1099 potest
2579 1024 2696 1082 dici
2723 1023 3036 1098 dupliciter
3053 1024 3283 1084 infinita
3316 1044 3330 1083 :
3362 1027 3578 1086 scilicet
3604 1042 3818 1085 moreau-

2036 1119 2322 1176 infinitate
2364 1119 2683 1194 temporiS,
2729 1118 2822 1176 vel
2870 1118 3157 1177 infinitate
3216 1120 3465 1179 virtutis.
3514 1126 3578 1181 tn
3604 1103 3792 1211 ἰξέζζῗ

2036 1218 2226 1271 morte
2255 1213 2498 1288 quidem
2525 1213 2785 1270 hominis
2807 1228 2933 1271 esse
2952 1228 3074 1271 non
3101 1213 3293 1287 potuit
3320 1214 3578 1275 infinitas

2036 1307 2259 1364 virtutis
2291 1325 2305 1363 :
2334 1306 2494 1363 unde
2531 1306 2738 1364 debuit
2782 1323 2906 1364 esse
2955 1307 3214 1366 infinitas
3244 1309 3526 1383 temporis
3558 1328 3573 1367 :

2035 1416 2177 1457 nam
2201 1399 2346 1457 alias
2374 1415 2497 1457 non
2525 1407 2675 1458 esset
2712 1399 2798 1457 ibi
2825 1400 3100 1458 infinitaS.
3142 1400 3257 1460 Sed
3283 1402 3349 1460 in
3387 1407 3576 1462 morte

2035 1492 2347 1551 Salvatoris
2379 1492 2509 1550 -fuit
2560 1493 2818 1551 infinitas
2868 1493 3098 1551 virtutis
3143 1512 3157 1551 :
3217 1511 3401 1570 quare
3453 1513 3575 1555 non

2037 1587 2331 1661 oportuit,
2363 1588 2527 1661 quod
2567 1590 2715 1644 esset
2743 1587 2827 1644 ibi
2853 1586 3111 1646 infinitas
3145 1590 3426 1664 temporis
3435 1610 3454 1663 3
3484 1591 3574 1649 sin

2034 1682 2201 1753 alias,
2226 1682 2309 1739 ibi
2334 1698 2457 1740 non
2498 1687 2645 1740 esset
2669 1683 2935 1757 aequitas,
2979 1685 3127 1742 Sane
3155 1683 3347 1742 fuitin
3373 1686 3574 1743 Salva-
3604 1703 3814 1747 incuris-

2032 1781 2159 1833 tore
2188 1775 2368 1834 virtus
2393 1776 2641 1846 infinita,
2670 1780 2794 1834 tam
2814 1777 3100 1836 infinitate
3131 1782 3369 1850 naturae,
3393 1796 3573 1853 quam
3600 1765 3812 1872 8333:-

2032 1869 2316 1928 infinitate
2345 1871 2543 1944 gratioe
2574 1890 2588 1928 :
2617 1888 2757 1929 nam
2801 1871 3059 1930 infinitas
3096 1876 3321 1931 naturae
3364 1872 3474 1931 t'uit
3509 1872 3574 1931 in
3600 1891 3645 1934 ot
3669 1859 3811 1945 grati}

2035 1964 2364 2036 divinitate,
2414 1970 2469 2023 et
2512 1965 2768 2025 infinitas
2813 1967 3016 2040 gratioe
3055 1967 3119 2025 in
3163 1967 3524 2025 humanitate
3555 1986 3569 2026 ε
3599 1955 3785 2000 mum·

2032 2059 2289 2133 ideoque
2333 2065 2558 2118 tantum
2608 2060 2801 2135 potuit
2843 2061 3076 2119 solvere
3115 2060 3301 2119 virtus
3344 2061 3574 2120 infinita

2030 2156 2297 2228 tempore
2336 2154 2535 2227 finito,
2576 2159 2865 2229 quantum
2905 2155 3089 2213 virtus
3116 2154 3282 2213 finita
3306 2158 3571 2229 tempore

2029 2245 2282 2306 infinito.
2332 2251 2642 2323 Propterea
2687 2249 3182 2323 Psalmographus
3236 2248 3568 2307 misericor-

2031 2340 2194 2398 diam
2222 2342 2539 2400 Salvatoris
2573 2342 2818 2400 viriliter
2844 2343 3230 2416 ponderavit,
3277 2343 3418 2417 quia
3455 2343 3571 2401 vir·

2029 2440 2212 2493 tutem
2229 2437 2443 2509 judicis
2470 2437 2858 2512 persolventis
2884 2453 2994 2511 pro
3030 2437 3146 2497 reis
3162 2437 3415 2496 fideliter
3433 2453 3570 2494 con-

2026 2530 2323 2589 sideravit.

2523 2673 2797 2730 Articulus
2832 2675 3099 2745 quartus.

2096 2815 2285 2874 Tertia
2310 2814 2718 2873 misericordia
2740 2814 3092 2889 postulatur,
3120 2815 3259 2874 cum'
3290 2816 3570 2891 superad-

2026 2911 2186 2969 ditur
2215 2929 2230 2967 :
2267 2913 2497 2982 Vivifica
2518 2927 2617 2966 me.
2649 2912 2797 2966 Nam
2813 2908 3212 2982 proculdubio
3236 2909 3395 2970 dicta
3420 2911 3566 2969 vivi·
3658 2920 3667 2932 ·

2024 3003 2222 3061 ficatio
2247 3008 2331 3061 est
2354 3002 2559 3061 mortis
2600 3001 2927 3074 absoluti0‚
2972 3005 3030 3062 et
3070 3003 3202 3061 vitae
3244 3004 3563 3076 restituti0,

2025 3115 2210 3174 quam
2234 3098 2496 3173 postulat
2533 3101 2799 3156 creatura
2832 3097 3163 3172 prolixitate
3203 3097 3452 3157 miseriae
3477 3098 3565 3157 fa·

2020 3194 2221 3267 tigata.
2252 3195 2366 3253 Sed
2391 3199 2567 3265 nota,
2611 3196 2777 3270 quod
2822 3200 2908 3254 est
2946 3194 3265 3253 vivificatio
3301 3212 3405 3252 seu
3430 3195 3563 3254 vitae
3644 3217 3796 3261 Vivis-

2001 3282 2305 3348 'restitutio
2349 3291 2633 3365 tripartita
2664 3310 2678 3348 ε
2710 3291 2827 3349 alia
2869 3288 3188 3348 vivificatio
3228 3289 3523 3347 viatorum
3540 3308 3558 3361 3
3589 3278 3700 3322 ⁰⁸⁶⁰
3719 3280 3798 3324 “¹-

2019 3385 2139 3443 alia
2190 3383 2510 3442 vivificatio
2566 3386 3016 3457 damnatorum3
3077 3384 3194 3442 alia
3241 3384 3559 3441 vivificatio
3587 3342 3705 3395 μα’

2016 3479 2348 3536 beatorum.
2395 3471 2589 3537 Prima
2623 3478 2942 3536 vivificatio
2989 3482 3074 3536 est
3113 3478 3397 3537 restitutio
3426 3478 3560 3537 vitae

2015 3572 2389 3647 periculosae3
2448 3572 2708 3631 secunda
2759 3572 3080 3631 vivificatio
3136 3576 3222 3631 est
3274 3572 3556 3632 restitutio

2015 3667 2150 3726 vitae
2193 3667 2566 3742 perniciosoe3
2598 3667 2766 3726 tertia
2799 3667 3120 3727 vivificatio
3161 3672 3247 3726 est
3271 3666 3555 3727 restitutio

2015 3763 2148 3821 vitae
2177 3762 2489 3821 deliciosae.
2522 3766 2601 3820 De
2627 3762 2823 3837 primo
2844 3763 2867 3798 ⁸
2900 3780 2916 3819 ε
2950 3768 2988 3817 α’
3008 3761 3292 3836 Apparuit
3316 3760 3551 3833 mulier,

2013 3858 2182 3929 quus
2225 3856 2627 3915 vivificaverat
2663 3856 2887 3928 filium,
2927 3877 2956 3913 »
3006 3855 3226 3915 scilicet
3270 3856 3550 3916 Elisaeus=

2011 3966 2148 4009 ecce
2176 3949 2491 4008 vivificatio
2510 3950 2825 4009 viatorum.
2857 3952 2935 4008 De
2962 3950 3249 4024 secundo,
3277 3950 3383 4008 ubi
3411 3951 3553 4009 dicit

2009 4044 2293 4102 Dominus
2321 4044 2397 4101 de
2424 4044 2788 4117 quibusdam
2829 4044 3239 4103 adulatoribus
3263 4045 3286 4080 ⁹
3315 4062 3330 4101 ε
3361 4064 3390 4101 α
3417 4044 3550 4103 vio-

2005 4137 2211 4196 labant
2246 4153 2342 4195 me
2394 4137 2474 4195 ad
2500 4138 2795 4212 populum
2820 4154 3053 4213 meum,
3082 4143 3322 4215 propter
3347 4138 3546 4215 pugil-

2005 4232 2134 4291 lum
2160 4232 2371 4291 hordei
2419 4237 2476 4290 et
2511 4233 2782 4307 fragmen
2826 4234 3029 4309 panis3
3057 4239 3125 4293 ut
3157 4235 3548 4295 interficerent

2006 4327 2267 4399 animaS,
2319 4343 2450 4401 quae
2497 4343 2621 4385 non
2679 4328 3040 4402 moriuntur,
3083 4334 3140 4388 et
3182 4331 3548 4389 vivificarent

2005 4420 2263 4492 animas,
2309 4437 2442 4494 quae
2482 4436 2607 4479 non
2632 4421 2874 4494 vivunt,
2903 4423 3251 4481 mentientes
3280 4442 3295 4482 ι
3324 4445 3354 4479 ιι
3378 4424 3545 4499 quod

2002 4518 2196 4588 potest
2220 4513 2408 4587 accipi
2437 4513 2513 4571 de
2541 4514 2833 4573 damnatis
2869 4533 2883 4572 :
2912 4531 3055 4574 nam
3080 4518 3352 4575 nonnulli
3390 4519 3543 4576 vivi-

2002 4607 2205 4679 ficant,
2229 4606 2294 4663 id
2324 4609 2411 4665 est
2436 4605 2712 4664 vivificati
2734 4606 3057 4681 proedicant
3084 4608 3163 4667 ad
3194 4609 3372 4668 vitam
3415 4612 3543 4685 glo-

2002 4701 2103 4759 riae
2129 4700 2378 4773 animaS,
2409 4717 2542 4775 quae
2567 4716 2691 4759 non
2715 4701 2925 4761 vivunt
2936 4702 3057 4761 vita
3077 4703 3300 4776 gratiae,
3321 4708 3378 4762 et
3401 4704 3540 4764 ideo

2001 4810 2125 4851 non
2152 4793 2523 4871 vivificantur
2561 4811 2747 4869 usque
2781 4795 2860 4855 ad
2886 4795 3068 4854 vitam
3109 4796 3316 4870 gloriae
3343 4799 3433 4872 (b).
3463 4803 3540 4857 De

2000 4888 2168 4947 tertio
2192 4890 2236 4925 ¹⁰
2266 4907 2281 4946 ε
2319 4908 2348 4945 α
2373 4888 2484 4959 Qui
2515 4888 2808 4963 quaesierit
2823 4890 3091 4949 animam
3117 4906 3290 4949 suam
3314 4894 3542 4951 salvam

1998 4982 2212 5053 facere,
2240 4984 2447 5056 perdet
2494 4982 2691 5056 illam3
2739 4988 2797 5043 et
2832 4986 2936 5060 qui
2970 4985 3296 5059 perdiderit
3335 4985 3536 5060 illam,

2001 5075 2321 5135 vivificabit
2363 5092 2496 5136 eam
2537 5096 2552 5134 ι
2594 5098 2623 5132 »
2675 5094 2808 5137 ecce
2843 5078 3161 5138 vivificatio
3200 5079 3534 5140 beatorum.

2000 5216 2046 5262 3.
2084 5238 2144 5248 -
2188 5210 2206 5244 ⁷
2256 5211 2431 5267 Levit„
2483 5223 2625 5272 xxw,
2663 5215 2741 5261 22.
2781 5239 2843 5250 —
2889 5214 2907 5243 ⁸
2948 5215 3012 5264 lv
3056 5215 3196 5278 Κεφ,
3236 5226 3363 5277 vui,
3393 5219 3442 5267 ὅ.
3476 5242 3536 5262 -,

1999 5284 2018 5312 ¹¹
2047 5282 2249 5344 Ezeck„
2280 5294 2396 5343 xm,
2429 5285 2505 5333 18.
2531 5308 2582 5318 -
2618 5284 2656 5318 ¹⁰
2685 5283 2818 5340 Luc..
2847 5296 2974 5349 xvxi,
3006 5287 3085 5337 33.

2062 5367 2135 5433 (a)
2163 5368 2339 5435 suppl.
2364 5367 2587 5421 Domini.
2609 5394 2670 5407 -
2697 5368 2770 5435 (b)
2798 5370 2920 5421 Cat.
2947 5370 3066 5427 edit.
3095 5372 3339 5433 miserim,
