4196 6294
785 472 904 531 404

1828 453 2236 522 EXPOSITIO
2280 455 2361 523 IN
2401 455 2924 527 PSALTERIUM.

786 603 916 659 liter
951 601 1008 657 et
1042 595 1419 657 notionaliter
1456 612 1470 650 ε
1503 608 1758 668 quorum
1797 590 2032 665 singula
2079 591 2325 664 singulis
2431 594 2619 668 clara,
2649 603 2705 654 et
2731 614 2952 656 sonora
2979 599 3081 653 est.
3113 595 3209 653 Vis
3235 594 3389 653 scire
3415 594 3680 669 quibus?
3706 594 3849 650 Cara
3870 595 3942 649 est

785 692 1126 753 subnotavit
1161 688 1420 751 articulis
1438 731 1458 761 ,
1488 687 1612 745 sine
1643 684 1985 760 praeJudicio
2024 684 2324 742 sententiaa
2430 689 2868 763 acquirentibus
2885 733 2906 764 ,
2961 689 3122 748 clara
3167 689 3542 761 videntibus,
3592 702 3806 746 sonora
3847 702 3940 744 au-

782 788 1053 847 sanioris,

1419 853 1673 919 Epilogus.

849 972 940 1029 Ait
967 985 1107 1042 ergo
1144 966 1433 1040 Propheta
1463 981 1477 1020 z
1510 966 1815 1020 Bonitctem
1847 963 2065 1033 fecisti,
2094 977 2320 1035 praeno-

782 1070 909 1123 tans
946 1061 1204 1121 sanitatis
1241 1059 1542 1124 habitum,
1588 1055 1693 1130 qui
1739 1055 2150 1127 transmissus;
2188 1056 2318 1112 Cum

775 1175 924 1216 servo
954 1163 1074 1229 tuo,
1103 1154 1427 1213 subnotans
1464 1150 1619 1209 servi
1666 1150 1938 1225 spiritum
1974 1192 1993 1222 ,
2023 1148 2086 1206 in
2135 1165 2317 1223 quem

774 1250 1183 1320 transmissus;
1226 1250 1481 1318 Domine,
1531 1249 1821 1303 annotans
1861 1243 2190 1316 Ingenitum
2208 1284 2228 1314 ,
2277 1258 2316 1302 a

774 1364 895 1423 quo
924 1344 1331 1414 transmissus;
1378 1342 1678 1399 Secundum
1716 1341 1931 1397 verbum
1974 1346 2127 1397 tuum
2146 1381 2165 1410 ,
2205 1337 2312 1394 de-

772 1447 981 1501 notans
1009 1438 1378 1512 Unigenitum
1399 1478 1419 1508 ,
1447 1449 1555 1510 per
1582 1450 1762 1508 quem
1790 1433 2183 1491 transmissus.

1308 1636 1637 1681 mstcutus
1671 1635 1734 1677 u.

821 1778 912 1834 66.
926 1776 1233 1832 Bonitatem
1243 1776 1294 1828 et
1306 1770 1677 1843 disciplinam,
1690 1767 2176 1827 etc.Curationem
2188 1764 2309 1821 vir-

767 1871 904 1929 tutis
930 1865 1371 1943 apprehensivoe
1397 1862 1657 1921 vidimus
1682 1861 1747 1920 in
1773 1860 2065 1919 versiculo
2092 1874 2309 1932 praece-

767 1966 981 2034 dente;
1011 1961 1377 2018 curationem
1406 1956 1737 2032 appetitivae
1760 1956 1962 2014 videre
1989 1969 2308 2029 possumus

765 2059 829 2114 in
854 2055 1142 2130 prasenti.
1174 2054 1354 2127 Hujus
1382 2051 1697 2111 curationis
1747 2054 1834 2109 est
1881 2049 2091 2108 efficax
2133 2063 2307 2122 argu-

765 2155 1057 2222 mentum,
1097 2148 1265 2223 quod
1307 2146 1600 2205 aedificare
1646 2145 1869 2219 appetit
1908 2159 2123 2202 aurum
2141 2185 2159 2213 ,
2211 2156 2306 2199 ar-

765 2248 1041 2318 gentum,
1071 2248 1128 2301 et
1152 2241 1417 2316 lapidem
1441 2240 1765 2315 pretiosum
1796 2253 1974 2312 snper
1998 2235 2142 2294 fidei
2168 2234 2304 2293 fun-

764 2339 1128 2404 damentum.
1169 2339 1315 2397 Nam
1341 2334 1605 2410 profecto
1633 2332 1868 2391 bonitas
1902 2347 2049 2389 auro
2065 2372 2086 2403 ,
2134 2328 2306 2386 disci-

759 2432 927 2507 plina
952 2435 1194 2504 argento
1211 2473 1230 2502 ,
1260 2428 1502 2487 scientia
1528 2426 1710 2500 lapidi
1749 2425 2008 2500 pretioso
2030 2467 2046 2495 ,
2090 2421 2300 2482 credu-

758 2525 893 2585 litas
920 2525 1191 2598 congruit
1218 2523 1631 2582 fundamento·

1250 2666 1539 2722 Articulus
1566 2665 1799 2735 primus.

826 2794 1085 2853 Primum
1112 2791 1359 2868 quidem
1386 2788 1732 2858 insinuavit,
1757 2803 1894 2845 cum
1924 2788 2043 2844 ait:
2074 2785 2298 2843 Bonita-

757 2897 882 2960 tem,
902 2888 968 2946 id
995 2893 1099 2959 est,
1127 2887 1353 2945 bonam
1380 2883 1593 2953 mentis
1621 2881 2004 2958 qualitatem:
2030 2885 2166 2938 Doce
2193 2896 2299 2950 me,

755 2999 878 3042 non
906 2982 1193 3053 theorice,
1221 2980 1327 3038 sed
1356 2977 1608 3054 practice
1632 2997 1651 3050 3
1681 2992 1790 3033 nec
1818 2973 2164 3043 indicando,
2190 2973 2297 3030 sed

754 3077 1129 3136 aedificando·
1174 3077 1304 3133 Hoec
1351 3078 1436 3131 est
1487 3072 1722 3131 bonitas
1770 3085 1950 3127 aurea
1960 3088 1977 3140 3
2031 3068 2156 3125 haec
2212 3068 2298 3124 est

755 3174 918 3231 bona
940 3170 1272 3246 dispositio,
1295 3170 1583 3243 quantum
1610 3165 1689 3224 ad
1713 3164 2008 3222 interiora.
2042 3167 2107 3220 Et
2134 3168 2295 3234 nota,

755 3266 922 3340 quod
946 3265 1181 3324 bonitas
1208 3264 1319 3322 ista
1360 3266 1446 3320 est
1486 3277 1634 3320 auro
1661 3258 2080 3333 comparabilis
2107 3273 2295 3332 prop-

754 3366 838 3417 ter
858 3359 966 3418 tria
998 3379 1011 3417 :
1044 3360 1190 3434 quia
1216 3358 1365 3415 sicut
1392 3372 1604 3414 aurum
1633 3358 1718 3412 est
1743 3354 2174 3429 ponderosum,
2203 3368 2297 3410 ra-

753 3455 987 3512 diosum
1007 3494 1028 3525 ,
1058 3453 1462 3522 fructuosum3
1497 3449 1581 3507 sic
1610 3449 1842 3507 bonitas
1869 3449 1979 3506 ista
2015 3452 2102 3504 est
2136 3462 2292 3520 pon-

752 3551 994 3619 derosa,
1022 3547 1294 3620 radiosa,
1326 3550 1382 3604 et
1407 3545 1728 3603 fructuosa.
1759 3543 1977 3613 Quaeris
1991 3585 2012 3616 ,
2036 3542 2295 3617 quibus?

750 3645 1082 3702 ponderosa
1106 3639 1555 3717 poenitentibuS,
1585 3636 1823 3696 radiosa
1847 3635 2294 3710 contemplanti-

746 3743 894 3810 bus,
921 3716 1221 3797 fructuosa
1250 3735 1643 3811 gustantibus,
1682 3735 1760 3789 De
1787 3733 1986 3805 primo
2016 3732 2032 3765 ¹
2064 3751 2080 3789 :
2119 3751 2150 3786 α
2176 3734 2290 3790 Do-

746 3833 903 3891 mine
925 3875 944 3904 ,
995 3830 1324 3890 secundum
1373 3827 1702 3887 bonitatem
1748 3831 1912 3885 tuam
1971 3825 2291 3900 promisisti

745 3917 1146 4002 poenitentiam
1172 3944 1187 3983 ε
1216 3946 1244 3981 ¹>
1272 3940 1407 3982 ecce
1433 3922 1671 3981 bonitas
1698 3919 2118 3996 poenitentibus
2143 3935 2292 3994 pon-

746 4023 977 4080 derosa.
1030 4023 1108 4077 De
1154 4018 1419 4077 secundo
1469 4017 1744 4074 scribitur
1770 4016 1793 4049 ¹
1825 4034 1839 4073 ε
1876 4035 1905 4068 α
1936 4016 1999 4072 ln
2026 4015 2290 4073 bonitate

744 4121 842 4174 tua
878 4115 1027 4172 doce
1067 4129 1164 4172 me
1196 4117 1211 4170 ὲ
1240 4133 1269 4169 ι)
1305 4127 1440 4172 ecce
1473 4110 1708 4169 bonitas
1751 4108 2290 4182 contemplantibus

740 4208 1000 4269 radiosa.
1040 4211 1117 4267 De
1154 4206 1323 4267 tertio
1344 4209 1367 4243 ³
1400 4224 1415 4264 :
1452 4226 1480 4260 α
1506 4208 1748 4263 Fructus
1775 4203 2010 4277 spiritus
2037 4205 2125 4261 est
2150 4201 2288 4259 cha-

741 4303 914 4375 ritas»,
947 4301 1210 4374 bonitas,
1239 4300 1563 4375 gaudium,
1591 4315 1747 4374 pax,
1775 4296 2094 4372 patientia,
2123 4295 2290 4353 beni-

741 4397 931 4472 gnitas
964 4416 978 4454 :
1011 4417 1040 4452 »
1073 4411 1209 4455 ecce
1235 4394 1473 4454 bonitas
1502 4391 1871 4467 gustantibus
1899 4390 2221 4450 fructuosa.
2263 4409 2264 4412 ¹

1198 4535 1482 4592 Articulus
1518 4531 1802 4590 secundus.

806 4646 1144 4709 Secundum
1169 4643 1484 4716 indicavit,
1516 4657 1654 4699 cum
1682 4641 1922 4699 additur
1953 4659 1968 4699 ε
2000 4644 2070 4699 Et
2111 4641 2281 4699 disci-

732 4749 974 4819 plinam,
1018 4742 1083 4800 id
1121 4743 1209 4799 est
1248 4737 1693 4813 compositionis
1729 4735 2106 4796 modestiam.
2155 4739 2284 4794 Haec

737 4845 823 4898 est
864 4835 1178 4911 disciplina
1232 4836 1549 4906 argentea3
1596 4831 1721 4888 haec
1777 4835 1864 4889 est
1907 4829 2280 4905 disciplinata

735 4933 1081 5008 compositio
1102 4974 1122 5003 ,
1162 4933 1452 5004 quantum
1497 4925 1577 4983 ad
1634 4924 1941 4983 exteriora.
1986 4928 2053 4982 Et
2095 4929 2276 4995 nota,

734 5027 901 5102 quod
927 5022 1241 5099 disciplina
1259 5025 1345 5079 est
1372 5023 1619 5092 argento
1641 5016 2060 5091 comparabilis
2089 5016 2277 5074 tribus

734 5122 809 5178 de
855 5118 1045 5178 causis
1084 5135 1100 5175 ε
1158 5117 1301 5191 quia
1345 5114 1495 5171 sicut
1538 5117 1848 5184 argentum
1893 5115 1999 5169 est.
2026 5127 2232 5169 carum
2252 5153 2274 5182 ,

731 5216 1000 5286 clarum,
1031 5215 1088 5270 et
1119 5225 1443 5281 sonorum3
1475 5207 1555 5266 ita
1584 5205 1900 5280 disciplina
1926 5208 1983 5263 et
2010 5222 2151 5264 cara
2170 5249 2189 5278 ,
2219 5209 2278 5263 et
2341 5199 2346 5202 ’

795 5353 805 5380 ¹
833 5351 977 5402 orat.
1005 5347 1225 5398 Manen.
1254 5369 1317 5383 —
1338 5343 1357 5373 ²
1378 5341 1517 5393 Psal.
1549 5341 1669 5405 hoc,
1700 5343 1779 5392 68.
1807 5367 1868 5379 -
1893 5342 1916 5377 ³
1943 5340 2079 5405 Gal„
2113 5351 2164 5404 ν,
2190 5343 2270 5390 22.

728 5448 788 5461 -
824 5422 846 5456 ⁸
874 5421 1042 5480 Prov„
1081 5427 1203 5480 vm,
1236 5417 1311 5466 to.
1339 5438 1403 5452 —
1432 5414 1454 5448 ⁸
1482 5414 1647 5475 Pron„
1682 5425 1824 5476 xxiv,
1853 5414 1931 5461 32.
1958 5439 2021 5450 -
2056 5413 2078 5447 ⁶
2103 5412 2275 5465 va..

2426 782 2745 841 dientibus.
2799 788 2875 842 De
2904 785 3099 859 primo
3129 784 3151 819 ⁸
3183 802 3197 840 τ
3233 801 3262 837 α
3291 782 3544 855 Accipite
3590 780 3940 854 disciplinam

2425 892 2621 934 meam
2641 921 2660 948 ,
2688 883 2745 936 et
2771 895 2892 936 non
2919 879 3234 953 pecuniam
3265 895 3280 934 :
3306 896 3333 931 ιο
3368 893 3502 934 ecce
3531 874 3836 950 disciplina
3860 891 3942 932 ac-

2426 970 2793 1044 quirentibus
2822 989 2997 1045 cara,
3034 971 3178 1046 quia
3219 971 3411 1028 carior
3459 986 3645 1044 qnam
3688 969 3936 1042 pecunia.

2423 1065 2500 1120 De
2529 1066 2789 1123 secundo
2812 1067 2834 1101 ⁸
2866 1085 2879 1123 ε
2915 1086 2941 1119 α
2970 1068 3114 1124 Cum
3141 1064 3422 1122 vidissem
3442 1106 3460 1135 ,
3490 1064 3665 1138 posui
3694 1064 3756 1120 in
3782 1062 3938 1121 corde

2422 1177 2589 1235 mec,
2641 1167 2696 1220 et
2743 1163 3016 1238 exemplo
3064 1163 3244 1221 didici
3296 1161 3671 1237 disciplinam
3705 1180 3718 1219 ε
3749 1184 3776 1213 »
3825 1177 3939 1219 ecce

2423 1255 2736 1331 disciplina
2762 1257 3100 1317 videntibus
3128 1256 3308 1315 clara.
3340 1260 3418 1314 De
3446 1257 3613 1313 tertio
3636 1259 3658 1292 ⁶
3693 1274 3707 1312 :
3734 1276 3763 1309 ι
3785 1254 3939 1314 Audi·

2420 1354 2510 1421 te,
2547 1350 2690 1423 filii,
2736 1352 3108 1433 disciplinam
3133 1351 3315 1427 patris
3344 1371 3362 1407 ε
3393 1369 3422 1404 »
3472 1367 3606 1408 ecce
3649 1349 3939 1424 disciplina

2420 1443 2795 1503 audientibus
2821 1462 3059 1505 sonora.

2924 1605 3209 1661 articulus
3246 1607 3458 1660 tertius.

2487 1728 2739 1785 Tertium
2761 1718 3107 1801 insinuavit,
3133 1744 3271 1787 cum
3287 1727 3489 1787 subdit
3513 1730 3626 1785 :Et
3651 1731 3938 1795 scientiam,

2415 1821 2478 1877 id
2517 1824 2631 1894 est,
2669 1823 3041 1896 superiorum
3086 1823 3373 1881 notitiam.
3414 1825 3542 1881 Haec
3588 1827 3678 1880 est
3720 1822 3937 1879 scientia

2412 1915 2671 1988 pretiosa
2689 1934 2706 1987 3
2737 1915 2861 1974 haec
2900 1920 2986 1974 est
3021 1915 3271 1976 discreta
3308 1916 3594 1991 expositio
3615 1959 3635 1989 ,
3667 1920 3936 1992 quantum

2412 2008 2492 2066 ad
2540 2008 2863 2084 superiora.
2913 2014 2978 2067 Et
3026 2014 3197 2082 nota,
3244 2009 3411 2084 quod
3455 2010 3609 2068 hanc
3653 2010 3936 2068 scientiam

2409 2118 2725 2176 possumus
2750 2105 3021 2178 pretiosis
3055 2104 3358 2179 lapidibus
3395 2120 3747 2178 comparare
3767 2147 3785 2177 ‚
3820 2119 3935 2177 spe·

2412 2197 2632 2255 cialiter
2668 2197 2883 2272 triplici
2920 2197 3147 2256 ratione
3179 2216 3193 2255 :
3228 2200 3369 2273 quia
3393 2197 3540 2255 sicut
3565 2198 3630 2255 in
3656 2196 3936 2273 lapidibus

2408 2291 2678 2365 pretiosis
2709 2292 2989 2365 quaeritur
3013 2291 3228 2351 veritas
3247 2335 3268 2364 ,
3295 2292 3529 2351 claritas
3546 2333 3570 2362 ,
3606 2297 3669 2350 et
3702 2290 3933 2349 salubri·

2409 2388 2523 2458 tas;
2547 2385 2626 2441 sic
2644 2386 2706 2442 in
2719 2386 3148 2460 scripturarum
3165 2385 3569 2461 spiritualibus
3586 2386 3858 2445 theoricis
3871 2386 3931 2457 (a)

2408 2479 2687 2552 quoeritur
2712 2480 2953 2537 scientia
2979 2480 3267 2551 veritatis,
3296 2479 3571 2538 claritatis
3586 2522 3608 2551 ,
3631 2484 3692 2537 et
3718 2478 3932 2548 salutiS,

2409 2577 2694 2647 quantum
2724 2572 2803 2631 ad
2832 2573 3223 2647 expositiones
3269 2573 3618 2647 allegoricas
3639 2615 3660 2644 ,
3688 2572 3936 2648 tropolo-

2406 2666 2597 2740 gicaS,
2628 2671 2682 2723 et
2711 2667 3089 2739 anagogicas,
3133 2669 3211 2724 De
3246 2667 3441 2741 prima
3476 2667 3720 2726 scientia
3745 2667 3932 2725 scribi·

2405 2764 2499 2817 tur
2528 2758 2606 2817 ab
2642 2760 2924 2834 Apostolo
2946 2759 2968 2792 '¹
3000 2780 3014 2818 ε
3052 2780 3082 2814 <1
3109 2762 3351 2834 Semper
3379 2760 3700 2832 discentes,
3727 2766 3782 2819 et
3806 2774 3933 2819 nun·

2406 2869 2587 2928 quam
2619 2853 2699 2912 ad
2725 2854 3026 2912 scientiam
3056 2854 3314 2912 veritatis
3339 2855 3770 2927 pervenientes,
3795 2876 3823 2909 ι
3846 2857 3933 2912 Ta·

2402 2946 2489 3005 les
2518 2952 2655 3005 sunt
2693 2948 2912 3018 Judaei,
2953 2963 3187 3022 semper
3221 2948 3483 3021 legentes
3518 2949 3932 3025 scripturarum

2402 3041 2698 3114 historiaS,
2716 3047 2771 3099 et
2783 3057 3094 3115 nunquam
3116 3043 3521 3115 pervenientes
3538 3043 3619 3100 ad
3638 3059 3845 3102 earum
3861 3041 3931 3099 al·

2400 3134 2691 3209 legoricas
2718 3136 3008 3195 theoricas
3029 3136 3122 3211 (b).
3145 3138 3224 3195 De
3253 3139 3514 3196 secunda
3536 3154 3684 3197 vero
3709 3135 3930 3197 scientia

2400 3236 2592 3304 potest
2625 3230 2812 3304 accipi
2851 3230 2998 3287 illud
3029 3230 3280 3289 verbum
3305 3233 3566 3306 Apostoli
3599 3241 3621 3275 ⁸
3651 3250 3669 3290 :
3709 3253 3738 3287 ε(
3765 3236 3928 3299 Deus,

2401 3324 2501 3397 qui
2521 3323 2590 3399 (c)
2608 3324 2756 3382 dixit
2774 3324 2848 3381 de
2872 3324 3130 3382 tenebris
3149 3325 3344 3382 lucem
3368 3325 3798 3400 splendescere,
3818 3326 3927 3400 ipse

2399 3418 2591 3477 illuxit
2628 3421 2690 3477 in
2738 3420 3021 3478 cordibus
3061 3423 3276 3479 nostris
3320 3422 3400 3479 ad
3449 3422 3927 3481 illuminationem

2399 3513 2652 3571 scientiae
2702 3513 2978 3572 claritatis
3022 3517 3141 3572 Dei.
3182 3536 3208 3570 ι)
3253 3517 3364 3573 Ista
3406 3516 3672 3589 profecto
3715 3517 3927 3576 claritas

2397 3611 2589 3680 potest
2623 3607 2740 3666 dici
2771 3608 2932 3665 clara
2961 3608 3262 3667 moralitas
3281 3651 3301 3681 ,
3338 3626 3523 3683 quam
3562 3614 3732 3670 Pater
3764 3610 3928 3668 lumi-

2397 3716 2544 3758 num
2569 3700 2708 3759 facit
2745 3701 3154 3776 splendescere
3195 3703 3272 3759 de
3298 3704 3589 3775 tenebriS,
3618 3704 3686 3762 id
3723 3709 3835 3774 est,
3860 3703 3924 3759 de

2403 3797 2672 3855 obscuris
2694 3798 3125 3872 ScrIpturarum
3151 3800 3377 3873 figuris.
3409 3802 3487 3858 De
3511 3802 3679 3859 tertia
3706 3818 3826 3860 non
3851 3800 3925 3856 in-

2397 3890 2671 3949 decenter
2719 3890 3128 3964 intelligimuS‚
3191 3893 3358 3967 quod
3398 3893 3649 3966 legimus
3674 3897 3698 3930 ⁹
3742 3915 3758 3952 ε
3799 3915 3827 3949 α
3851 3892 3926 3952 Ad

2397 3983 2662 4042 dandam
2708 3985 3014 4043 scientiam
3056 3987 3259 4044 salutis
3301 3986 3464 4060 plebi
3508 3989 3631 4060 ejus
3680 4005 3696 4045 ε
3733 4007 3764 4044 t
3814 3987 3924 4045 hoec

2396 4078 2555 4136 enim
2581 4095 2705 4137 non
2726 4079 2922 4137 solum
2941 4082 3027 4137 est
3042 4084 3286 4154 propter
3309 4080 3579 4154 salntem,
3602 4081 3753 4140 sicut
3777 4080 3919 4150 alioe;

2395 4171 2502 4230 sed
2530 4173 2707 4231 etiam
2735 4173 2810 4231 de
2850 4173 3035 4232 salute
3061 4193 3077 4232 ε
3109 4179 3166 4232 et
3191 4174 3335 4248 quia
3362 4175 3437 4232 de
3464 4175 3650 4234 salute
3678 4173 3920 4248 singula-

2393 4266 2531 4324 riter
2547 4269 2662 4340 est,
2687 4267 2929 4326 scientia
2948 4267 3151 4327 salutis
3173 4267 3549 4342 potissimum
3572 4267 3695 4327 dici
3723 4271 3914 4343 potest.

2883 4427 3165 4483 Articulus
3201 4431 3447 4499 quartus.

2460 4549 2746 4617 Quartum
2772 4547 3135 4623 implicavit,
3155 4565 3292 4607 cum
3321 4548 3764 4624 superaddidit:
3788 4550 3918 4619 Quia

2389 4643 2664 4700 mandatis
2682 4645 2794 4700 tuis
2812 4642 3041 4701 credidi.
3062 4643 3216 4712 Quid
3237 4647 3324 4702 est
3345 4644 3642 4703 mandatis
3667 4645 3915 4713 credere,

2388 4736 2502 4793 nisi
2529 4736 2885 4796 credulitatis
2913 4738 3367 4798 fundamentum
3393 4741 3694 4798 sternere?
3720 4742 3918 4798 Notan-

2389 4828 2535 4887 dum
2565 4830 2759 4903 igitur,
2791 4831 2957 4906 quod
2986 4832 3124 4890 fidei
3151 4833 3603 4893 fundamentum
3628 4830 3914 4891 credendo

2387 4925 2678 4992 sternitur,
2728 4931 2785 4983 et
2828 4927 3050 4986 idcirco
3092 4929 3395 5004 tripliciter
3432 4930 3738 5002 sternitur,
3786 4926 3916 5002 quia

2384 5017 2686 5092 tripliciter
2714 5020 2993 5092 ereditur,
3020 5021 3298 5082 videlicet
3323 5024 3536 5096 corde,
3567 5038 3696 5095 ore,
3722 5036 3908 5097 opere.

2383 5112 2546 5169 Unde
2566 5112 2715 5169 fides
2733 5113 2913 5172 corde
2931 5114 3229 5189 firmatur,
3253 5132 3354 5175 ore
3374 5117 3729 5189 affirmatur,
3746 5128 3911 5189 opere

2385 5269 2453 5322 tv,
2479 5262 2588 5309 l.—
2608 5259 2625 5288 ⁷
2649 5259 2688 5308 ll
2714 5257 2859 5321 Tim„
2880 5272 2961 5326 111,
2977 5264 3089 5313 7.-
3111 5264 3130 5292 ⁸
3151 5262 3193 5312 ΙΙ
3215 5262 3351 5327 Cor„
3373 5272 3444 5327 iv,
3464 5265 3576 5314 6.-
3594 5263 3617 5298 ⁹
3639 5263 3773 5324 Luc„
3790 5259 3909 5323 1,7·1.

2444 5339 2510 5402 (α)
2541 5338 2773 5390 Fortasse
2796 5341 3061 5406 leqendum
3083 5342 3329 5396 theorias·
3347 5370 3410 5383 —
3434 5343 3501 5410 (ὁ)
3529 5342 3654 5396 Item
3678 5341 3906 5396 theorias.

2381 5436 2441 5449 —
2471 5412 2533 5475 (c)
2563 5411 2702 5462 Edit.
2742 5412 2857 5464 Veri.
2888 5415 3025 5480 quia.
