4196 6294
693 407 812 468 tm

692 538 974 614 cupiseite
995 581 1015 611 ,
1042 538 1199 596 utin
1235 552 1309 597 eo
1336 536 1607 596 crescatis
1644 537 1706 594 in
1736 535 2022 602 salutem,
2060 530 2111 588 si
2148 534 2232 587 ta-

690 647 833 691 men
867 631 1147 705 gustatis,
1177 630 1464 706 quoniam
1506 630 1697 689 dulcis
1736 634 1824 690 est
1869 627 2225 687 Dominus.»

690 730 835 785 Ecce
863 725 1121 786 dulcedo
1149 725 1579 801 praegustativa.

1158 885 1445 943 Articulus
1480 882 1757 942 secundus.

759 1012 1054 1082 Quantum
1086 1011 1168 1069 ad
1202 1010 1466 1085 primum
1500 1007 1898 1085 praegustandi
1936 1007 2189 1065 modum
2212 1048 2231 1077 ,

688 1104 1005 1179 adjicitur:
1047 1107 1312 1162 Faucibus
1347 1107 1512 1171 meis,
1553 1104 1839 1179 quoniam
1876 1103 1980 1159 iste
2013 1100 2232 1159 modus

688 1202 775 1256 est
814 1198 1207 1274 epulatorius,
1251 1203 1309 1257 et
1351 1199 1582 1273 epulari
1625 1197 1896 1256 convenit
1935 1194 2226 1254 faucibus.

685 1291 848 1349 Felix
875 1292 1169 1366 epulatio,
1201 1307 1322 1367 qua
1347 1292 1579 1350 bonum
1609 1306 1862 1365 operans
1887 1288 1950 1346 in
1977 1287 2228 1346 Domino

686 1384 988 1457 gratulans
1023 1384 1299 1459 epulatur
1324 1401 1462 1442 cum
1488 1384 1759 1442 Domino.
1799 1383 1888 1440 Sic
1918 1380 2232 1456 epulantur

682 1478 861 1551 justi,
899 1482 955 1535 et
998 1478 1262 1537 exultant
1297 1479 1360 1537 in
1396 1482 1715 1552 conspectu
1757 1477 1875 1534 Dei.
1912 1475 2026 1534 Sed
2054 1476 2227 1546 nota,

683 1570 903 1646 quibus
922 1571 1195 1630 faucibus
1213 1571 1345 1631 talis
1372 1575 1660 1645 congruat
1679 1568 2079 1645 praegustandi
2104 1583 2230 1625 mo·

682 1664 797 1723 dus
827 1683 842 1722 :
875 1665 1019 1741 quia
1042 1682 1167 1724 non
1196 1665 1467 1724 faucibus
1494 1665 1847 1723 stolidorum
1874 1662 2190 1721 avidorum
2206 1701 2227 1730 ,

684 1758 778 1816 vel
801 1759 1176 1833 cupidorum,
1194 1759 1303 1817 sed
1319 1758 1527 1836 spiritu
1551 1758 1937 1817 fervidorum.
1961 1758 2229 1826 Quorum

679 1852 858 1926 primi
894 1856 1031 1912 suut
1072 1852 1349 1926 fallaces3
1395 1852 1671 1923 secundi,
1716 1867 1961 1909 voraces
1972 1871 1990 1924 3
2034 1849 2224 1920 tertii,

679 1961 926 2021 rapaces
945 1966 964 2019 3
998 1947 1223 2021 quarti,
1251 1946 1488 2020 vivaces
1518 1950 1575 2005 et
1618 1946 1680 2004 in
1720 1946 1895 2003 bonis
1945 1943 2227 2018 operibus

680 2040 970 2101 efficaces.
1000 2046 1076 2101 De
1104 2043 1298 2116 primo
1318 2047 1336 2081 ¹
1370 2061 1385 2100 ε
1418 2045 1583 2099 «Non
1610 2040 1912 2099 invenietis
1942 2041 2003 2097 in
2021 2038 2228 2111 lingua

679 2149 819 2194 mea
844 2136 1248 2210 iniquitatem,
1279 2152 1389 2195 nec
1416 2136 1477 2193 in
1504 2134 1777 2193 faucibus
1810 2133 1959 2191 meis
1987 2131 2227 2190 stultitia

674 2229 1023 2303 personabit
1033 2248 1051 2301 3
1070 2251 1099 2285 ιι
1127 2231 1298 2304 quasi
1326 2231 1518 2298 dicat,
1547 2229 1697 2288 sicut
1723 2229 1786 2286 in
1813 2227 2084 2285 faucibus
2108 2228 2224 2284 sto·

675 2321 959 2381 lidorum.
990 2326 1068 2381 De
1095 2324 1358 2383 secundo
1381 2321 1410 2360 ἲ
1442 2342 1456 2381 :
1495 2344 1525 2378 α
1550 2325 1740 2397 Supra
1760 2337 2030 2379 mensam
2062 2336 2227 2392 mag-

676 2430 816 2474 nam
845 2416 1090 2475 sedisti?
1118 2433 1243 2476 non
1273 2418 1526 2492 aperiaS,
1566 2431 1742 2490 super
1769 2415 1954 2484 illam,
1991 2413 2224 2472 faucem

675 2512 839 2569 tuam
875 2511 1073 2584 prior;
1096 2531 1126 2566 ιι
1159 2511 1332 2586 quasi
1362 2510 1521 2568 dicat
1539 2551 1560 2581 ‚
1589 2509 1739 2567 sicut
1779 2508 2001 2565 faciunt
2038 2506 2218 2565 avidi.

674 2604 754 2661 De
804 2604 973 2661 tertio
998 2604 1019 2639 ³
1051 2622 1066 2661 ε
1104 2625 1132 2658 «
1171 2605 1350 2674 Quasi
1386 2604 1586 2661 fauces
1622 2603 1886 2659 virorum
1926 2600 2224 2658 latronum

673 2696 991 2771 participes
1004 2698 1380 2756 sacerdotum
1399 2716 1412 2754 :
1428 2717 1456 2751 ιι
1478 2712 1610 2755 ecce
1625 2695 1822 2754 fauces
1840 2695 2218 2769 cupidorum.

675 2792 754 2847 De
784 2796 998 2865 quarto
1026 2791 1048 2826 ⁴
1078 2811 1092 2849 :
1117 2791 1401 2849 «Custodi
1431 2790 1627 2864 legem
1654 2806 1853 2847 meam
1880 2792 2058 2863 atque
2083 2802 2222 2845 con·

674 2882 873 2940 silium
898 2901 1135 2958 meum,
1176 2888 1234 2942 et
1262 2886 1370 2943 erit
1394 2885 1514 2942 vita
1540 2885 1751 2942 animae
1778 2888 1889 2941 tuae
1905 2925 1924 2954 ,
1955 2887 2012 2939 et
2036 2880 2222 2955 grafia

673 2975 943 3036 faucibus
967 2978 1079 3036 tuis
1111 2997 1173 3036 ε»
1205 2995 1339 3037 ecce
1367 2978 1567 3036 fauces
1595 2977 1804 3052 spiritu
1828 2976 2218 3034 fervidorum.

674 3072 770 3130 llis
795 3071 1063 3131 faucibus
1088 3073 1424 3132 novissimis
1452 3072 1728 3131 convenit
1753 3072 1857 3129 iste
1886 3072 2126 3129 moduS.

1185 3233 1465 3289 Articulus
1492 3234 1708 3289 tertius.

745 3359 1040 3429 Quantum
1066 3358 1147 3417 ad
1173 3360 1502 3418 secundum
1545 3358 1883 3433 exponendi
1930 3358 2217 3430 modum,

674 3452 949 3510 scribitur
979 3471 993 3509 ε
1026 3454 1201 3525 Super
1226 3455 1362 3520 mel,
1404 3453 1470 3510 id
1508 3456 1594 3510 est
1611 3496 1630 3525 ,
1663 3452 2043 3528 superdulcia
2087 3455 2225 3509 sunt

675 3545 915 3622 eloquia
938 3544 1017 3603 ad
1046 3547 1402 3619 anagogiam
1421 3546 1742 3604 attinentia.
1774 3549 1840 3604 Et
1861 3549 2020 3618 nota,
2050 3544 2220 3620 quod

674 3639 1006 3713 anagogica
1055 3639 1284 3698 theoria
1335 3657 1496 3713 super
1539 3642 1680 3712 mel,
1734 3640 1799 3698 id
1840 3645 1950 3711 est,
2011 3655 2219 3712 super-

676 3733 868 3792 dulcis
914 3732 1129 3791 dicitur
1172 3738 1415 3808 propter
1466 3733 1577 3792 tria
1608 3753 1621 3791 :
1652 3737 1892 3808 propter
1927 3733 2220 3806 judicium

675 3826 1031 3902 triumphale
1048 3872 1068 3895 ,
1104 3828 1417 3902 praemium
1446 3827 1751 3886 essentiale
1771 3871 1790 3900 ,
1829 3831 1889 3885 et
1912 3827 2221 3902 proemium

676 3920 1033 3977 accidentale
1065 3939 1080 3976 ε
1112 3936 1369 3995 quorum
1395 3923 1657 3995 primum
1685 3921 1936 3995 pertinet
1974 3921 2054 3979 ad
2089 3920 2220 3979 feli-

676 4014 910 4072 citatem
932 4012 1333 4087 adjudicatam
1352 4035 1372 4088 3
1393 4014 1723 4073 secundum
1744 4057 1762 4086 ,
1783 4015 1863 4072 ad
1886 4014 2221 4072 felicitatem

675 4109 1034 4180 increatam3
1087 4108 1363 4179 tertium,
1411 4108 1493 4166 ad
1531 4108 1868 4166 felicitatem
1913 4112 2215 4166 creatam:

674 4201 948 4259 vocando
976 4199 1315 4260 felicitatem
1337 4204 1594 4260 creatam
1611 4245 1628 4273 ,
1651 4202 2059 4273 etincreatam,
2083 4218 2217 4276 quae

674 4293 1063 4353 terminantur
1104 4294 1183 4353 ad
1211 4298 1486 4354 naturam
1529 4299 1809 4368 creatam,
1858 4295 1954 4352 vel
1991 4294 2219 4353 increa-

672 4392 797 4447 tam
806 4388 904 4461 ,id
930 4391 1016 4446 est
1030 4431 1050 4462 ,
1073 4389 1500 4461 jucunditatem
1518 4390 1588 4447 de
1614 4389 1779 4447 bono
1800 4389 2092 4462 increato,
2123 4390 2219 4446 vel

674 4485 872 4541 creato
902 4485 1221 4541 causatam.
1255 4485 1332 4541 De
1360 4483 1555 4558 primo
1577 4484 1599 4518 ⁸
1624 4502 1639 4541 :
1679 4502 1706 4537 α
1729 4482 1959 4541 Judicia
1985 4483 2217 4542 Domini

671 4592 846 4648 vera,
871 4576 1189 4649 Justificata
1215 4577 1277 4634 in
1307 4576 2090 4650 semetipsa,·desiderabilia
2119 4593 2217 4635 su·

668 4686 778 4746 per
799 4686 1013 4728 aurum
1041 4674 1099 4728 et
1121 4670 1385 4744 lapidem
1404 4671 1729 4746 pretiosum
1746 4670 2031 4741 multum,
2059 4669 2218 4728 insu-

671 4781 780 4841 per
808 4768 865 4822 et
897 4764 1167 4823 dulciora
1192 4780 1370 4838 super
1394 4763 1515 4822 mel
1542 4767 1599 4822 et
1625 4762 1829 4821 favum
1857 4782 1870 4820 :
1906 4784 1934 4819 ιι
1958 4779 2093 4821 ecce
2123 4780 2216 4822 su-

668 4857 968 4933 perdulcis
995 4859 1251 4917 suavitas
1265 4900 1285 4929 ,
1301 4861 1588 4933 quantum
1604 4857 1683 4915 ad
1701 4856 1994 4930 judicium
2014 4857 2217 4916 trium-

668 4952 867 5026 phale.
899 4954 976 5011 De
1006 4951 1269 5010 secundo
1291 4949 1314 4985 ⁰
1340 4970 1354 5009 ε
1385 4971 1413 5005 α
1433 4951 1676 5025 Spiritus
1694 4968 1863 5009 meus
1892 4967 2069 5025 super
2092 4950 2215 5010 mel

669 5044 860 5103 dulcis
884 5063 948 5104 z»
980 5062 1115 5104 ecce
1140 5061 1317 5121 super
1344 5044 1466 5104 mel
1489 5044 1679 5103 dulcis
1704 5044 1960 5104 suavitas
1973 5087 1994 5117 ,
2023 5061 2215 5120 quan-

735 5194 750 5227 ¹
778 5192 894 5254 Job,
923 5205 996 5258 vx,
1023 5198 1102 5248 30.
1130 5221 1195 5234 -
1221 5194 1240 5225 ²
1272 5193 1450 5257 Eccli„
1477 5207 1624 5257 xxxi,
1654 5200 1728 5247 12.
1757 5222 1822 5234 -
1844 5195 1867 5231 ³
1896 5196 2022 5258 Ore„
2056 5206 2136 5260 vi,
2163 5197 2211 5246 9.

663 5292 727 5304 -
757 5267 777 5297 ⁴
811 5266 979 5327 Pron„
1018 5278 1111 5329 111,
1143 5269 1224 5318 22.
1256 5293 1320 5305 -
1355 5268 1373 5297 ⁸
1405 5267 1539 5319 Psal.
1574 5279 1731 5330 xvut,
1764 5272 1841 5318 11.
1881 5295 1937 5306 -
1982 5268 2004 5304 ⁸
2029 5267 2210 5330 Eccli„

664 5348 809 5402 mv,
844 5340 925 5388 27.
961 5362 1023 5374 —
1061 5340 1077 5368 ⁷
1118 5338 1246 5389 ibid.
1273 5365 1334 5377 —
1372 5339 1397 5375 ⁸
1435 5338 1631 5398 Thr-en..
1672 5351 1743 5402 iv,
1775 5343 1854 5389 20.
1887 5365 1951 5378 -
1983 5341 2006 5375 ⁹
2044 5340 2212 5404 Cant„

1736 394 2146 466 Exposl'rto
2187 392 2266 458 ΙΝ
2309 385 2822 455 PSALTERIUM.

2347 529 2475 583 tum
2503 524 2583 582 ad
2621 522 2936 598 praemium
2963 521 3293 580 essentiale.
3334 524 3416 579 De
3440 522 3611 582 tertio
3630 525 3654 561 ⁷
3682 542 3698 582 ε
3724 542 3756 579 α
3779 527 3887 584 He·

2346 616 2564 676 reditas
2592 633 2728 675 mea
2756 632 2935 690 super
2956 615 3076 673 mel
3102 620 3159 673 et
3186 616 3390 674 favum
3416 635 3480 674 ιιι
3515 633 3651 676 ecce
3678 635 3886 695 super-

2348 712 2536 769 dulcis
2578 712 2834 770 suavitas
2851 752 2873 782 ,
2927 714 3217 785 quantum
3264 711 3345 769 ad
3386 713 3702 786 praemium
3739 713 3889 772 acci-

2345 806 2600 865 dentale.

2830 879 3117 937 Articulus
3157 881 3405 949 quartus.

2415 993 2710 1061 Quantum
2739 991 2817 1049 ad
2846 991 3176 1049 secundum
3191 992 3589 1066 praegustandi
3615 992 3881 1066 modum,

2346 1086 2780 1144 conscribitur:
2836 1086 2935 1143 Ori
2983 1102 3132 1158 me03
3184 1087 3470 1161 quoniam
3513 1087 3620 1146 iste
3669 1089 3884 1146 modus

2344 1180 2556 1238 dicitur
2584 1180 2995 1238 osculatoriuS.
3017 1184 3190 1238 Actus
3208 1184 3404 1238 autem
3430 1181 3739 1239 osculandi
3761 1198 3880 1239 non

2344 1274 2642 1344 convenit,
2666 1273 2777 1330 nisi
2806 1273 2896 1331 ori
2936 1291 2950 1330 :
2981 1273 3122 1346 quia
3148 1290 3293 1332 vero
3319 1290 3562 1347 sperans
3588 1275 3880 1349 quadam·

2340 1369 2529 1426 modo
2562 1367 2902 1442 copulatur,
2932 1372 2989 1424 et
3015 1368 3456 1427 condelectatur
3494 1369 3658 1426 bono
3686 1385 3880 1443 spera·

2345 1465 2427 1534 to,
2457 1463 2606 1521 sicut
2633 1463 2909 1520 osculans
2942 1464 3206 1521 osculato
3223 1483 3242 1536 ;
3272 1465 3494 1522 idcirco
3521 1480 3647 1522 non
3674 1465 3878 1521 imme·

2340 1556 2454 1614 rito
2503 1556 2635 1614 talis
2679 1557 2934 1630 speratio
2994 1560 3263 1615 censetur
3307 1558 3612 1616 osculatio.
3655 1560 3719 1615 In
3769 1557 3881 1615 hoc

2340 1650 2638 1724 siquidem
2681 1650 2888 1708 osculo
2934 1655 3019 1709 est
3058 1656 3265 1709 mutua
3300 1652 3420 1710 oris
3459 1651 3797 1726 impressio,
3827 1657 3882 1708 ct

2341 1744 2644 1802 coalterna
2679 1744 2943 1819 spiratio.
2979 1744 3096 1801 Nisi
3123 1744 3284 1802 enim
3310 1760 3562 1818 sponsus
3591 1761 3660 1802 os
3684 1744 3880 1817 impri-

2339 1842 2540 1909 meret,
2572 1840 2629 1895 et
2653 1838 2925 1912 spiraret,
2953 1855 3175 1912 sponsa
3194 1854 3297 1896 ore
3325 1839 3673 1913 prophetico
3692 1838 3880 1896 nulla-

2338 1936 2507 1991 tenus
2527 1932 2849 1990 affirmaret
2866 1933 2887 1967 ⁸
2912 1950 2927 1989 :
2957 1952 2984 1986 α
3003 1932 3247 2006 Spiritus
3265 1933 3385 1990 oris
3404 1932 3608 2003 nostri,
3629 1932 3879 1990 Christus

2338 2026 2637 2085 Dominus,
2680 2046 2709 2080 ιι
2765 2026 2885 2083 Nisi
2933 2027 3110 2084 etiam
3146 2043 3179 2083 e
3222 2042 3508 2084 converso
3555 2043 3775 2102 sponsa
3813 2042 3878 2083 os

2335 2119 2698 2194 imprimeret
2727 2123 2785 2177 et
2810 2122 3081 2194 spiraret,
3112 2137 3365 2195 sponsus
3393 2121 3456 2177 in
3482 2120 3703 2178 amoris
3731 2124 3876 2178 Can·

2336 2215 2450 2270 tico
2480 2229 2603 2270 non
2623 2217 2882 2270 cantaret
2901 2211 2923 2245 ⁹
2956 2232 2969 2270 :
3009 2234 3037 2268 α
3074 2214 3233 2273 Odor
3264 2214 3382 2272 oris
3411 2215 3528 2287 tui,
3557 2214 3705 2271 sicut
3730 2214 3878 2271 odor

2335 2306 2652 2365 malorum.
2704 2327 2732 2361 ιι
2778 2307 2893 2365 Sed
2930 2311 3072 2364 nota
3110 2307 3400 2382 triplicem
3436 2308 3876 2382 dispositionem

2335 2401 2415 2457 ad
2436 2400 2609 2457 istam
2635 2400 3103 2459 osculationem:
3140 2402 3306 2474 quod
3333 2417 3402 2460 os
3430 2418 3661 2476 sponsae
3689 2404 3876 2459 custo·

2335 2494 2563 2568 diatur3
2595 2494 2762 2571 quod
2786 2511 2910 2553 non
2937 2495 3294 2569 impediatur
3317 2516 3335 2569 ;
3366 2497 3533 2570 quod
3561 2497 3651 2555 ori
3678 2496 3876 2570 sponsi

2334 2589 2685 2648 obediatur:
2734 2590 2850 2646 hoc
2880 2596 3001 2661 est,
3030 2590 3394 2647 custodiatur
3423 2590 3501 2648 ab
3541 2590 3872 2660 inutilibus3

2332 2701 2458 2743 non
2479 2684 2835 2759 impediatur
2858 2685 2937 2742 ab
2961 2684 3240 2756 utilibus3
3267 2684 3584 2742 obediatur
3611 2684 3673 2742 in
3693 2684 3878 2742 omni-

2331 2778 2446 2836 bus
2514 2784 2635 2837 tam
2699 2777 3089 2836 credibilibus
3113 2820 3134 2850 ,
3200 2795 3384 2852 quam
3451 2778 3872 2852 operabilibus.

2332 2873 2584 2930 Primam
2637 2872 3088 2947 dispositionem
3139 2874 3368 2944 habuit,
3428 2873 3532 2947 qui
3588 2872 3738 2931 dixit
3767 2874 3805 2908 ¹⁰
3857 2889 3871 2926 z

2339 2991 2366 3024 α
2388 2972 2561 3029 Posui
2588 2972 2678 3030 ori
2699 2988 2836 3030 meo
2867 2972 3220 3030 custodiam.
3245 2994 3273 3028 ιι
3300 2971 3637 3032 Secundam
3657 2971 3872 3029 habere

2330 3066 2554 3136 voluit,
2583 3066 2688 3141 qui
2726 3065 2957 3140 scripsit
2986 3067 3026 3102 ¹¹
3070 3085 3084 3123 ε
3123 3088 3152 3120 ιι
3179 3070 3301 3140 Ego
3340 3082 3464 3124 non
3504 3082 3748 3141 parcam
3790 3063 3874 3122 ori

2330 3177 2492 3232 me0,
2543 3161 2760 3235 loquar
2811 3160 2876 3218 in
2930 3160 3310 3219 tribulatione
3367 3161 3605 3236 spiritus
3648 3159 3788 3218 mei.
3843 3178 3870 3213 ιι

2330 3256 2580 3312 Tertiam
2610 3255 2850 3313 aliunde
2893 3271 3016 3312 non
3058 3256 3298 3329 habuit,
3347 3256 3422 3314 de
3465 3272 3588 3329 quo
3629 3270 3876 3329 sponsus

2330 3349 2411 3406 ait
2437 3348 2519 3405 ¹²:
2557 3368 2587 3403 α
2613 3353 2742 3407 Non
2780 3348 3022 3406 intrabit
3063 3354 3313 3421 terram,
3356 3366 3540 3424 quam
3579 3348 3718 3406 dedi
3745 3346 3877 3406 filiis

2329 3442 2524 3516 lsrael,
2555 3459 2628 3502 eo
2651 3443 2817 3517 quod
2845 3441 3189 3500 incredulus
3215 3442 3326 3501 fuit
3357 3444 3448 3502 ori
3476 3459 3635 3502 meo.
3666 3464 3696 3500 ιι

2976 3604 3236 3670 Epilogus.

2405 3727 2497 3785 Ait
2541 3743 2682 3799 ergo
2737 3727 3068 3802 Propheta,
3120 3729 3408 3800 tanquam
3459 3743 3717 3802 persona
3768 3744 3871 3802 per

2329 3823 2472 3881 tales
2524 3824 2942 3897 intelligentias
3005 3825 3086 3882 ad
3140 3825 3285 3882 tales
3340 3823 3582 3883 introire
3635 3823 3871 3882 delicias

2329 3920 2602 3975 assueta:
2635 3918 2806 3987 Quam
2836 3920 3021 3976 dulcia
3057 3921 3273 3992 eloquia
3299 3925 3430 3990 tua,
3470 3918 3690 3976 scilicet
3714 3917 3867 3976 fruc-

2326 4014 2455 4069 tum
2482 4011 2706 4071 virtutis
2747 4012 3122 4088 eloquentia,
3153 4013 3233 4071 ad
3269 4011 3670 4087 tropologiam
3695 4011 3867 4087 perti·

2327 4105 2563 4179 nentia3
2591 4108 2853 4164 Faucibus
2881 4111 3045 4179 meis,
3069 4107 3133 4164 id
3162 4112 3278 4178 est,
3306 4107 3710 4181 praegustatum
3741 4122 3868 4164 cum

2328 4198 2582 4258 Domino
2623 4201 2921 4273 epulanti,
2959 4216 3095 4272 seu,
3141 4202 3373 4259 bonum
3417 4200 3764 4275 operando,
3809 4200 3869 4256 in

2326 4294 2578 4352 Domino
2607 4294 2917 4367 gratulanti
2934 4314 2953 4368 3
2983 4296 3155 4368 Super
3175 4297 3302 4366 mel,
3330 4295 3396 4352 id
3430 4294 3871 4369 est,superdul-

2327 4386 2417 4445 cia
2445 4391 2583 4445 sunt
2609 4388 2870 4462 eloquia,
2897 4388 3155 4448 fructum
3180 4388 3385 4447 salutis
3412 4388 3771 4464 eloquentia,
3791 4387 3869 4446 ad

2326 4482 2687 4555 anagogiam
2730 4482 3068 4558 attinentia3
3125 4484 3222 4541 Ori
3269 4499 3417 4552 meo,
3456 4483 3522 4540 id
3566 4488 3683 4555 est,
3722 4498 3869 4556 proe-

2327 4576 2619 4649 gustanti,
2664 4577 2978 4635 Dominum
3018 4577 3312 4636 osculanti
3335 4622 3351 4648 ,
3379 4578 3502 4636 sive
3522 4620 3543 4649 ,
3571 4593 3869 4636 summum

2326 4668 2556 4727 bonum
2609 4670 2950 4745 sperando,
3008 4672 3204 4731 eidem
3248 4689 3310 4731 se
3362 4672 3629 4747 quodam
3683 4671 3868 4730 modo

2327 4764 2648 4839 copulanti.

2854 4912 3189 4958 vmmuzus
3225 4913 3343 4957 vm.

2400 5052 2522 5109 104.
2547 5052 2600 5109 A
2628 5051 2908 5109 mandatis
2935 5056 3046 5110 tuis
3072 5055 3348 5123 intellexi,
3391 5055 3500 5111 etc.
3530 5053 3658 5123 Quo
3684 5051 3870 5111 modo

2326 5143 2621 5204 charitatis
2638 5145 2923 5206 ferventia
2948 5151 3223 5222 operetur
3263 5145 3343 5205 ad
3367 5146 3505 5219 hoc,
3535 5145 3704 5222 quod
3730 5162 3870 5205 con-

2324 5282 2427 5333 vn,
2469 5273 2518 5323 8.
2550 5299 2613 5311 —
2651 5273 2693 5308 ¹·
2727 5273 2870 5325 Psal.
2904 5285 3141 5340 xxxvm,
3178 5277 3317 5326 2.-
3356 5276 3392 5309 ¹¹
3421 5273 3536 5339 lob,
3569 5286 3672 5339 vu,
3702 5279 3778 5327 11.
3804 5301 3870 5315 -

2322 5343 2368 5378 ¹¹
2392 5343 2571 5406 Num..
2597 5357 2688 5410 xx,
2716 5348 2796 5398 21.
