4196 6294
179 1229 334 1270 Perse·

141 1302 304 1332 verare

136 1352 303 1407 ttiicipl

115 1421 192 1461 ter
236 1428 337 1461 con-

116 1481 188 1521 tin
160 1480 273 1535 ogit.

198 3104 308 3147 Dies

187 3167 294 3222 quid
302 3196 315 3210 .

170 3830 327 3873 multi-

192 3893 313 3947 plex.

1613 489 1978 556 PSALMUS
2020 491 2281 557 CXVIII.

828 692 1114 749 Articulus
1148 688 1427 746 secundus.

431 824 684 880 Causam
708 815 1024 875 formalem
1054 813 1414 885 subnotavit,
1434 829 1573 871 eum
1596 813 1898 871 subdidit:

361 921 687 976 Perseverat.
710 915 824 974 Ista
850 911 1286 988 perseverantia
1314 915 1400 969 est
1422 912 1525 968 illa
1546 926 1904 986 permanen-

362 1013 474 1084 tia,
505 1026 625 1085 qua
667 1013 899 1081 tempus
933 1009 1239 1080 permanet
1276 1005 1336 1062 in
1373 1005 1738 1062 numerantis
1775 1005 1901 1062 ani-

364 1123 466 1164 ma
496 1124 511 1162 :
543 1102 739 1173 unde,
780 1101 931 1158 sicut
967 1098 1358 1173 Philosophus
1394 1099 1566 1156 docet
1595 1102 1612 1133 ¹
1616 1102 1906 1172 ,tempus

363 1215 489 1258 non
513 1201 679 1269 esset,
707 1193 755 1251 si
782 1194 983 1251 anima
1009 1209 1135 1251 non
1160 1196 1327 1250 esset.
1351 1192 1452 1250 Hic
1480 1196 1649 1266 potes
1674 1196 1905 1265 notare,

365 1292 532 1369 quod
576 1288 880 1363 tripliciter
924 1287 1210 1360 contingit
1251 1302 1624 1360 perseverare
1670 1304 1685 1343 ε
1735 1284 1906 1344 vide-

364 1388 500 1447 licet
559 1383 954 1450 rationaliter,
1009 1380 1369 1449 animaliter,
1427 1383 1484 1437 et
1538 1380 1903 1439 naturaliter.

366 1483 561 1541 Prima
588 1478 801 1537 dicitur
833 1474 1230 1552 perseveratio
1258 1475 1558 1533 bonorum
1572 1494 1591 1546 3
1624 1475 1908 1546 secunda,

368 1572 765 1651 perseveratio
787 1587 1075 1646 pecorum
1085 1588 1102 1643 3
1127 1569 1317 1640 tertia,
1344 1569 1738 1641 perseveratio
1768 1584 1909 1642 ope-

369 1687 503 1727 rum
529 1668 893 1727 divinorum.
935 1664 1131 1723 Prima
1167 1662 1561 1739 perseveratio
1597 1662 1811 1734 legitur
1838 1661 1861 1693 ²
1894 1680 1909 1718 ε

379 1784 407 1816 (ι
436 1763 521 1823 llli
563 1762 672 1820 viri
709 1758 1129 1819 misericordiae
1167 1762 1330 1829 sunt,
1373 1773 1632 1831 quorum
1673 1756 1914 1831 pietates

374 1875 498 1916 non
536 1856 876 1915 defecerunt
885 1897 905 1927 ,
940 1857 996 1911 et
1028 1869 1164 1910 cum
1200 1851 1422 1908 semine
1468 1867 1673 1908 eorum
1715 1865 1914 1925 perse-

375 1954 580 2009 verant
610 1950 685 2026 (a)
713 1950 878 2007 bona
906 1966 921 2004 ι
952 1968 981 2003 »
1007 1962 1141 2005 ecce
1165 1944 1561 2020 perseveratio
1589 1945 1911 2003 bonorum.

376 2045 647 2104 Secunda
672 2046 693 2080 ³
724 2062 739 2101 :
777 2062 806 2098 α
832 2046 1049 2101 Pecora
1074 2040 1181 2099 tibi
1217 2045 1381 2112 sunt,
1411 2040 1645 2098 attende
1684 2039 1832 2107 illis,
1864 2045 1922 2097 et

377 2142 426 2197 si
463 2143 600 2197 sunt
624 2138 816 2208 utilia,
849 2139 1225 2211 perseverent
1263 2134 1426 2209 apud
1455 2139 1528 2192 te.
1560 2154 1588 2189 ι)
1623 2134 1798 2203 Quod
1822 2133 1918 2192 hic

377 2234 651 2292 scribitur
678 2233 752 2290 de
782 2230 1128 2305 pecoribuS,
1170 2228 1589 2287 convenienter
1627 2228 1920 2286 adscribi·

377 2333 473 2386 tur
509 2325 955 2402 peccatoribuS,
997 2324 1071 2381 de
1119 2323 1339 2397 quibus
1379 2322 1630 2395 legimus
1666 2321 1687 2353 ⁸
1727 2344 1742 2380 ε
1788 2342 1817 2376 a
1854 2324 1921 2381 ili

379 2438 543 2492 vern,
584 2421 748 2479 velut
784 2416 1214 2477 irrationabilia
1252 2432 1470 2491 pecora
1509 2434 1524 2472 ι
1555 2437 1584 2471 »
1619 2432 1754 2474 ecce
1782 2432 1917 2491 per-

379 2517 668 2574 severatio
712 2529 1019 2589 pecorum.
1066 2511 1254 2569 Tertia
1292 2513 1312 2545 ⁸
1354 2530 1369 2568 :
1419 2531 1449 2566 α
1492 2510 1706 2583 Didici,
1755 2510 1924 2585 quod

381 2611 584 2669 omnia
624 2624 839 2684 opera,
885 2623 1019 2681 quae
1052 2604 1190 2663 fecit
1228 2608 1407 2677 DeuS,
1443 2609 1825 2679 perseverant
1859 2605 1922 2663 in

379 2708 662 2763 aeternum
710 2721 725 2759 ι
770 2723 801 2758 ιι
854 2716 987 2759 ecce
1029 2700 1426 2774 perseveratio
1473 2716 1725 2774 operum
1770 2699 1924 2758 divi-

384 2814 617 2857 norum.

887 2868 1173 2925 Articulus
1210 2870 1421 2923 tertius.

454 2989 704 3045 Causam
724 2984 1091 3043 materialem
1119 2983 1442 3056 annotavit,
1472 2998 1609 3041 cum
1637 2981 1874 3041 addidit
1905 2999 1919 3038 :

388 3082 550 3147 Dies,-
578 3081 722 3156 quia
747 3079 873 3137 dies
900 3077 1055 3137 illud
1089 3081 1325 3152 tempus
1363 3081 1630 3150 vocatur,
1658 3075 1827 3153 quod
1863 3076 1928 3135 in

388 3191 510 3234 uno
550 3175 684 3233 coeli
721 3177 887 3233 motu
921 3172 1204 3231 fundatur
1234 3190 1248 3228 ε
1287 3171 1435 3229 sicut
1474 3176 1673 3230 autem
1707 3171 1927 3229 unitate

387 3272 756 3328 mensuratur
784 3267 977 3326 omnis
1005 3281 1289 3325 numerus
1299 3309 1318 3338 ,
1349 3264 1431 3323 sic
1456 3265 1563 3324 illo
1600 3269 1766 3324 motu
1796 3281 1927 3322 om·

388 3366 479 3423 nis
505 3370 723 3438 motuS,
753 3369 811 3423 et
833 3364 938 3422 illo
966 3367 1232 3437 tempore
1262 3377 1439 3420 omne
1478 3366 1709 3436 tempus
1719 3380 1738 3434 3
1769 3361 1930 3420 unde

387 3460 668 3518 nimirum
732 3457 1150 3518 convenienter
1210 3456 1532 3531 accipimus
1593 3472 1703 3529 per
1770 3455 1932 3533 diem

388 3571 605 3626 unum,
640 3553 985 3612 universum
1012 3555 1245 3610 motum
1277 3550 1636 3608 substratum
1653 3593 1673 3622 ,
1715 3554 1773 3608 et
1804 3549 1933 3607 uni-

388 3665 623 3708 versum
657 3652 893 3722 tempus
935 3645 1267 3704 fundatum.
1305 3647 1384 3702 'Et
1427 3648 1598 3715 nota,
1639 3643 1807 3718 quod
1847 3646 1935 3700 est

389 3742 515 3801 dies
550 3746 804 3814 naturae,
830 3739 1110 3814 fortunae,
1153 3739 1353 3813 gratiae
1395 3758 1409 3796 z
1448 3738 1645 3813 prima
1684 3737 1937 3812 pertinet

390 3837 470 3894 ad
496 3840 728 3897 motum
754 3834 1129 3906 circularem3
1159 3832 1440 3905 secunda,
1465 3832 1545 3891 ad
1571 3833 1801 3890 motum
1828 3847 1933 3888 sae-

391 3930 686 4000 cularem3
729 3929 897 3988 tertia
934 3929 1013 3986 ad
1052 3931 1284 3986 motum
1320 3926 1659 3985 salutarem.
1703 3928 1781 3982 De
1817 3925 1937 3999 pri-

392 4042 496 4083 mo
535 4027 557 4061 ⁶
605 4042 621 4082 ε

394 4136 547 4179 unus
596 4139 611 4177 ι
655 4140 684 4176 π
732 4134 868 4177 ecce
924 4117 1050 4175 dies
1101 4118 1343 4174 naturae.
1400 4119 1479 4174 De
1531 4113 1796 4174 secundo
1842 4116 1864 4151 ⁷
1917 4132 1932 4171 ε

401 4234 429 4269 α
465 4215 629 4273 Diem
670 4212 926 4271 hominis
966 4226 1091 4270 non
1133 4209 1588 4269 desideravi.»
1634 4224 1766 4267 ecce
1811 4208 1938 4266 dies

392 4307 768 4367 fortunae.1)e
796 4306 966 4366 tertio
988 4307 1049 4342 ⁸·

396 4418 530 4460 ecce
561 4402 689 4461 dies
717 4401 936 4476 gratiae.

1036 4326 1107 4364 ,α
1136 4308 1278 4362 Ecce
1307 4320 1467 4362 nunc
1491 4303 1616 4360 dies
1641 4303 1880 4361 salutiS.
1902 4323 1929 4359 w

886 4559 1165 4616 Articulus
1201 4560 1451 4628 quartus.

468 4693 720 4749 Causam
752 4687 997 4747 finalem
1033 4685 1367 4756 denotavit,
1402 4701 1540 4743 cum
1577 4682 1728 4742 dixit
1756 4700 1772 4739 ε
1804 4682 1943 4749 Quo-

396 4788 549 4843 niam
589 4786 772 4842 omnia
807 4785 1051 4840 serviunt
1095 4782 1215 4838 tibi.
1262 4778 1416 4839 Nulli
1464 4777 1753 4849 dubium,
1797 4775 1943 4850 quin

396 4877 533 4936 finis
560 4876 832 4936 omnium
865 4879 987 4934 tam
1022 4877 1389 4948 temporum,
1430 4888 1614 4946 quam
1645 4875 1942 4946 tempora-

397 4971 579 5042 lium,
617 4971 691 5030 sit
736 4969 1009 5029 divinum
1054 4966 1378 5026 servitium.
1427 4968 1705 5035 Quaenam
1752 4965 1946 5038 major

401 5066 682 5141 perfectio
708 5068 1021 5135 creaturae,
1049 5079 1232 5138 quam
1259 5061 1513 5121 Creatori
1543 5061 1802 5120 servire?
1830 5059 1947 5119 Sed

469 5216 678 5279 'Arist.,
711 5214 885 5280 Phys,
911 5213 1000 5264 lib.
1034 5213 1121 5277 lV,
1150 5213 1273 5262 text.
1306 5213 1415 5262 131.
1445 5237 1506 5247 —
1537 5212 1562 5245 ²
1589 5209 1768 5273 Eccli„
1803 5222 1947 5274 xmv,

406 5292 482 5341 10.
506 5318 561 5327 —
590 5289 613 5324 ⁸
634 5287 813 5346 Eccli..
840 5299 933 5352 vn,
962 5289 1041 5338 24.
1068 5310 1130 5323 —
1156 5285 1173 5313 ⁴
1206 5285 1246 5333 ll
1278 5283 1433 5346 Patr„
1465 5294 1524 5347 11,
1554 5285 1628 5333 12.
1646 5309 1710 5320 —
1728 5283 1746 5313 ⁶
1765 5281 1948 5344 Eccle„

405 5372 492 5430 111,
536 5364 610 5412 Η.
650 5388 713 5398 -
754 5361 776 5394 ⁶
823 5360 965 5422 Gen„
1013 5370 1059 5423 1,
1098 5360 1144 5408 5.
1193 5382 1247 5394 -—
1293 5357 1309 5385 ⁷
1347 5356 1547 5420 Jerem.‚
1591 5366 1731 5418 xvn,
1776 5356 1852 5406 16.
1886 5380 1948 5393 —

677 4045 706 4078 α
752 4026 991 4082 Factum
1048 4026 1134 4079 est
1184 4037 1430 4096 vespere
1481 4025 1539 4079 et
1588 4036 1763 4080 mane
1808 4020 1956 4078 dies·

3428 498 3550 563 435

2007 632 2150 685 nota
2166 670 2186 699 ,
2232 627 2399 701 quod
2444 627 2531 683 illi
2578 627 2844 686 serviunt
2889 629 3166 688 creaturas
3219 631 3550 706 specialiter

2006 720 2223 795 triplici
2261 720 2488 779 ratione
2519 740 2542 779 τ
2593 721 2898 795 quaedam,
2939 722 3081 796 quia
3119 728 3358 796 creatae3
3399 744 3553 801 quae-

2011 814 2155 871 dam
2175 856 2193 886 ,
2245 814 2387 889 quia
2432 818 2742 886 recreatae3
2794 815 3105 890 quaedam,
3155 818 3299 892 quia
3340 819 3549 879 beatae.

2011 908 2217 965 Primae
2253 908 2513 967 serviunt
2538 909 2652 967 sibi
2683 913 2739 967 et
2762 910 2911 981 suiS,
2940 913 3355 984 praesentando
3388 914 3555 973 bona

2011 1006 2265 1074 naturae3
2295 1004 2571 1061 secundae
2611 1004 2902 1075 serviunt,
2942 1007 3356 1078 praesentando
3392 1008 3556 1067 bona

2015 1095 2217 1169 gratiae
2244 1114 2260 1152 ι
2290 1095 2469 1155 tertiae
2496 1098 2774 1171 serviunt,
2802 1099 3214 1172 praesentando
3242 1100 3408 1159 bona
3432 1101 3562 1174 glo-

2013 1190 2136 1249 rise.
2185 1193 2261 1249 De
2308 1191 2504 1265 primo
2559 1192 2796 1250 servitio
2844 1192 3059 1265 legitur
3100 1191 3123 1226 ⁹
3170 1212 3185 1251 ε
3239 1213 3266 1248 (ι
3313 1196 3558 1255 Domine

2016 1287 2207 1357 Deus3
2238 1304 2267 1339 »
2299 1289 2355 1343 et
2380 1284 2534 1344 infra
2565 1304 2579 1343 ε
2620 1304 2650 1338 α
2674 1285 2799 1343 Tibi
2828 1286 3045 1344 serviat
3072 1288 3265 1346 omnis
3293 1292 3562 1348 creatura

2017 1382 2147 1453 tua3
2186 1380 2330 1454 quia
2367 1378 2594 1452 dixisti,
2637 1383 2696 1438 et
2733 1379 2889 1439 facta
2926 1385 3062 1439 sunt
3092 1401 3108 1439 ε
3145 1404 3174 1439 1>
3209 1399 3344 1441 ecce
3380 1383 3564 1441 servi·

2017 1473 2165 1531 tium
2188 1475 2486 1549 pertinens
2509 1474 2590 1532 ad
2614 1477 2856 1534 creatas.
2884 1479 2960 1534 De
2989 1477 3254 1535 secundo
3276 1478 3320 1515 ¹⁰
3344 1483 3562 1538 :acon-

2019 1568 2169 1626 versi
2207 1568 2340 1627 estis
2374 1570 2453 1627 ad
2489 1573 2672 1627 Deum
2712 1586 2749 1628 a
2785 1569 3145 1644 simulacris,
3182 1572 3402 1630 servire
3445 1574 3562 1630 Deo

2020 1662 2162 1720 vivo
2191 1666 2248 1721 et
2271 1679 2415 1722 vero
2447 1681 2462 1720 ε
2493 1683 2523 1718 n
2557 1679 2690 1722 ecce
2719 1664 3024 1724 servitium
3050 1670 3318 1741 spectans
3354 1666 3433 1724 ad
3468 1682 3564 1724 re-

2023 1761 2265 1816 creatas,
2291 1761 2368 1817 De
2398 1758 2566 1816 tertio
2593 1758 2632 1794 ¹¹
2666 1778 2722 1816 :a
2748 1759 2909 1817 Servi
2937 1760 3063 1833 eJus
3088 1761 3346 1819 servient
3371 1760 3479 1833 illi,
3509 1766 3568 1819 et

2021 1852 2313 1911 videbunt
2337 1853 2550 1912 faciem
2577 1855 2740 1929 ejus;
2767 1879 2794 1908 »
2824 1872 2958 1916 ecce
2989 1857 3292 1916 servitium
3319 1858 3568 1917 attinens

2025 1946 2106 2004 ad
2130 1947 2353 2006 beatas,

2671 2021 2932 2088 Epilogus.

2100 2134 2425 2195 Ostendens
2462 2152 2604 2210 ergo
2644 2139 2936 2211 Propheta
2979 2139 3292 2199 mirificam
3333 2142 3572 2201 bonita-

2026 2231 2146 2284 tem
2193 2243 2300 2301 per
2344 2230 2621 2286 maximae
2667 2229 2996 2302 sagacitatis
3042 2232 3444 2305 tenacitatem,
3489 2236 3574 2293 sic

2028 2321 2111 2377 ait
2141 2340 2155 2377 z
2199 2322 2550 2380 ordinatione
2590 2329 2715 2396 tua,
2756 2324 2976 2381 scilicet
3015 2324 3079 2382 in
3115 2326 3214 2383 Dei
3254 2332 3571 2403 conceptu,

2028 2414 2090 2471 in
2144 2431 2265 2489 quo
2314 2431 2493 2474 causa
2542 2416 2812 2489 initialis3
2858 2425 3199 2491 perseverat,
3250 2420 3471 2479 scilicet
3511 2423 3575 2479 in

2031 2509 2243 2567 animae
2270 2514 2436 2583 actu,
2465 2511 2529 2569 in
2556 2526 2677 2585 quo
2709 2527 2887 2570 causa
2909 2511 3179 2571 formalis
3194 2533 3213 2586 3
3244 2515 3386 2582 dies,
3420 2515 3576 2573 scili-

2031 2606 2123 2661 cet
2146 2602 2209 2660 in
2238 2603 2373 2662 coeli
2400 2608 2589 2678 motu,
2617 2606 2682 2663 in
2710 2622 2832 2680 quo
2857 2623 3037 2665 causa
3061 2608 3410 2680 materialis3
3439 2625 3574 2682 quo-

2030 2700 2184 2754 niam
2211 2702 2394 2755 omnia
2426 2704 2670 2757 serviunt
2705 2702 2810 2757 tibi
2824 2742 2846 2771 ,
2875 2701 3096 2761 scilicet
3130 2702 3449 2762 universali
3484 2704 3575 2762 fa-

2031 2791 2286 2862 mulatu,
2313 2791 2377 2850 in
2401 2809 2523 2868 quo
2553 2810 2732 2854 causa
2757 2794 2970 2853 finalis.

2510 3006 2514 3010 ’
2575 3018 2906 3063 vsasrcums
2938 3021 3039 3063 xn.

2110 3173 2200 3230 92.
2253 3174 2385 3232 Nisi
2437 3175 2583 3246 quod
2630 3177 2718 3232 lew
2755 3181 2881 3248 tua,
2929 3180 3035 3234 etc.
3079 3176 3354 3251 Allegatis
3390 3180 3579 3238 tribus

2038 3265 2419 3338 magnalibus
2446 3267 2728 3326 bonitatis
2762 3269 2825 3327 in
2859 3269 3047 3328 tribus
3083 3272 3353 3330 versibus
3385 3272 3578 3346 praeli-

2038 3359 2226 3433 batiS,
2253 3359 2349 3417 hic
2387 3360 2676 3434 allegatur
2712 3366 3022 3437 quartum,
3063 3364 3341 3424 videlicet
3376 3365 3579 3439 ligatio

2038 3453 2315 3513 maximae
2348 3454 2650 3514 libertatis.
2704 3456 2856 3526 Quid
2892 3457 3050 3516 enim
3088 3459 3391 3518 voluntate
3431 3460 3580 3519 libe-

2040 3547 2206 3607 rius?
2234 3547 2385 3616 Quid
2421 3548 2705 3622 ligatione
2743 3551 3037 3610 charitatis
3071 3553 3397 3611 astrictius?
3423 3556 3581 3612 Hanc

2041 3640 2327 3701 libertatis
2363 3641 2705 3717 ligationem
2746 3661 2853 3720 per
2878 3645 3072 3718 *hujus
3105 3663 3310 3705 versus
3348 3648 3580 3706 inveni·

2042 3753 2177 3795 mus
2223 3737 2754 3811 investigationem.
2804 3743 2953 3797 Deus
3000 3740 3192 3814 enim,
3243 3742 3346 3816 qui
3394 3740 3585 3801 libera

2044 3830 2345 3891 voluntate
2384 3832 2702 3906 plasmavit
2739 3834 3046 3893 hominem
3087 3834 3201 3893 sibi
3245 3835 3435 3894 libera
3477 3853 3585 3895 vo-

2044 3926 2266 3986 luntate
2291 3926 2680 4000 conformem,
2704 3927 2943 3986 dictavit
2965 3928 3159 4001 legem
3187 3928 3482 3988 charitatis
3507 3930 3586 3989 ad

2045 4022 2391 4095 ligationem
2418 4022 2620 4080 liberas
2647 4022 2994 4093 voluntatis,
3021 4038 3098 4080 ne
3124 4022 3368 4082 fortasse
3403 4024 3585 4083 liber-

2045 4119 2136 4174 tas
2164 4115 2525 4175 voluntatem
2573 4119 2871 4190 gravaret,
2912 4116 2962 4174 si
3002 4133 3138 4175 eam
3174 4116 3425 4176 charitas
3461 4134 3586 4178 non

2040 4210 2293 4282 juvaret.
2331 4213 2450 4270 Hoc
2487 4210 2812 4283 dictamen,
2841 4211 2958 4270 hoc
2991 4210 3273 4284 ligamen,
3309 4212 3425 4270 hoo
3453 4227 3588 4286 gra·

2046 4320 2293 4375 vamen,
2317 4304 2433 4363 hoc
2456 4305 2742 4377 juvamen
2772 4304 3129 4378 dogmatizat
3153 4305 3445 4381 Propheta
3478 4321 3590 4380 per

2000 4475 2004 4482 .
2047 4397 2350 4473 praesentis
2378 4414 2584 4457 versus
2610 4398 2824 4457 seriem
2852 4399 3451 4473 quadrimembrem:
3481 4400 3589 4457 sci·

2047 4491 2186 4549 licet
2213 4490 2507 4551 dictamen
2533 4490 2703 4566 legia,
2734 4491 2994 4565 ligamen
3021 4493 3223 4553 liberae
3249 4493 3591 4564 voluntatis,

2048 4601 2374 4658 gravamen
2397 4586 2702 4659 libertatiS,
2735 4590 2793 4644 et
2815 4586 3099 4659 juvamen
3137 4587 3466 4658 charitatis,
3499 4586 3592 4644 di-

2051 4696 2188 4738 cens
2220 4699 2234 4736 :
2266 4683 2395 4740 Nisi
2421 4681 2564 4754 quod
2594 4683 2681 4738 lea·
2706 4684 2824 4752 tua,
2852 4683 2985 4754 etc.;
3016 4681 3187 4755 quasi
3214 4684 3483 4757 patenter
3508 4681 3594 4738 in·

2054 4773 2264 4847 quiens
2293 4791 2310 4829 ε
2339 4772 2458 4831 Nisi
2484 4773 2802 4832 meditatus
2827 4773 3068 4833 fuissem
3106 4775 3274 4849 quod
3300 4774 3449 4849 legis
3483 4778 3596 4833 tuae

2055 4865 2350 4925 dictamen
2388 4870 2540 4925 esset
2572 4859 2893 4926 voluntatis
2931 4884 3081 4927 meae
3118 4868 3407 4942 ligamen,
3446 4868 3596 4928 forte

2056 4961 2363 5035 periissem
2398 4964 2644 5036 propter
2679 4961 2966 5021 libertatis
3001 4978 3358 5046 gravamen,
3390 4967 3601 5038 proeter

2056 5054 2353 5114 charitatis
2373 5055 2682 5127 juvamen.

2056 5191 2079 5226 ⁸
2106 5191 2146 5242 ll
2180 5191 2315 5255 Cor„
2349 5203 2434 5253 v1,
2462 5195 2512 5242 2.
2540 5217 2603 5230 —
2630 5193 2653 5228 ⁹
2678 5191 2854 5242 ludim
2875 5230 2890 5258 ,

2058 5275 2095 5325 1,
2130 5266 2179 5315 9.
2205 5289 2268 5301 -
2294 5264 2333 5298 ¹¹
2361 5263 2528 5328 Apoc„
2567 5274 2700 5327 xxu,
2727 5267 2774 5315 3.

2120 5348 2191 5414 (a)
2229 5347 2372 5412 ναῖς.
2404 5353 2726 5413 permanent.

2924 5204 3043 5256 ενι,
3075 5195 3151 5244 17.
3180 5221 3241 5233 —
3273 5195 3315 5231 ¹⁰
3345 5196 3387 5246 ll
3418 5196 3597 5260 Thess..
