4196 6294
711 611 871 670 lenta
890 606 1137 683 judicia,
1156 608 1215 664 et
1237 603 1497 663 subverti
1516 602 1801 675 justitiam
1827 602 1889 659 in
1914 601 2244 676 provincia,

709 721 785 765 ne
818 702 1049 762 mireris
1087 716 1263 775 super
1296 699 1411 757 hoc
1443 696 1680 770 negotio
1719 714 1734 754 :
1770 717 1800 752 a
1847 712 1981 756 ecce
2017 695 2245 768 judicia

705 798 995 870 violenta,
1025 811 1238 854 manus
1271 792 1617 867 injiciendo,
1658 807 1790 866 quae
1826 806 1949 849 non
1975 795 2110 849 sunt
2136 790 2244 848 mi-

703 892 924 963 randa,
977 891 1085 950 sed
1137 888 1332 965 potius
1382 886 1738 945 miseranda.
1790 888 1868 943 De
1920 885 2090 943 tertio
2142 887 2161 921 ¹
2222 904 2238 942 :

709 1005 737 1040 α
763 986 1014 1046 Nicanor
1043 983 1292 1042 audiens
1330 981 1600 1039 virtutem
1631 980 1914 1038 comitum
1953 979 2151 1051 Judae,
2184 983 2242 1036 et

702 1080 885 1138 animi
913 1076 1412 1153 magnitudinem,
1441 1090 1624 1150 quam
1670 1089 1781 1149 pro
1813 1073 2014 1148 patrias
2050 1075 2236 1130 certa-

698 1175 859 1233 mine
925 1173 1263 1244 habebant,
1323 1168 1626 1243 sanguinis
1682 1167 1973 1242 judicium
2042 1167 2235 1225 facere

697 1268 1013 1327 metuebat.
1042 1287 1074 1323 ι)
1114 1267 1206 1326 Sic
1241 1264 1539 1340 principes
1565 1261 1939 1321 sacerdotum
1964 1260 2235 1320 timentes

695 1363 897 1421 turbas
922 1361 1239 1422 Dominum
1275 1358 1652 1428 comitanteS,
1682 1361 1741 1416 et
1778 1355 2234 1428 magnanimiter

693 1455 1085 1527 confidentes,
1139 1452 1432 1527 judicium
1491 1450 1796 1524 sanguinis
1863 1448 2053 1508 facere
2108 1465 2231 1508 non

689 1549 1010 1621 audebant,
1057 1548 1163 1607 sed
1190 1547 1543 1621 sanguinem
1573 1545 1849 1603 sitiebant
1878 1560 2051 1602 :ecce
2067 1542 2228 1616 iudi-

690 1643 782 1703 cia
806 1642 1280 1718 sanguinolenta,
1299 1641 1651 1714 sanguinem
1678 1637 1948 1698 sitiendo.

1179 1802 1466 1860 Articulus
1500 1802 1744 1873 quernas.

756 1932 1037 2006 Quartum
1065 1925 1505 1996 determinavit,
1535 1940 1672 1982 cum
1707 1921 1974 1981 subdidit
2003 1940 2018 1981 :
2045 1923 2222 1994 Iusti-

686 2028 778 2082 tioe
812 2028 935 2082 tuoe.
966 2025 1096 2081 lioec
1133 2025 1220 2080 est
1249 2018 1473 2094 justitia
1510 2016 1860 2078 immortalis
1895 2033 2007 2091 pro
2045 2016 2222 2076 nobis

681 2117 835 2176 sacta
860 2114 1147 2187 mortalis,
1174 2114 1238 2172 id
1266 2118 1371 2183 est,
1398 2111 1499 2170 Dei
1525 2111 1703 2183 filius,
1732 2110 1838 2186 qui
1871 2129 1898 2164 «ι
1926 2109 2113 2169 factus
2136 2114 2222 2169 est

678 2211 856 2270 nobis
875 2210 1099 2284 justitia
1127 2224 1164 2268 a
1193 2212 1334 2280 Deo,
1361 2227 1390 2262 ι»
1423 2207 1572 2265 sicut
1597 2205 1870 2264 scribitur
1887 2206 1931 2262 ¹.
1961 2208 2029 2262 Et
2051 2206 2214 2277 nota,

679 2306 849 2382 quod
873 2306 999 2364 haec
1028 2303 1252 2378 ¹iustitia
1287 2301 1398 2361 fuit
1424 2300 1650 2359 coelitus
1687 2298 1973 2372 adducta,
2004 2298 2217 2357 huma-

676 2401 833 2459 nitus
860 2399 1096 2469 afflicta,
1127 2396 1407 2456 divinitus
1431 2394 1762 2453 benedicta.
1795 2392 1925 2450 Fuit
1954 2407 2213 2467 namque

675 2495 932 2552 adducta
975 2493 1040 2552 in
1083 2491 1512 2562 incarnatione,
1555 2488 1770 2547 afflicta
1804 2486 1867 2544 in
1903 2485 2210 2561 passione,

672 2587 988 2647 benedicta
1020 2587 1082 2645 in
1117 2585 1560 2644 resurrectione.
1599 2584 1676 2640 De
1703 2581 1899 2657 primo
1930 2582 1952 2618 ⁸
1985 2598 2000 2637 τ
2035 2600 2064 2635 α
2092 2580 2210 2638 Λᾶ-

674 2681 923 2741 ducatur
947 2679 1170 2755 justitia
1196 2679 1581 2753 sempiterna,
1609 2680 1666 2734 et
1692 2675 2007 2750 impleatur
2033 2673 2210 2746 visio,

671 2778 728 2833 et
753 2775 1096 2850 prophetia,
1125 2778 1183 2832 ct
1219 2776 1471 2846 ungatur
1496 2776 1730 2829 sanctus
1758 2772 2095 2827 sanctorum
2130 2787 2146 2825 ι
2174 2788 2203 2822 ιι

670 2884 803 2928 ecce
841 2868 1065 2942 justitia
1108 2867 1332 2925 coelitus
1379 2865 1654 2924 adducta.
1699 2865 1777 2920 De
1823 2862 2086 2921 secundo
2127 2860 2150 2894 ¹·
2188 2879 2203 2919 ε

674 2983 703 3019 α
725 2964 1116 3022 Peccaverunt
1149 2959 1428 3032 Domino,
1469 2959 1670 3017 decori
1702 2957 1965 3030 justitias,
1995 2972 2206 3029 expec-

665 3057 870 3118 tationi
942 3060 1176 3132 patrum
1231 3070 1436 3113 eorum
1463 3095 1482 3125 ‚
1528 3073 1558 3108 ιι
1617 3050 1836 3109 scilicet
1889 3049 2207 3108 crudeliter

665 3152 987 3227 affligendo
1018 3170 1033 3209 ε
1066 3165 1199 3209 ecce
1230 3149 1451 3223 iustitia
1485 3146 1827 3206 humanitus
1859 3143 2092 3204 afflicta.
2125 3147 2203 3203 De

662 3246 832 3306 tertio
860 3249 882 3284 ⁸
913 3264 929 3304 t
965 3264 995 3301 α
1020 3244 1330 3304 Benedicat
1354 3241 1463 3301 tibi
1491 3241 1790 3313 Dominus,
1820 3238 2200 3315 pulchritudo

655 3340 891 3414 justitiae
921 3359 937 3398 ε
963 3361 992 3394 »
1025 3354 1158 3399 ecce
1181 3337 1401 3411 iustitia
1427 3335 1707 3394 divinitus
1732 3332 2062 3393 benedicta.

1305 3498 1563 3565 Epilogus.

730 3626 821 3685 Ait
860 3638 1004 3697 ergo
1048 3619 1367 3696 Propheta,
1412 3622 1694 3694 tanquam
1733 3617 2021 3692 regularis
2064 3632 2198 3692 per·

660 3735 854 3779 sona:
893 3718 1101 3790 Septies
1141 3719 1203 3772 in
1249 3714 1368 3782 die,
1412 3711 1718 3786 loquendo
1754 3710 1829 3769 de
1876 3710 1972 3769 die
2015 3709 2196 3768 artifi-

660 3813 829 3885 ciali3
878 3810 1092 3869 lauaem
1150 3808 1276 3865 dua-i
1320 3809 1423 3864 tibi
1435 3848 1455 3878 ,
1499 3804 1806 3881 loquendo
1863 3805 1940 3862 de
1993 3802 2194 3862 officio

660 3904 951 3976 diurnali3
994 3917 1155 3976 super
1189 3901 1439 3974 jndicio,
1486 3897 1792 3973 loquendo
1840 3896 1916 3955 de
1965 3896 2193 3970 jndicio

654 3998 1039 4076 praejudiciali
1054 4016 1073 4070 3
1091 3998 1331 4069 justitias
1360 3999 1491 4061 tuoe,
1520 3991 1828 4067 loquendo
1859 3990 1934 4048 de
1974 3990 2196 4064 justitia

655 4089 1150 4167 superessentiali,
1177 4088 1383 4147 induta
1410 4101 1585 4146 carne
1610 4084 1866 4144 mortali.

1210 4310 1532 4358 vlmslcums
1567 4311 1623 4351 V.

722 4474 849 4533 165.
886 4473 1007 4531 Ραω
1040 4471 1219 4527 multa
1258 4467 1609 4539 diligentibus
1655 4466 1818 4536 leuem
1857 4466 2035 4529 tuam,
2076 4463 2185 4521 etc.

651 4572 758 4628 Per
797 4562 1239 4643 quaternarium
1279 4563 1755 4619 consummatum
1796 4556 2048 4614 innotuit
2080 4554 2191 4612 im-

645 4662 912 4739 probitas
938 4654 1451 4734 persequentium3
1480 4667 1588 4727 per
1625 4648 2066 4726 quaternarium
2100 4650 2188 4705 in-

645 4757 926 4816 choatum
966 4750 1275 4810 innotescit
1297 4747 1564 4823 probitas
1588 4743 2023 4819 perferentium.
2056 4745 2188 4800 Hoec

642 4850 910 4924 probitas
941 4845 1176 4905 videtur
1212 4841 1570 4900 invalescere
1598 4853 1669 4897 ex
1698 4838 2006 4911 scripturae
2046 4851 2186 4894 con-

641 4941 952 5014 solatione,
984 4953 1219 4999 coronoe
1239 4932 1717 5011 praestolatione,
1755 4932 1906 5005 legis
1948 4929 2186 4988 aemula-

641 5038 835 5108 tione,
860 5033 1079 5109 judicis
1104 5029 1533 5107 speculatione;
1564 5028 1715 5085 sicut
1739 5029 1901 5101 patet
1932 5041 2006 5083 ex
2033 5039 2183 5098 qua-

638 5135 774 5189 tuor
810 5143 1094 5188 versuum
1130 5120 1581 5198 subscriptione.
1620 5119 1873 5180 Praeiatae
1911 5119 2181 5178 consola-

637 5223 814 5283 tionis
863 5234 1207 5297 processum
1249 5217 1540 5292 Propheta
1586 5231 1693 5290 per
1739 5214 2179 5289 praeambulum·

697 5350 713 5381 ¹
747 5320 790 5397 ιί
819 5347 1006 5400 uach..
1039 5358 1145 5408 nv,
1182 5346 1261 5395 18.
1305 5370 1360 5381 -
1400 5343 1419 5374 ²
1458 5342 1475 5390 ι
1505 5342 1644 5395 cor..
1678 5354 1724 5405 1,
1756 5343 1837 5391 30.
1871 5367 1925 5377 -
1965 5341 1984 5372 ²
2021 5342 2175 5405 nan„

636 5430 719 5481 lx,
758 5421 839 5470 24.
867 5444 930 5456 —
956 5421 978 5453 δ
1017 5419 1218 5477 lev-em„
1260 5427 1324 5476 1.,
1372 5416 1421 5463 Ἰ.
1457 5439 1520 5451 -
1560 5415 1581 5448 ⁸
1616 5414 1762 5476 ibid„
1799 5427 1954 5477 xxxi,
1993 5416 2074 5463 23.
2112 5439 2176 5452 —

1755 465 2164 534 EXPOSITIO
2207 464 2287 530 IN
2330 463 2855 534 PSALTERlUM.

2357 602 2532 661 docet
2564 619 2829 676 versum,
2862 604 3064 662 dicens
3095 622 3111 662 ε
3149 608 3270 663 Paa-
3298 607 3506 679 multa,
3545 608 3680 679 etc.,
3717 610 3893 683 quasi

2354 696 2752 756 testimonium
2781 698 3100 772 perhibens
3131 700 3206 758 de
3249 700 3572 774 Scriptura,
3614 703 3782 777 quod
3825 704 3892 762 in

2355 788 2567 847 eadem
2594 791 2983 866 tranquillitas
3010 794 3275 868 sequitur
3300 795 3665 869 charitatem,
3694 797 3891 857 chari·

2351 886 2438 941 tas
2480 885 2816 957 veritatem,
2858 889 2914 943 et
2951 887 3165 946 veritas
3205 888 3550 963 puritatem3
3591 891 3733 964 quia
3779 907 3891 966 per

2348 992 2558 1050 pacem
2596 984 2881 1053 praenotat
2918 982 3431 1057 tranquillitatem,
3472 1000 3583 1057 per
3621 984 3890 1045 dilectio-

2347 1087 2485 1131 nem
2527 1073 2804 1132 subnotat
2847 1075 3218 1149 charitatem,
3260 1093 3368 1151 per
3407 1076 3602 1150 legem
3644 1079 3889 1138 denotat

2343 1166 2683 1239 veritatem,
2722 1183 2830 1241 per
2865 1170 3129 1228 scandali
3168 1171 3561 1244 privationem
3604 1178 3885 1232 connotat

2345 1260 2702 1335 puritatem.
2733 1266 2791 1321 et
2816 1263 2954 1322 ideo
2984 1268 3241 1339 quatuor
3266 1266 3585 1325 notantur
3570 1283 3632 1324 in
3656 1285 3882 1343 propo-

2342 1353 2487 1428 sito;
2525 1356 2802 1416 videlicet
2851 1359 3242 1433 tranquillitas
3285 1377 3656 1436 consequens
3690 1363 3880 1421 chari·

2341 1451 2537 1522 tatem,
2564 1450 2815 1511 charitas
2843 1469 3210 1527 consequens
3235 1455 3560 1529 veritatem,
3584 1461 3640 1514 et
3666 1458 3880 1516 veritas

2342 1557 2706 1619 consequens
2758 1547 3091 1622 puritatem.
3146 1549 3557 1624 Tranquillitas
3618 1555 3877 1609 mentem
3972 1579 3979 1586 ·

2336 1638 2605 1710 pacificat
2617 1659 2637 1712 ;
2680 1641 2929 1701 charitas
2968 1642 3254 1708 laetificat;
3305 1644 3521 1705 veritas
3561 1645 3840 1704 rectificat
3853 1664 3871 1718 3

2334 1731 2560 1803 puritas
2584 1734 2932 1794 scandalum
2960 1735 3243 1794 eradicat.

2817 1895 3099 1952 Articulus
3146 1899 3380 1969 primus.

2402 2015 2808 2091 Tranquillitas
2834 2017 3010 2091 igitur
3035 2024 3418 2094 praenotatur,
3450 2037 3587 2081 cum
3614 2022 3862 2097 legitur:

2331 2111 2455 2167 Pac·
2489 2113 2679 2168 multa.
2722 2110 2875 2180 Quid
2915 2113 3075 2171 enim
3113 2119 3199 2172 cst
3238 2115 3404 2189 pacis
3442 2116 3861 2192 multiplicitas,
3890 2147 3995 2190 pu.

2328 2202 2441 2260 nisi
2467 2204 2775 2278 multiplex
2801 2206 3228 2280 tranquillitas?
3253 2208 3316 2266 in
3350 2209 3457 2268 illa
3488 2210 3859 2270 multitudine

2325 2298 2488 2371 pacis
2524 2298 2885 2358 delectantur
2926 2300 3237 2361 dilectores
3280 2303 3497 2362 divinae
3536 2305 3706 2380 legis.
3746 2307 3856 2364 Sed

2323 2391 2651 2449 notandum
2689 2394 2844 2452 circa
2885 2395 3048 2469 pacis
3086 2397 3394 2468 solatium,
3438 2399 3607 2472 quod
3650 2399 3858 2474 legitur

2322 2500 2442 2557 pax
2468 2486 2800 2545 custodiens
2809 2531 2829 2560 ,
2859 2505 2979 2562 pax
3016 2489 3259 2548 exiliens
3269 2534 3289 2564 ,
3324 2507 3445 2566 pax
3480 2492 3811 2566 adimplens
3837 2512 3857 2550 .·

2323 2593 2578 2652 quarum
2604 2581 2797 2655 prima
2834 2582 3047 2641 dicitur
3086 2584 3400 2658 initiativa3
3431 2586 3691 2645 secunda
3715 2604 3854 2661 pro-

2318 2673 2586 2747 vectiva,
2628 2675 2798 2734 tertia
2832 2676 3169 2751 perfectiva.
3216 2682 3293 2736 De
3330 2680 3526 2753 prima
3568 2674 3629 2738 ⁶:
3673 2703 3701 2734 «
3738 2684 3853 2739 Pax

2318 2766 2450 2838 Dei,
2479 2783 2612 2841 quoe
2649 2774 2931 2843 exuperat
2972 2787 3214 2830 omnem
3254 2789 3522 2844 sensum,
3565 2774 3853 2833 custodiat

2318 2860 2503 2920 corda
2548 2867 2737 2921 vestra
2776 2883 2791 2920 :
2835 2884 2863 2918 n
2914 2880 3047 2922 ecce
3092 2882 3211 2939 pax
3257 2867 3614 2925 custodiens
3656 2870 3736 2924 De
3772 2884 3853 2926 se·

2317 2955 2513 3014 cunda
2535 2959 2556 2993 ⁷
2584 2976 2598 3014 :
2638 2976 2667 3010 α
2692 2960 2809 3015 Pax
2842 2958 3048 3016 Christi
3075 2961 3293 3019 exultet
3327 2962 3392 3018 in
3417 2962 3700 3019 cordibus
3726 2977 3852 3020 ves-

2316 3049 2417 3106 tris
2444 3068 2459 3106 :
2484 3070 2512 3104 »
2541 3066 2675 3108 ecce
2703 3067 2824 3125 pax
2852 3051 3114 3111 exiliens·
3143 3055 3284 3123 Quis
3309 3055 3470 3113 enim
3495 3056 3579 3113 sic
3607 3055 3849 3128 exultat,

2313 3143 2459 3218 quin
2488 3144 2728 3204 exiliat?
2755 3145 2870 3205 Sed
2901 3147 3154 3221 qualiter
3190 3165 3308 3224 pax
3345 3150 3574 3221 exiliat,
3603 3150 3699 3208 vel
3728 3151 3848 3209 exi·

2310 3236 2419 3296 lire
2445 3238 2649 3310 faciat,
2678 3239 3039 3314 experientia
3072 3242 3286 3300 melius
3295 3286 3317 3316 ,
3345 3259 3532 3317 quam
3566 3245 3848 3319 eloquen-

2310 3332 2411 3404 tia,
2444 3330 2820 3406 dogmatizat.
2852 3337 2931 3393 De
2966 3336 3137 3394 tertia
3175 3340 3197 3371 ⁸
3239 3355 3254 3395 ε
3291 3357 3322 3393 σι
3344 3337 3540 3396 Gratia
3576 3338 3749 3396 vobis
3792 3344 3851 3397 et

2306 3441 2428 3499 pax
2452 3426 2843 3503 adimpleatur
2865 3427 2928 3486 in
2949 3430 3285 3502 cognitione
3310 3430 3543 3490 Domini
3563 3431 3748 3491 nosui
3773 3451 3792 3489 ε
3813 3453 3841 3486 υ

2309 3534 2443 3578 ecce
2489 3536 2609 3595 pax
2658 3522 3012 3597 adimplens.
3070 3524 3259 3583 Virtus
3312 3524 3472 3583 enim
3521 3524 3847 3599 adimplere

2307 3613 2688 3686 dignoscitur.

2772 3750 3058 3824 articulus
3092 3769 3372 3827 secundus.

2376 3898 2636 3957 Charitas
2669 3897 3040 3973 subnotatur,
3068 3915 3205 3959 cum
3231 3902 3505 3962 subditur
3540 3921 3557 3961 ε
3597 3906 3843 3975 Dilimn-

2305 3994 2470 4050 tibus.
2510 3992 2664 4061 Quid
2704 3997 2791 4051 est
2833 3995 2992 4053 enim
3035 3995 3286 4055 charitas
3296 4037 3316 4068 ,
3357 3996 3473 4054 nisi
3511 3997 3841 4057 dilectionis

2302 4084 2634 4158 sinceritas,
2662 4103 2845 4161 quam
2885 4105 3013 4147 non
3048 4089 3360 4149 fermentat
3385 4090 3686 4151 malorum
3710 4110 3842 4152 om-

2299 4164 2466 4237 nium
2501 4179 2673 4238 radix
2688 4223 2706 4253 ,
2745 4182 3070 4257 cupiditas?
3105 4183 3268 4242 Tales
3305 4184 3614 4260 diligentes
3642 4191 3836 4249 Domi·

2300 4288 2413 4330 nus
2440 4272 2662 4347 diligit3
2692 4275 2912 4333 talibus
2953 4276 3332 4350 diligentibus
3373 4279 3535 4339 dona
3577 4298 3686 4340 sua
3723 4284 3837 4343 dis-

2297 4367 2519 4426 tribuit.
2549 4370 2616 4425 Et
2648 4372 2820 4441 nota,
2858 4370 3023 4444 quod
3066 4371 3446 4445 diligentibus
3483 4375 3596 4433 tria
3634 4377 3837 4438 tribuit

2299 4459 2615 4534 Dominus;
2644 4461 2923 4521 videlicet
2943 4464 3438 4539 misericordiam,
3462 4468 3831 4545 sapientiam,

2297 4557 2354 4613 et
2390 4570 2695 4614 coronam.
2732 4559 2876 4614 Nam
2911 4557 3380 4618 misericordiam
3412 4561 3614 4621 tribuit
3649 4565 3835 4639 poeni·

2296 4649 2581 4722 tentibus3
2613 4649 2989 4723 sapientiam,
3016 4651 3462 4725 proficientibus
3470 4673 3493 4727 3
3520 4657 3629 4715 sed
3659 4674 3829 4718 coro-

2293 4759 2460 4812 nam,
2490 4742 2990 4817 pervenientibus.
3020 4748 3098 4803 De
3135 4746 3332 4820 primo
3359 4746 3382 4783 ⁹
3417 4766 3434 4806 ε
3473 4768 3503 4805 «
3536 4753 3657 4824 Ego
3696 4768 3832 4812 sum

2293 4838 2574 4895 Dominus
2614 4840 2764 4895 Deus
2809 4842 2971 4910 tuus,
3013 4840 3163 4897 Deus
3207 4841 3532 4916 aemulator,
3574 4844 3832 4904 reddens

2291 4930 2659 5006 iniquitatem
2684 4934 2924 5006 patrum
2949 4949 3128 5008 super
3153 4935 3309 4994 filios
3334 4936 3399 4994 in
3428 4932 3658 4998 tertiam
3683 4941 3833 5001 etin

2292 5030 2563 5098 quartam
2591 5028 3034 5098 generationem
3066 5026 3168 5101 iis,
3198 5030 3301 5105 qui
3330 5029 3585 5091 oderunt
3609 5050 3743 5107 me,
3773 5040 3836 5094 et

2287 5116 2504 5178 faciens
2532 5120 3000 5181 misericordiam
3037 5123 3104 5181 in
3134 5124 3322 5185 multa
3348 5125 3539 5187 millia
3565 5128 3833 5203 diligen-

2285 5212 2445 5272 tibus
2481 5230 2627 5274 me:
2655 5235 2686 5272 n
2719 5232 2855 5276 ecce
2896 5216 3307 5281 misericordia
3347 5220 3627 5282 divinitus
3671 5224 3836 5285 attri-

2286 5340 2823 5406 ‘Plzsszlzp,1v,7.—
2858 5344 2875 5375 ⁷
2907 5343 3228 5410 Coloss.,111,
3262 5348 3480 5399 lfa—⁸
3513 5350 3670 5416 Rom„
3706 5355 3831 5416 1,·1.

2282 5414 2584 5474 -0Deut.,
2615 5427 2667 5477 v,
2698 5419 2750 5467 9.
