4196 6294
1239 478 1245 485 ’
1314 503 1395 568 IN
1437 501 2003 568 ΗΕΧΑΕΜΕΒΟΝ.
2044 500 2303 568 scano
2342 503 2445 568 xl.
3395 512 3473 572 85

278 639 498 704 Verbi.
545 639 779 705 Omnia
824 643 998 705 enim
1038 641 1318 707 indicant
1346 638 1828 721 generationem

280 748 496 813 Verbi.
524 746 704 813 Unde
722 750 979 831 quando
1000 750 1253 815 videtur
1276 747 1594 831 splendor,
1620 767 1660 810 a
1683 746 1828 809 luce

280 856 719 920 transferenda
749 860 845 920 est
872 876 1053 921 mens
1070 857 1150 920 ad
1171 855 1701 922 considerandum
1720 871 1830 934 ge-

280 965 678 1029 nerationem
707 969 1014 1030 aeternam
1040 1014 1057 1042 ‚
1090 970 1153 1029 et
1196 966 1289 1028 sic
1331 965 1409 1029 de
1436 964 1596 1027 aliis».
1638 962 1715 1026 Et
1739 961 1829 1025 ibi

279 1077 382 1136 est
409 1090 655 1152 magna
685 1072 1048 1151 delectatiO,
1070 1073 1316 1137 dicente
1348 1070 1543 1134 David
1567 1072 1585 1105 ¹
1616 1088 1633 1132 t
1662 1091 1692 1129 α
1720 1068 1829 1132 De·

279 1179 525 1243 lectasti
565 1197 702 1259 me,
749 1178 1045 1258 Domine,
1077 1180 1146 1242 in
1187 1180 1430 1242 factura
1458 1182 1572 1242 tua
1594 1226 1611 1256 ,
1642 1199 1672 1235 n
1705 1180 1823 1240 etc.

282 1286 449 1350 Dicit
473 1305 636 1367 ergo
668 1308 685 1350 ε
723 1309 754 1345 α
772 1285 899 1350 Νοε
925 1286 1202 1350 revelata
1226 1285 1385 1349 facie
1412 1284 1689 1365 gloriam
1714 1283 1830 1347 Do·

281 1394 447 1457 mini
478 1394 896 1477 speculantes,
928 1416 959 1453 n
991 1393 1134 1457 Alio
1164 1393 1353 1457 modo
1376 1393 1497 1471 sic,
1528 1396 1590 1455 et
1620 1391 1830 1472 magis

280 1502 578 1585 proprie,
620 1505 714 1565 est
758 1502 1085 1581 generatio
1123 1518 1240 1583 per
1278 1500 1684 1565 diffusionem
1704 1548 1724 1578 ,
1757 1503 1833 1562 ut

278 1608 671 1691 splendoris»,
714 1608 818 1672 vel
863 1608 1128 1672 luminis
1176 1626 1215 1671 a
1258 1607 1445 1685 luce3
1500 1598 1564 1669 et
1602 1606 1690 1669 ibi
1735 1608 1831 1669 est

278 1716 590 1779 coaevitas
636 1737 651 1780 :
708 1715 917 1779 deficit
972 1720 1187 1780 tamen
1240 1714 1564 1797 aequalitas
1603 1763 1622 1793 ‚
1679 1713 1831 1795 quia

279 1823 587 1907 splendor
614 1841 743 1887 non
772 1827 1066 1905 aequatur
1084 1822 1237 1886 luci.
1260 1822 1417 1886 Item
1435 1825 1529 1886 est
1546 1821 1825 1900 diffusio,

278 1934 361 1995 ut
390 1931 566 2013 ignis
589 1932 669 1994 ab
696 1931 848 2013 igne
871 1951 888 2009 ;
920 1931 1008 1994 ibi
1036 1934 1130 1994 est
1157 1930 1507 2011 aequalitaS‚
1536 1931 1611 1993 ut
1635 1932 1826 2012 patet,

278 2039 546 2121 quando
565 2056 697 2102 una
724 2038 986 2103 candela
1003 2038 1364 2111 incenditur
1382 2037 1463 2100 ab
1490 2036 1632 2116 alia,
1657 2035 1830 2117 quod

276 2151 540 2210 tantum
584 2151 678 2210 est
721 2145 941 2210 lumen
984 2146 1053 2209 in
1094 2164 1227 2209 una
1263 2145 1429 2209 sicut
1459 2145 1528 2207 in
1559 2143 1682 2207 alia
1708 2193 1731 2222 ,
1768 2145 1831 2207 et

275 2257 603 2337 quotquot
655 2254 1114 2332 accendantur3
1166 2252 1373 2317 deficit
1412 2255 1627 2315 tamen
1683 2268 1831 2314 con-

275 2360 801 2426 substantialitas.
831 2361 988 2425 Item
1013 2365 1109 2425 est
1132 2360 1386 2425 diffusio
1411 2360 1536 2424 rivi
1559 2378 1598 2423 a
1625 2360 1822 2438 fonte,

276 2475 340 2533 et
384 2469 529 2532 haec
567 2472 661 2532 est
702 2468 1323 2533 consubstantialitas
1364 2472 1427 2531 et
1467 2467 1822 2530 intimitas:

275 2577 437 2661 quia
483 2576 704 2641 eadem
747 2594 945 2657 aqua.
977 2593 1124 2657 quae
1152 2580 1247 2639 est
1286 2575 1356 2638 in
1385 2576 1589 2653 fonte,
1621 2578 1716 2638 est
1762 2574 1830 2637 in

276 2687 424 2750 rivo
458 2707 474 2748 ε
521 2685 632 2749 sed
672 2684 880 2748 deficit
918 2682 1262 2746 nobilitatis
1306 2685 1518 2760 ortuS‚
1565 2682 1717 2762 quia
1761 2681 1830 2745 in

277 2794 425 2856 rivo
452 2810 567 2875 per
594 2791 902 2873 quosdam
933 2794 1182 2853 meatus
1208 2792 1271 2853 et
1299 2788 1669 2854 colationem
1686 2837 1705 2867 ,
1750 2789 1831 2853 de

277 2918 465 2983 aqua⁵
492 2898 659 2963 salsa
686 2899 759 2961 fit
803 2897 1023 2961 dulciS.
1074 2897 1230 2961 Item
1277 2901 1373 2960 est
1401 2895 1657 2961 diffusio
1681 2896 1829 2959 im·

278 3009 419 3071 bris
447 3026 487 3070 a
515 3007 721 3083 nube,
755 3010 818 3069 et
843 3004 931 3068 ibi
974 3008 1070 3068 est
1110 3002 1403 3087 nobilitas
1430 3008 1644 3097 ortus,
1676 3004 1829 3086 quia

210 3112 215 3115 ⁴
278 3116 477 3181 habet
504 3114 778 3180 virtutes
813 3111 987 3190 coeli,
1015 3129 1131 3195 per
1172 3129 1330 3194 quas
1372 3111 1655 3176 infundit
1698 3112 1826 3175 im-

277 3226 466 3290 brem
510 3222 751 3300 nubes;
801 3220 1009 3284 deficit
1053 3223 1268 3283 tamen
1316 3220 1540 3283 formae
1589 3220 1781 3284 decor
1806 3268 1824 3300 ,

276 3334 438 3416 quia
488 3330 745 3395 videtur
795 3328 998 3391 nubes
1045 3326 1277 3389 coelum
1332 3327 1672 3391 obscurare
1695 3375 1717 3406 ,
1766 3331 1828 3391 et

277 3441 646 3521 deturpare.
693 3435 906 3516 Junge
957 3433 1127 3516 quod
1171 3434 1517 3497 nobilitatis
1561 3439 1700 3513 est,
1750 3439 1822 3499 ut

275 3547 687 3612 coaevitatem
709 3591 727 3619 ‚
772 3541 1198 3625 aequalitatem
1218 3590 1235 3618 ‚
1283 3542 1830 3606 consubstantiali-

276 3661 518 3733 tatem,
564 3655 788 3717 sormae
839 3651 1158 3727 decorem,
1196 3653 1259 3713 et
1308 3650 1570 3714 habebis
1620 3668 1825 3714 unam

271 3769 533 3847 partem
561 3761 825 3845 speculi.
869 3759 1027 3822 Item
1070 3763 1167 3822 est
1212 3742 1684 3843 generatio'per
1711 3779 1824 3824 ex-

276 3871 715 3954 proesionem,
743 3873 819 3932 ut
862 3866 1091 3950 speciei
1143 3867 1223 3930 ab
1272 3867 1516 3949 objecto
1552 3887 1568 3931 :
1616 3872 1676 3932 et
1723 3870 1829 3934 hic

274 3986 374 4043 est
406 3979 634 4042 formae
663 3977 882 4053 decor,
921 3975 1031 4057 qui
1079 3975 1406 4039 deficiebat
1448 3975 1517 4038 in
1557 3994 1829 4055 genera-

272 4089 459 4152 tione
498 4083 748 4148 imbris.
792 4082 868 4147 Et
907 4084 1028 4147 hoc
1070 4087 1165 4146 est
1200 4081 1521 4160 mirabile,
1568 4101 1830 4165 quomo-

272 4196 360 4260 do
391 4193 639 4276 species
665 4195 1038 4273 generatur;
1071 4190 1224 4272 quia
1261 4207 1392 4253 non
1438 4190 1517 4254 de
1560 4193 1830 4257 materia

273 4304 486 4380 aeris;
538 4300 692 4382 quia
727 4316 874 4362 cum
917 4315 1047 4361 non
1090 4298 1258 4361 dicat
1300 4298 1635 4361 essentiam
1662 4348 1681 4377 ,
1720 4301 1830 4364 sed

275 4410 553 4476 modum
593 4404 871 4484 essendi,
912 4404 1176 4481 sufficit,
1214 4408 1288 4467 ut
1323 4402 1552 4467 babeat
1586 4404 1829 4486 princi-

272 4520 467 4600 pium
516 4513 1004 4594 originativum,
1051 4511 1339 4574 medium
1383 4511 1551 4574 inter
1595 4513 1829 4593 princi-

276 4626 466 4706 pium
510 4620 872 4699 materiale,
903 4623 968 4683 et
1006 4618 1392 4700 principium
1437 4619 1824 4684 effectivum.

276 4730 467 4795 Unde
514 4729 684 4793 Deus
726 4725 897 4790 dedit
943 4726 1248 4790 virtutem
1298 4725 1555 4790 cuilibet
1598 4727 1726 4806 rei,
1757 4733 1831 4792 ut

274 4838 592 4920 gigneret
644 4833 1125 4897 similitudinem
1178 4851 1362 4896 suam
1415 4851 1496 4896 ex
1550 4836 1829 4899 naturali

274 4943 715 5009 foecunditate.
745 4938 921 5004 Unde
942 4939 1294 5004 secundum
1316 4940 1486 5022 quod
1507 4940 1829 5022 objectum

271 5053 502 5135 gignit
528 5047 1017 5112 similitudinem
1048 5066 1231 5111 suam
1247 5096 1264 5128 ,
1299 5048 1390 5111 sic
1414 5052 1831 5130 repraesentat

274 5158 772 5241 generationem
828 5158 1137 5219 aeternam
1175 5177 1192 5233 ;
1250 5155 1602 5219 secundum
1658 5157 1831 5238 quod

274 5265 559 5339 intentio
594 5264 830 5328 animae
875 5281 1021 5326 eam
1060 5261 1243 5325 oculo
1268 5262 1438 5340 unit,
1471 5262 1563 5326 sic
1588 5282 1829 5346 reprae-

341 5432 358 5460 ¹
393 5429 530 5481 Paul.
572 5439 689 5489 κει,
724 5431 772 5479 5.
807 5453 863 5465 --
896 5428 920 5461 ⁸
947 5424 1182 5487 Hieron„
1223 5424 1293 5474 ad
1330 5426 1547 5489 Paulin„
1591 5427 1738 5492 epist.
1772 5455 1825 5465 -·

271 5502 296 5538 ¹
335 5500 550 5565 nauh„
580 5509 774 5563 xxvm,
809 5500 884 5553 19.

1935 640 2141 702 sentat
2182 638 2681 702 incarnationem
2709 636 2920 702 Verbi.
2954 638 3103 703 Haec
3143 644 3473 720 generatio

1937 746 2164 828 speciei
2189 746 2425 823 deficit,
2459 745 2610 826 quia
2637 763 2769 809 non
2797 748 2891 809 est
2915 745 3005 808 ibi
3035 748 3260 812 formae
3292 749 3470 830 fixio,

1935 854 2042 917 sed
2075 853 2252 929 vario
2296 852 2486 915 modo
2516 853 2708 915 habet
2746 854 3042 933 generari
3066 902 3083 932 ,
3123 856 3472 921 secundum

1936 961 2107 1043 quod
2134 963 2307 1042 patet
2334 960 2403 1022 in
2427 959 2727 1041 speculis;
2753 963 2815 1023 et
2834 961 3258 1027 diversimode
3284 964 3476 1029 habet

1936 1068 2406 1151 repraesentari,
2455 1085 2681 1149 prope,
2733 1068 2837 1131 vel
2891 1068 3106 1150 longe.
3166 1071 3322 1134 Item
3381 1075 3477 1135 est

1936 1176 2267 1258 generatio
2317 1193 2430 1257 per
2474 1175 2943 1256 expressionem
2979 1225 2997 1253 ‚
3045 1182 3119 1241 ut
3169 1179 3398 1258 figurae
3436 1199 3477 1244 a

1936 1285 2179 1365 sigillo;
2213 1288 2274 1346 et
2301 1283 2422 1347 hoc
2463 1287 2556 1348 est
2593 1287 2814 1348 sormae
2846 1284 3030 1363 fixio,
3065 1286 3236 1367 quod
3266 1286 3478 1350 deficit

1937 1393 2006 1455 in
2058 1391 2484 1473 praecedenti,
2537 1392 2744 1455 deficit
2791 1396 3007 1455 tamen
3048 1393 3200 1457 vitae
3258 1394 3474 1474 vigor.

1939 1501 2095 1566 Item
2140 1501 2467 1582 generatio
2504 1500 2815 1564 sermonis
2842 1519 2882 1563 a
2906 1501 3151 1565 dicente
3170 1550 3191 1581 ,
3231 1502 3347 1565 ubi
3383 1504 3479 1565 est

1936 1611 2087 1687 yitae
2120 1610 2328 1690 vigor,
2361 1609 2514 1691 quia
2551 1626 2763 1671 sermo
2788 1608 3134 1689 quamdam
3163 1609 3295 1672 vim
3325 1610 3476 1673 vitae

1937 1735 2152 1781 secum
2181 1716 2402 1794 habet,
2437 1719 2509 1779 ut
2536 1719 2742 1797 patet,
2774 1716 2945 1798 quod
2982 1716 3233 1780 duobus
3260 1717 3473 1780 dicen-

1937 1827 2107 1890 tibus
2150 1824 2438 1888 eamdem
2482 1824 2850 1900 veritatem,
2879 1842 3050 1888 unus
3091 1825 3321 1888 melius
3360 1842 3473 1888 ex-

1928 1933 2160 2016 -primit
2176 1933 2324 2011 alio,
2347 1935 2411 1996 et
2428 1932 2760 2014 imprimit.
2784 1930 2962 1996 Unde
2983 1932 3411 2015 Hieronymus
3426 1935 3473 1998 ἐ

1945 2065 1976 2103 α
2004 2041 2208 2105 Habet
2256 2041 2470 2105 nescio
2510 2040 2663 2122 quid
2704 2040 2957 2104 latentis
2992 2042 3277 2122 energiae
3304 2042 3476 2106 vivae

1936 2150 2111 2213 vocis
2139 2152 2347 2226 actm,
2377 2170 2407 2206 »
2439 2151 2558 2211 etc.
2605 2147 2782 2213 Unde
2809 2150 3006 2212 verba
3042 2148 3283 2213 Cnmsri
3302 2198 3318 2227 ‚
3347 2168 3477 2213 non

1938 2258 2205 2321 dubium
2235 2257 2394 2339 quin
2422 2256 2698 2339 prolata,
2730 2260 2790 2321 et
2818 2257 3037 2321 audita
3066 2257 3144 2322 de
3171 2276 3281 2322 ore
3308 2260 3473 2338 ejuS,

1936 2351 2199 2446 majoris
2239 2364 2495 2428 virtutis
2540 2367 2603 2427 et
2644 2365 2968 2446 potestatis
3007 2368 3192 2427 erant
3217 2412 3238 2443 ‚
3283 2384 3477 2447 quam

1938 2472 2191 2554 scripta.
2224 2471 2338 2535 Hic
2367 2475 2580 2535 tamen
2609 2471 2818 2535 deficit
2842 2472 2995 2536 vitae
3019 2472 3290 2550 mansio,
3317 2474 3473 2555 quia

1937 2598 2147 2644 sermo
2172 2579 2419 2643 transit.
2451 2578 2609 2641 Item
2652 2582 2746 2641 est
2774 2578 3099 2659 generatio
3139 2582 3479 2662 conceptus

1939 2706 1977 2750 a
2001 2689 2243 2764 mente;
2271 2689 2334 2749 et
2356 2684 2445 2747 ibi
2473 2688 2567 2748 est
2593 2685 2743 2749 vitae
2773 2685 3049 2764 mansio,
3072 2686 3227 2767 quia
3251 2704 3476 2750 omnes

1937 2794 2254 2875 cogitatus
2284 2793 2354 2856 in
2382 2793 2691 2856 memoria
2732 2794 3032 2871 manent3
3066 2794 3174 2856 sed
3211 2793 3303 2856 ibi
3330 2794 3477 2857 defi-

1939 2902 2022 2965 cit
2046 2900 2596 2966 consubstantialis
2618 2902 3041 2965 foecunditatis
3064 2902 3298 2980 virtuS‚
3324 2902 3476 2983 quia

1937 3008 2044 3072 ille
2064 3009 2381 3089 cogitatus
2400 3026 2532 3071 non
2552 3013 2647 3071 est
2664 3008 3215 3071 consubstantialis
3238 3007 3469 3071 virtuS.
3565 3050 3568 3053 ι

1938 3115 2090 3182 Haec
2117 3120 2390 3200 quatuor
2408 3118 2793 3197 jnngantur,
2818 3115 3071 3195 scilicet,
3101 3116 3326 3179 formae
3355 3115 3472 3180 de-

1938 3244 2066 3304 cor,
2096 3227 2317 3289 formae
2345 3224 2498 3287 fixio
2516 3273 2531 3302 ‚
2562 3223 2712 3287 vitae
2737 3224 2934 3301 vigor
2955 3270 2971 3299 ‚
3004 3224 3154 3287 vitae
3184 3224 3472 3303 mansi03

1939 3338 2000 3398 et
2026 3334 2226 3396 habes
2252 3331 2596 3395 secundam
2635 3335 2882 3412 partem
2911 3330 3170 3411 speculi.
3205 3330 3360 3394 ltem
3385 3335 3478 3395 est

1942 3440 2270 3523 generatio
2299 3457 2413 3520 per
2440 3438 3002 3519 propagationem,
3044 3443 3120 3501 ut
3166 3440 3479 3519 germinis

1940 3568 1979 3612 a
2006 3547 2249 3611 semine
2283 3565 2298 3607 :
2330 3550 2393 3608 et
2415 3545 2537 3609 hoc
2564 3548 2659 3607 est
2689 3533 2891 3608 virtus'
2917 3545 3380 3627 substantialis,
3407 3547 3475 3610 in

1939 3675 2068 3739 qua
2108 3654 2318 3720 deficit
2361 3653 2663 3716 ultimum
2700 3675 2715 3716 :
2752 3652 3040 3716 similiter
3075 3652 3283 3716 deficit
3324 3654 3474 3718 vitae

1938 3767 2159 3830 robur.
2200 3762 2358 3826 Item
2389 3766 2482 3825 est
2510 3761 2872 3841 generatiO,
2916 3765 2992 3824 ut
3032 3759 3271 3824 surculi
3299 3779 3338 3823 a
3364 3779 3475 3823 ra-

1939 3874 2073 3937 dice
2095 3892 2114 3951 3
2147 3875 2210 3936 et
2236 3870 2343 3934 hic
2369 3873 2462 3933 est
2487 3872 2637 3932 vitae
2660 3869 2878 3948 robur,
2913 3869 3022 3933 sed
3048 3870 3257 3933 deficit
3278 3870 3475 3934 vivax

1939 3998 2165 4044 sensus
2189 4002 2205 4043 :
2228 3997 2359 4043 non
2386 3978 2558 4041 enim
2588 3978 2806 4055 sentit,
2835 3977 2937 4040 vel
2966 3977 3317 4059 producens
3335 3998 3476 4060 pro-

1938 4090 2200 4153 ductum
2230 4137 2247 4166 ,
2300 4086 2406 4150 vel
2458 4085 2844 4168 productum
2899 4102 3082 4147 suam
3133 4085 3472 4165 originem.

1941 4197 2097 4261 Item
2137 4200 2231 4260 est
2274 4193 2637 4276 generatio,
2669 4195 2743 4255 ut
2786 4193 2978 4255 foetus
3004 4210 3043 4254 a
3079 4195 3306 4255 ventre
3325 4241 3341 4270 ‚
3375 4194 3478 4256 vel

1939 4308 2123 4367 utero
2146 4326 2162 4380 ;
2194 4303 2299 4367 hic
2326 4304 2422 4366 est
2447 4300 2644 4365 vivax
2674 4318 2899 4363 sensus
2918 4348 2936 4376 ‚
2971 4299 3081 4363 sed
3109 4300 3318 4363 deficit
3342 4299 3474 4364 vir-

1938 4413 2043 4473 tus
2074 4410 2279 4474 activa
2297 4458 2315 4487 ,
2345 4408 2500 4489 quia
2545 4411 2847 4470 neutrum
2877 4410 2972 4470 est
3008 4406 3286 4470 activum
3311 4452 3328 4480 ‚
3369 4406 3480 4469 sed

1940 4516 2411 4598 receptaculum
2457 4499 2700 4597 potiu3‚
2731 4532 2927 4596 quam
2972 4513 3277 4577 activum.
3318 4510 3478 4574 item

1941 4628 2035 4688 est
2069 4623 2431 4704 generatio,
2468 4625 2544 4684 ut
2591 4621 2705 4684 filii
2751 4639 2790 4682 a
2832 4623 3049 4702 patre3
3096 4623 3156 4682 et
3204 4618 3292 4680 ibi
3332 4623 3482 4680 sunt

1942 4749 2165 4794 omnes
2192 4729 2373 4792 dictae
2420 4729 2817 4792 conditiones·
2830 4732 3062 4809 praeter
3090 4745 3290 4790 unam
3314 4774 3332 4802 ‚
3365 4725 3478 4787 sci-

1940 4837 2091 4926 licet
2109 4837 2296 4914 lucie,
2338 4855 2485 4917 quae
2525 4839 2619 4899 est
2669 4835 2996 4912 coaevitas,
3039 4851 3188 4916 quae
3228 4837 3320 4896 est
3360 4850 3475 4913 po·-

1942 4944 2152 5008 nenda
2181 4945 2253 5007 in
2297 4943 2706 5024 generatione
2749 4940 2891 5004 Filii
2938 4940 3092 5004 Dei:
3138 4944 3202 5004 et
3245 4939 3325 5002 ab
3371 4937 3481 5002 illa

1943 5051 2171 5115 ultima
2222 5049 2674 5131 generatione,
2723 5048 2955 5112 scilicet
2998 5046 3143 5111 Filii
3183 5067 3222 5109 a
3252 5044 3476 5123 Patre,

1942 5159 2390 5223 denominatur
2421 5156 2750 5237 generatio
2776 5159 3034 5219 aeterna.
3086 5152 3164 5218 Et
3203 5153 3342 5216 haec
3370 5171 3481 5216 ra-

1940 5266 2206 5330 tificavit
2236 5264 2568 5343 Cmus‘mS,
2598 5281 2746 5327 cum
2775 5263 2934 5327 dixit
2961 5267 2983 5302 ³
3014 5283 3029 5324 :
3069 5285 3099 5321 α
3118 5259 3208 5324 Ite
3227 5308 3243 5337 ‚
3267 5262 3483 5323 docete

1940 5392 2163 5438 omnes
2212 5378 2434 5455 gentes
2457 5421 2475 5449 ,
2522 5372 2910 5454 baptizantes
2953 5387 3061 5434 eos
3105 5370 3173 5432 in
3219 5368 3479 5432 nomine

1827 5575 1831 5580 ,
1944 5481 2179 5560 Patris,
2219 5485 2282 5545 et
2333 5479 2527 5560 Filii,
2583 5481 2646 5543 et
2693 5476 2967 5560 Spiritus
3013 5476 3209 5542 sancti
3241 5498 3256 5540 ε
3283 5499 3313 5535 »
3350 5493 3481 5538 non
