4196 6294
717 456 839 521 480

716 589 790 648 sit
825 592 1058 664 tempus
1096 586 1564 663 persecutionem
1603 586 1951 663 patientium
1964 630 1985 662 ,
2031 589 2260 648 animas

714 681 989 758 proprias
1016 696 1130 757 pro
1159 681 1383 741 Christo
1409 680 1804 756 perdentium.
1819 686 1905 742 >De
1929 683 2096 743 tertio
2124 699 2262 742 con·

716 778 1031 850 sequenter
1048 775 1435 835 conscribitur
1453 776 1473 812 ¹
1496 793 1512 834 :
1539 794 1569 830 α
1588 780 1839 851 Tempus
1863 777 2259 850 custodiendi,

719 874 777 928 et
813 873 1047 944 tempus
1089 869 1443 943 abjiciendi;
1484 890 1512 924 »
1546 885 1656 928 nec
1693 870 2050 942 absurdum,
2095 870 2262 946 quod

717 965 951 1039 tempus
986 963 1356 1022 custodiendi
1393 966 1587 1040 potest
1626 963 1743 1022 dici
1788 968 2019 1041 tempus
2057 980 2262 1040 perve-

719 1057 1029 1130 nientium,
1054 1056 1373 1115 castitatem
1398 1057 1753 1131 virginalem
1772 1058 2258 1131 custodientium3

719 1154 952 1226 tempus
978 1150 1328 1225 abjiciendi,
1357 1151 1618 1211 aliorum
1644 1151 1919 1212 fidelium
1945 1150 2260 1227 perfectio-

721 1260 861 1303 nem
887 1243 1066 1304 talem
1090 1260 1214 1304 non
1242 1244 1618 1320 capientium.

1190 1404 1482 1463 Articulus
1516 1404 1796 1462 secundus.

794 1528 1062 1588 Secunda
1105 1529 1496 1589 consideratio
1533 1529 1847 1604 profertur,
1886 1545 2023 1587 cum
2060 1530 2267 1589 subdi-

723 1628 855 1682 tur:
885 1627 1131 1681 Domine.
1166 1627 1312 1682 Ecce
1353 1623 1666 1694 Dominus,
1706 1638 1829 1697 quo
1864 1622 2013 1681 nihil
2052 1624 2271 1696 gratio-

724 1717 872 1775 sius:
885 1716 1044 1777 unde
1055 1733 1432 1792 summopere
1445 1717 1923 1791 praecavendum,
1935 1733 2010 1776 ne
2025 1717 2269 1793 quando

724 1810 1114 1870 irreverenter
1156 1811 1221 1868 in
1258 1810 1517 1885 praefatis
1547 1811 1870 1869 defectibus
1915 1810 2267 1870 offendatur.

553 1929 704 1973 nomi-
727 1906 795 1962 Et
827 1908 990 1976 nota,
1021 1903 1188 1979 quod
1213 1903 1518 1977 DominuS,
1548 1903 1719 1978 quasi
1747 1904 1895 1962 dans
1917 1920 2157 1978 munus,
2186 1903 2272 1962 di-

490 1992 705 2097 :2⁸⁸3ae-
730 1998 1029 2073 gnoscitur
1068 1998 1348 2056 omnibus
1392 1997 1731 2072 gratiosior,
1785 1997 1930 2073 quia
1963 1997 2270 2070 formator,

491 2126 669 2159 munus.
729 2092 1143 2164 sanctificator,
1177 2092 1473 2151 salvator:
1516 2090 1860 2165 formando,
1897 2091 2000 2150 dat
2043 2092 2273 2151 bonum

731 2190 984 2260 namrae3
1032 2185 1477 2258 sanctificando,
1502 2185 1732 2244 bonum
1771 2185 2007 2258 gratiae3
2039 2185 2273 2244 salvan-

731 2279 834 2352 do,
861 2280 1095 2339 bonum
1120 2278 1343 2353 gloriae.
1375 2281 1454 2338 De
1478 2279 1675 2353 primo
1698 2280 1753 2337 ¹:
1784 2299 1815 2335 α
1846 2281 1972 2337 Haec
1998 2279 2142 2337 dicit
2167 2282 2274 2339 Do-

730 2374 928 2433 minus
952 2373 1294 2448 redemptor
1320 2376 1478 2444 tuus,
1503 2377 1561 2431 et
1579 2373 1866 2433 formator
1891 2376 2028 2432 tuus
2054 2391 2130 2432 ex
2152 2376 2275 2432 ute-

729 2483 834 2527 ro:
861 2486 891 2522 »
923 2482 1059 2526 ecce
1086 2466 1370 2526 Dominus
1393 2465 1734 2540 redemptor
1759 2482 1797 2525 a
1822 2466 2135 2541 temporali
2160 2483 2276 2525 ser-

729 2562 911 2620 vitute
932 2564 1223 2636 quantum
1250 2560 1332 2618 ad
1355 2559 1588 2619 bonum
1611 2558 1881 2631 fortunis,
1907 2563 1965 2618 et
1989 2559 2276 2619 formator

733 2658 1024 2729 quantum
1074 2655 1154 2713 ad
1206 2655 1437 2730 bonum
1486 2658 1727 2719 naturae.
1787 2656 1866 2712 De
1920 2653 2183 2713 secundo
2218 2654 2272 2715 ⁸:

733 2769 764 2806 π
796 2752 918 2824 Ego
956 2748 1239 2808 Dominus
1275 2747 1668 2808 sanctificator
1705 2748 1915 2808 lsrael:
1944 2769 1974 2805 ιο
2004 2764 2139 2807 6666
2167 2751 2279 2807 Do·

734 2842 933 2901 minus
954 2841 1368 2913 sanctificator,
1398 2844 1688 2917 quantum
1710 2842 1791 2900 ad
1807 2842 2039 2901 bonum
2057 2842 2276 2916 gratim.
2318 2824 2326 2833 ⁶

737 2940 815 2995 De
858 2935 1028 2995 tertio
1055 2936 1114 2994 ⁸:
1167 2953 1198 2991 α
1235 2939 1359 3009 Ego
1397 2952 1533 2994 sum
1571 2936 1886 3009 Dominus,
1933 2940 1990 2995 et
2028 2952 2153 2995 non
2194 2940 2283 2997 est

736 3029 963 3104 absque
989 3043 1086 3088 me
1116 3028 1412 3090 salvator:
1445 3050 1475 3086 ι»
1509 3045 1647 3088 6666
1674 3029 1959 3090 Dominus
1985 3029 2277 3103 Salvator,

738 3128 1025 3200 quantum
1051 3124 1132 3184 ad
1156 3123 1389 3185 bonum
1412 3123 1636 3200 gloriae.

1240 3285 1517 3342 Articulus
1544 3285 1760 3342 tertius.

806 3408 995 3468 Tertia
1042 3407 1439 3469 consideratio
1482 3408 1743 3480 affertur,
1803 3422 1942 3466 oum
1996 3408 2276 3467 additur:

738 3504 1173 3575 Dissipaverunt.
1201 3505 1331 3561 llaec
1363 3501 1512 3575 legis
1548 3500 1853 3576 dissipatio
1883 3506 1968 3560 est
1994 3503 2278 3575 proevari-

739 3595 918 3668 catio,
938 3612 1071 3671 quaa
1092 3596 1431 3655 nullatenus
1458 3598 1545 3655 est
1566 3594 2112 3670 magnipendenda,
2139 3597 2283 3671 quia

738 3690 1254 3764 perniciosissima.
1286 3693 1352 3749 Et
1374 3676 1553 3761 nota,
1584 3687 1752 3763 quod
1778 3687 1926 3762 legis
1955 3689 2279 3764 dissipatio,

739 3783 864 3841 sive
912 3782 1315 3858 praevaricatio
1326 3825 1347 3856 ,
1401 3784 1492 3840 est
1537 3781 1817 3840 omnibus
1863 3781 2280 3857 perniciosior3

741 3877 1030 3952 quoniam
1055 3876 1170 3936 sibi
1205 3876 1457 3935 debetur
1483 3875 1788 3949 dissipatio
1813 3873 2078 3947 interior,
2107 3891 2283 3950 supe·

741 3970 886 4041 rior,
913 3974 971 4030 et
1009 3969 1287 4030 inferior:
1325 3968 1587 4042 interior,
1626 3968 1762 4028 dico
1773 4010 1794 4041 ,
1833 3968 1898 4026 in
1935 3968 2284 4028 meritorum

742 4064 955 4138 exitio;
983 4064 1272 4140 superior,
1301 4063 1365 4122 in
1384 4063 1648 4137 judicio;
1677 4062 1950 4134 inferior,
1970 4063 2033 4121 in
2058 4062 2286 4138 suppli-

744 4160 859 4219 cio.
908 4162 987 4218 De
1026 4160 1222 4235 primo
1244 4160 1302 4218 ⁸:
1339 4179 1372 4215 α
1415 4158 1725 4233 Dissipavit
1737 4200 1759 4231 ,
1803 4157 1975 4233 quasi
2020 4157 2282 4232 hortum,

740 4254 1062 4313 tentorium
1079 4270 1289 4314 suum:
1320 4269 1457 4312 ecce
1481 4253 1785 4328 dissipatio
1803 4252 2066 4323 interior,
2092 4268 2282 4327 quan-

743 4352 870 4407 tum
887 4348 967 4407 ad
983 4347 1331 4408 meritorum
1348 4346 1607 4407 exitium.
1630 4350 1708 4405 De
1729 4347 1992 4405 secundo
2010 4344 2032 4380 ⁸
2050 4363 2066 4404 :
2090 4367 2120 4399 α
2138 4349 2283 4419 Rex,

743 4443 849 4518 qui
871 4442 1036 4502 sedet
1058 4443 1124 4501 in
1149 4442 1301 4501 solio
1332 4439 1558 4515 iudicii,
1585 4440 1831 4515 dissipat
1853 4455 2030 4499 omne
2056 4439 2284 4498 malum

742 4536 957 4596 intuitu
991 4552 1101 4595 suo
1132 4553 1148 4594 :
1185 4556 1215 4592 ιι
1255 4551 1404 4615 ecce·
1425 4533 1729 4608 dissipatio
1765 4534 2056 4608 superior,
2093 4549 2286 4608 quan-

745 4634 871 4690 tum
897 4631 977 4689 ad
997 4629 1309 4703 judicium.
1327 4632 1406 4687 De
1431 4627 1600 4687 tertio
1618 4625 1893 4702 'sequitur
1906 4628 1959 4699 ’ἦε
1984 4646 2017 4684 ι
2040 4626 2288 4701 Dissipat

745 4724 961 4799 impios
979 4738 1084 4783 rex
1109 4723 1366 4799 sapiens,
1395 4727 1452 4783 et
1477 4723 1746 4781 incurvat
1770 4737 1947 4798 super
1978 4738 2081 4781 eos
2097 4721 2285 4780 forni-

749 4837 879 4880 cem
898 4840 958 4880 :n
972 4834 1107 4880 ecce
1134 4817 1439 4894 dissipatio
1464 4815 1727 4891 inferior,
1745 4821 2033 4892 quantum
2050 4815 2131 4876 ad
2147 4832 2286 4891 sup-

747 4915 1012 4991 plicium.
1228 4934 1229 4937 ¹
1649 4930 1654 4936 ·

1242 4987 1522 5044 amiculus
1552 4987 1800 5059 quartus.

818 5107 1034 5175 Quarta
1072 5102 1465 5164 consideratio
1500 5100 1883 5174 subinfertur,
1913 5115 2051 5160 cum
2083 5115 2289 5176 super-

814 5233 834 5267 ¹
872 5231 1057 5294 Eccle„
1097 5242 1189 5294 ιιι,
1225 5232 1273 5284 4.
1314 5255 1377 5268 —
1406 5230 1430 5265 ¹
1475 5231 1597 5294 Ira„
1631 5238 1773 5294 mv,
1815 5229 1893 5278 24.
1929 5252 1995 5266 —
2027 5227 2050 5264 ⁸
2090 5226 2288 5290 Erech„

750 5307 1062 5368 mvn,28.
1093 5329 1148 5341 —
1178 5305 1200 5340 ὁ
1227 5304 1345 5368 [εα.,
1371 5304 1649 5366 m11,¹1.
1674 5326 1737 5340 —
1763 5301 1786 5337 ⁸
1815 5299 2012 5366 mrem,
2042 5311 2117 5367 11,
2148 5303 2198 5352 6.
2227 5326 2289 5339 -

1753 451 2166 520 EXPOSITIO
2210 451 2290 521 IN
2321 449 2860 521 ‘PSALTERIUM

2367 588 2641 648 additur:
2672 591 2858 662 baem
2886 595 3057 648 mam.
3091 591 3159 650 Et
3184 604 3393 651 revera
3416 589 3514 649 lex
3546 588 3752 649 divina
3777 601 3900 647 non

2368 687 2454 741 est
2484 682 2856 758 aliquatenus
2896 684 3418 759 parvipendenda:
3461 683 3605 758 quia
3643 682 3906 741 fructuo-

2367 775 2596 834 sissima
2631 795 2646 835 :
2678 777 2966 852 quoniam
2986 793 3095 853 per
3122 777 3526 837 observantias
3561 777 3709 849 legis
3733 775 3904 840 nobis

2369 870 2690 944 acquiritur
2724 871 2905 944 visio,
2951 872 3161 939 tentio,
3208 871 3405 931 fruitio
3453 871 3670 931 summi
3712 869 3902 943 Regis.

2368 965 2530 1023 Unde
2562 965 2924 1037 notandum,
2960 968 3124 1040 quod
3161 967 3258 1025 lex
3300 965 3513 1025 dicitur
3553 964 3904 1039 spectabilis,

2371 1057 2782 1133 expectabilis,
2814 1059 3209 1131 delectabilis,
3235 1062 3479 1135 propter
3503 1059 3777 1118 meritum
3800 1058 3905 1116 hu-

2365 1151 2698 1224 iuscemodi
2741 1152 3020 1227 visionis,
3057 1154 3333 1213 tentionis
3346 1195 3366 1226 ‚
3396 1156 3455 1212 et
3490 1152 3800 1211 fruitionis.
3832 1154 3905 1210 De

2370 1245 2566 1319 primo
2592 1247 2650 1305 ⁸:
2686 1263 2717 1301 α
2751 1247 2862 1317 Qui
2889 1251 3087 1306 autem
3126 1248 3488 1323 perspexerit
3521 1246 3587 1304 in
3620 1246 3752 1320 1636
3776 1261 3906 1320 per-

2371 1339 2533 1398 fectoe
2562 1340 2633 1416 (a)
2673 1340 2988 1412 libertatis,
3012 1361 3043 1397 ι
3076 1345 3184 1401 etc.
3210 1359 3226 1399 :
3268 1357 3404 1401 ecce
3430 1340 3530 1399 lex
3556 1338 3907 1414 spectabilis,

2373 1439 2660 1509 tanquam
2679 1435 2982 1493 meritoria
3006 1434 3270 1494 visionis.
3297 1438 3376 1493 De
3403 1433 3667 1492 secundo
3684 1435 3739 1490 ⁹:
3762 1454 3791 1486 α
3817 1436 3909 1491 Le·

2374 1544 2512 1602 gem
2528 1529 2655 1601 eJus
2679 1528 2884 1587 insulas
2909 1530 3339 1604 expectabunt:
3372 1549 3402 1585 ιο
3428 1544 3563 1586 6666
3581 1527 3681 1586 lex
3708 1543 3909 1601 expec—

2375 1620 2601 1693 tabilis,
2637 1625 2924 1697 tanquam
2970 1623 3273 1681 meritoria
3310 1622 3603 1682 tentioniS.
3636 1623 3715 1679 De
3746 1621 3908 1679 tertio

2376 1714 2647 1773 scribitur
2674 1715 2751 1774 ab
2778 1716 3060 1791 Apostolo
3086 1718 3128 1754 ¹⁰
3160 1735 3175 1775 :
3210 1736 3240 1771 κ
3266 1715 3650 1775 condelector
3675 1713 3793 1786 legi
3815 1713 3910 1771 Dei

2375 1808 2702 1867 secundum
2732 1809 3074 1868 interiorem
3097 1810 3437 1868 hominem:
3467 1831 3498 1863 n
3530 1824 3668 1867 ecce
3693 1808 3791 1866 lex
3819 1806 3914 1865 de-

2376 1901 2694 1974 lectabilis,
2719 1908 3004 1978 tanquam
3031 1904 3333 1964 meritoria
3355 1903 3670 1964 fruitionis.

3017 2065 3279 2131 Epilogus.

2450 2186 2966 2261 comprehendens
3027 2202 3169 2260 ergo
3243 2186 3743 2261 Psalmographus
3807 2201 3917 2260 per

2380 2280 2800 2339 continentiam
2833 2279 3011 2353 hujus
3044 2296 3251 2338 versus
3293 2279 3748 2354 quadruplicem
3783 2294 3919 2338 con-

2380 2373 2825 2444 siderationem,
2843 2374 2924 2433 ad
2943 2373 3138 2432 omnis
3161 2372 3405 2432 moralis
3431 2372 3692 2433 defectus
3711 2372 3918 2432 dehor-

2381 2467 2696 2539 tationem,
2743 2467 2825 2526 ait
2853 2486 2869 2524 :
2932 2470 3156 2542 Tempus
3197 2468 3467 2541 faciendi,
3508 2471 3797 2542 quantum
3839 2466 3915 2524 ad

2380 2560 2902 2636 pretiosissimum,
2948 2561 3115 2637 quod
3157 2561 3496 2620 indecenter
3544 2560 3887 2636 expenditur
3894 2581 3912 2634 3

2382 2658 2634 2727 Domine,
2662 2658 2951 2730 quantum
2983 2656 3063 2715 ad
3104 2655 3626 2730 gratiosissimum,
3661 2655 3764 2730 qui
3782 2654 3920 2712 irre·

2383 2752 2650 2807 verenter
2676 2748 3026 2823 offenditur3
3066 2753 3501 2824 Dissipavemnt,
3527 2753 3815 2823 quantum
3840 2747 3918 2805 ad

2382 2844 2967 2919 perniciosissimum,
2988 2845 3157 2920 quod
3180 2844 3557 2920 impudenter
3581 2844 3922 2918 magnipen-

2386 2938 2573 3010 ditur3
2630 2941 2821 3011 Legem
2860 2944 3036 3011 tuom,
3080 2943 3370 3013 quantum
3409 2938 3491 2997 ad
3535 2937 3924 2997 fructuosissi-

2385 3047 2576 3103 mum,
2604 3032 2773 3108 quod
2799 3032 3207 3108 imprudenter
3227 3031 3697 3108 parvipenditur.

2932 3255 3255 3300 vnslcums
3289 3256 3386 3298 XV.

2459 3413 2586 3468 127.
2642 3410 2768 3468 Ideo
2813 3410 2990 3468 dile-m·
3024 3412 3288 3469 mandata
3331 3416 3460 3482 tua,
3512 3414 3623 3469 etc.
3672 3410 3928 3481 Qualiter

2389 3503 2633 3578 aequitas
2676 3503 2880 3562 adulta
2925 3504 3255 3579 profectum
3298 3505 3628 3578 aemuletur,
3681 3504 3928 3580 qualiter

2391 3597 2686 3657 defectum
2714 3597 3074 3669 dehortetur,
3102 3614 3210 3672 per
3251 3599 3407 3657 duos
3437 3614 3641 3657 versus
3677 3599 3930 3674 proevios

2388 3691 2799 3767 praehabetur3
2835 3692 2943 3750 sed
2976 3691 3232 3766 qualiter
3269 3691 3501 3750 bonum
3534 3690 3811 3749 deficiam
3836 3707 3930 3749 as-

2389 3791 2685 3860 pernetur,
2706 3801 2814 3860 per
2831 3788 3179 3859 proesentem
3205 3801 3443 3844 versum
3460 3784 3715 3844 videtur.
3735 3786 3931 3860 AEqui-

2390 3884 2479 3937 tas
2505 3878 2663 3937 enim
2687 3877 2907 3937 faciens
2933 3878 3240 3936 hominem
3266 3879 3431 3937 bona
3460 3878 3713 3937 moralia
3739 3879 3930 3938 consi-

2392 3973 2718 4043 derantem‚
2741 3972 3198 4057 desiderantem,
3219 3978 3587 4049 operantem,
3612 3974 3750 4034 facit
3772 3990 3933 4033 eum-

2393 4068 2548 4126 dem·
2569 4068 2732 4126 bona
2764 4068 3118 4144 temporalia
3152 4070 3562 4144 superantem:
3604 4068 3756 4127 sicut
3775 4071 3933 4143 patet

2393 4164 2616 4235 aperte,
2644 4160 3107 4236 psalmographo
3131 4162 3215 4220 sic
3242 4161 3521 4237 loquente
3549 4180 3564 4220 :
3602 4163 3728 4220 Ideo
3759 4163 3933 4219 ditari

2393 4255 2653 4312 mundata
2676 4259 2771 4312 tua
2797 4270 2959 4328 super
2986 4271 3202 4327 aarum,
3222 4259 3329 4313 etc.
3336 4255 3554 4338 ,quasi
3580 4255 3770 4315 dicat:
3791 4271 3935 4314 con-

2394 4348 2660 4407 siderans
2674 4390 2696 4421 ,
2732 4348 3076 4407 desiderans
3090 4391 3111 4422 ,
3156 4364 3407 4423 operans
3445 4349 3611 4420 bona
3644 4349 3897 4408 moralia
3910 4391 3932 4421 ,

2392 4441 2591 4501 factus.
2606 4459 2740 4500 sum
2766 4458 3051 4517 superans
3076 4443 3240 4502 bona
3278 4443 3646 4518 temporalia.
3677 4445 3935 4513 Quatuor

2395 4552 2539 4610 ergo
2558 4538 2837 4595 notantur
2857 4536 2921 4593 in
2936 4536 3265 4611 proposito,
3285 4536 3502 4596 scilicet
3519 4536 3934 4608 consideratio,

2398 4630 2749 4689 desideratio
2763 4672 2784 4704 ,
2835 4631 3097 4705 operatio
3143 4630 3445 4690 bonorum
3483 4630 3836 4701 moralium5
3878 4632 3938 4688 et

2395 4724 2689 4798 superatio
2717 4723 3151 4798 temporalium.
3194 4727 3341 4783 Ecce
3374 4724 3542 4783 vides
3572 4728 3691 4784 tres
3725 4724 3935 4784 anima:

2394 4818 2549 4876 vires
2579 4817 2643 4875 in
2677 4816 2954 4876 eamdem
2987 4818 3334 4878 sententiam
3372 4822 3817 4891 concurrentes3
3846 4817 3933 4876 vi-

2398 4910 2611 4969 delicet
2645 4909 3041 4982 intellectum,
3069 4911 3373 4985 affectum,
3403 4911 3709 4988 effectum,
3734 4912 3795 4971 in
3825 4912 3934 4970 bo—

2396 5021 2616 5065 norum
2641 5004 3063 5064 defectivorum
3089 5005 3453 5081 despectum.

2404 5141 2424 5175 ⁸
2464 5141 2632 5204 Prov„
2671 5151 2770 5205 xx,
2814 5142 2862 5191 8.
2893 5166 2956 5180 —
2992 5142 3009 5173 “¹
3037 5141 3187 5207 lbid.,
3225 5144 3304 5194 26.
3335 5168 3394 5181 —
3433 5142 3458 5179 ⁸
3494 5142 3625 5208 lac„
3676 5154 3722 5209 1,
3765 5144 3845 5193 25.
3872 5167 3935 5181 —·

2397 5212 2420 5248 ⁹
2444 5213 2566 5278 Isca,
2595 5224 2727 5277 xnu,
2755 5214 2804 5264 4.
2832 5238 2896 5251 —
2926 5214 2965 5250 ¹⁰
2990 5214 3152 5278 Rom„
3179 5225 3275 5280 vu,
3300 5217 3381 5267 22.

2465 5298 2533 5362 (α)
2564 5296 2685 5349 Caet.
2713 5296 2835 5350 edit.
2861 5297 3028 5363 legem
3054 5299 3353 5364 perfectam.
