4196 6294
377 5125 550 5167 cantur.

617 451 732 510 136

617 584 788 665 quod
831 588 1301 671 appropinquat
1347 593 1479 658 Soli
1525 598 1769 658 aeterno
1796 644 1815 673 ,
1865 598 2113 677 oportet
2131 643 2151 673 ‚

614 691 787 772 quod
813 693 894 753 sit
919 712 1095 759 sacra
1124 698 1472 779 ordinati03
1499 705 1561 765 et
1580 719 1695 783 per
1722 702 1842 764 hoc
1867 701 2156 783 sequitur

615 799 784 879 quod
813 801 893 863 sit
919 801 1266 885 deiformia,
1310 808 1460 889 quia
1495 809 1727 872 format
1764 827 1906 873 eam
1949 810 2018 872 in
2053 810 2155 873 sui

613 909 1003 987 creaturam,
1027 912 1259 991 partim
1284 933 1399 996 per
1426 920 1723 980 naturam
1740 965 1756 995 ‚
1778 918 2014 1000 partim
2042 937 2157 999 per

616 1013 925 1093 gratiam,
971 1019 1204 1098 partim
1244 1038 1358 1101 per
1404 1022 1723 1103 gloriam:
1758 1042 1873 1106 per
1914 1025 2152 1107 imagi-

613 1120 938 1183 nationem
958 1172 973 1200 ,
1003 1142 1116 1205 per
1141 1127 1657 1208 similitudinem,
1689 1150 1803 1213 per
1829 1132 2151 1196 deiformi-

612 1231 807 1291 tatem
841 1252 857 1293 ε
888 1235 951 1293 ει
977 1232 1116 1296 ideo
1142 1236 1421 1300 ascendit
1455 1239 1535 1302 ad
1563 1239 1793 1303 inditas
1822 1240 2153 1304 illumina-

611 1337 814 1400 tiones
852 1387 869 1417 ,
928 1342 1272 1406 ascendens
1337 1362 1452 1425 per
1511 1346 1935 1410 influentiam.
2003 1348 2156 1412 Haec

612 1450 827 1508 autem
869 1446 1206 1512 influentia
1244 1469 1374 1513 non
1427 1458 1523 1516 est
1576 1454 1947 1535 simpliciter
2000 1455 2154 1536 quid

610 1551 1010 1619 increatum:
1042 1575 1162 1621 nec
1206 1576 1288 1622 ex
1334 1559 1458 1623 hoc
1503 1561 1817 1643 sequitur,
1847 1562 2021 1644 quod
2051 1563 2150 1625 in-

611 1659 893 1725 ssuentiae
931 1663 1014 1725 sit
1046 1663 1410 1744 influentia,
1448 1668 1600 1750 quia
1638 1669 1781 1732 haec
1825 1669 2156 1738 influentia

610 1769 940 1834 reducitur
966 1771 1037 1833 in
1060 1773 1261 1836 Deum
1283 1796 1299 1852 ;
1328 1775 1481 1838 dicit
1507 1777 1682 1840 enim
1723 1778 2154 1842 continuatio-

611 1896 763 1941 nem
804 1897 951 1942 cum
995 1880 1204 1962 primo
1243 1883 1588 1966 principio,
1625 1890 1687 1948 et
1722 1885 2156 1951 reductionem

616 1985 685 2047 in
711 1985 924 2067 ipsum
943 2034 959 2061 ‚
991 2006 1125 2051 non
1159 1989 1323 2053 sicut
1361 2008 1464 2054 res
1503 1991 1766 2055 distans,
1797 1992 1976 2057 Unde
2002 2013 2157 2058 vera

510 2109 519 2116 ·
614 2096 709 2154 est
733 2092 1092 2174 influentia,
1125 2115 1273 2178 quae
1298 2098 1651 2178 egreditur,
1686 2102 1748 2162 et
1767 2101 2152 2181 regreditur,

618 2203 680 2263 et
710 2199 908 2264 Filius
937 2204 955 2238 ¹
996 2226 1025 2264 α
1053 2204 1256 2268 exivit
1282 2224 1322 2268 a
1349 2205 1561 2287 Patre,
1589 2212 1653 2299 et
1678 2209 1854 2273 venit
1878 2208 1945 2271 in
1974 2226 2158 2272 mun-

618 2308 797 2371 dum.
830 2330 860 2367 n
898 2309 1073 2373 Unde
1121 2312 1307 2392 dicit,
1339 2315 1511 2395 quod
1559 2316 2040 2379 est‘assimilata
2086 2318 2156 2379 in

617 2435 797 2481 sacra
841 2419 1268 2500 ordinatione,
1302 2422 1560 2487 scientia
1584 2473 1603 2503 ,
1644 2428 1705 2487 et
1730 2425 2008 2504 actione,
2042 2445 2158 2508 per

616 2523 739 2587 hoc
782 2525 948 2605 quod
990 2531 1085 2589 est
1124 2528 1205 2592 ad
1233 2529 1639 2609 deiformem,
1666 2536 1978 2613 quantum
2006 2551 2152 2614 pos-

618 2630 799 2693 sibile
846 2636 972 2712 est,
1016 2636 1361 2700 ascendens
1402 2638 1634 2719 partim
1691 2657 1805 2720 per
1857 2645 2158 2705 naturam

615 2738 919 2819 imaginis
936 2788 952 2817 ,
976 2742 1210 2823 partim
1233 2763 1346 2825 per
1373 2750 1668 2808 naturam
1700 2746 2154 2828 similitudinis,

615 2846 847 2909 scilicet
887 2850 1144 2929 gratiae,
1176 2851 1408 2932 partim
1446 2871 1560 2934 per
1602 2858 1897 2917 naturam
1927 2856 2154 2921 deifor-

617 2954 853 3016 mitatis
918 2954 1166 3035 gloriae.
1229 2956 1307 3021 Et
1356 2961 1953 3044 proportionaliter,
2006 2966 2162 3048 quia

617 3060 968 3123 secundum
1014 3061 1158 3143 plus
1188 3111 1209 3143 ,
1262 3072 1325 3128 et
1376 3068 1726 3132 secundum
1773 3070 1987 3134 minus
2016 3121 2035 3152 ,
2085 3078 2161 3136 ut

616 3188 819 3250 capax
847 3174 973 3249 est,
1006 3175 1070 3234 et
1096 3176 1189 3235 est
1232 3173 1309 3244 in,
1340 3175 1819 3243 similitudinem
1857 3181 2156 3260 reducta3

618 3281 784 3341 etex
813 3279 935 3341 hoc
961 3278 1321 3345 hierarchia
1350 3283 1710 3366 disponitur
1736 3307 1848 3370 per
1876 3293 2005 3354 tres
2029 3293 2162 3358 hie-

616 3387 932 3466 rarchiae,
969 3394 1043 3452 ut
1078 3390 1411 3471 tripliciter
1449 3393 1777 3461 illustrata.
1804 3398 1882 3462 Et
1907 3419 2162 3468 necesse

618 3499 712 3558 est
752 3496 925 3576 quod
970 3498 1273 3579 quaelibet
1318 3500 1550 3565 habeat
1588 3507 1716 3567 tres
1758 3508 2033 3573 ordineS.
2082 3510 2163 3574 Et

615 3604 826 3686 prima
883 3606 1243 3670 hierarchia
1297 3611 1745 3691 appropriatur
1797 3613 2006 3695 Patri3
2058 3637 2157 3682 se-

617 3713 828 3776 cunda
861 3761 879 3790 ,
928 3713 1089 3777 Filio
1125 3737 1142 3793 ;
1191 3717 1381 3779 tertia
1413 3765 1430 3793 ‚
1477 3717 1740 3800 Spiritui
1800 3728 2038 3790 sancto.
2083 3727 2164 3792 Et

617 3821 792 3901 quod
829 3822 1040 3902 prima
1065 3822 1429 3889 hierarchia
1473 3827 1862 3892 assimiletur
1890 3830 2061 3896 Patri
2090 3835 2161 3899 in

620 3927 863 4008 tribuS,
896 3933 958 3993 et
1002 3932 1278 3995 secunda
1316 3932 1383 3995 in
1414 3934 1615 3998 tribus
1643 3935 1831 4015 Filio,
1863 3942 1925 4002 et
1970 3941 2046 4022 (a)
2092 3942 2162 4006 in

621 4035 827 4098 tribus
856 4035 1120 4118 Spiritui
1170 4043 1423 4117 sancto,
1467 4042 1632 4105 sicut
1672 4044 1933 4126 patebit.
1966 4046 2156 4111 Suffi-

620 4146 850 4209 cientia
896 4151 1110 4212 autem
1160 4149 1398 4213 horum
1454 4152 1787 4235 tripliciter
1830 4157 2156 4239 accipitur.

622 4254 872 4332 Prima,
908 4272 989 4317 ex
1035 4256 1277 4320 ratione
1319 4260 1814 4341 exemplaritatis
1856 4267 2156 4344 aeternae;

621 4361 934 4440 secunda,
965 4381 1048 4426 ex
1084 4363 1453 4444 integritate
1479 4367 1896 4449 hierarchiae3
1931 4374 2116 4436 tertia
2138 4423 2157 4453 ,

620 4468 976 4532 secundum
1042 4468 1518 4551 dispositionem
1575 4475 1843 4540 coelestis
1898 4496 2156 4544 monar-

620 4577 803 4641 chiae.
856 4576 1015 4642 Nota
1059 4579 1233 4660 quod
1258 4629 1278 4658 ,
1319 4581 1482 4645 sicut
1519 4582 1766 4647 homini
1810 4603 1975 4649 caeco
2022 4604 2155 4651 ser-

619 4686 806 4749 viunt
864 4685 1060 4751 stellae
1125 4706 1345 4754 omnes
1378 4738 1395 4768 ‚
1449 4692 1540 4755 sic
1582 4693 1829 4757 homini
1870 4695 2162 4761 serviunt

434 4811 593 4866 Angeli
620 4793 870 4874 angeli,
914 4796 1271 4860 secundum
1315 4800 1487 4881 quod
1532 4800 1795 4863 mittunt
1836 4800 2160 4865 mirabiles

494 4936 574 4979 -ni,
617 4899 1093 4966 illustrationes,
1139 4901 1315 4969 Unde
1358 4911 1647 4988 peccator
1683 4908 2154 4991 reprehenden-

543 5010 588 5101 ζ
619 5005 736 5069 dus
778 5013 899 5089 est,
949 5012 1062 5094 qui
1099 5013 1381 5093 negligit
1412 5015 1565 5091 ista,
1606 5019 1668 5078 et
1701 5017 2018 5099 adjutoria
2054 5035 2157 5082 eo·

617 5131 790 5177 rum.
837 5115 910 5178 ln
961 5119 1172 5199 prima
1230 5118 1586 5186 hierarchia
1621 5124 1645 5157 ²
1685 5126 1836 5187 sunt
1893 5125 2157 5188 nomina

616 5220 737 5285 ista
772 5243 787 5285 ε
829 5221 1101 5307 Throni,
1141 5225 1513 5308 Cherubim,
1562 5229 1919 5314 Seraphim.
1953 5232 2025 5297 In
2052 5252 2156 5299 se-

679 5384 698 5420 ¹
734 5383 898 5444 loon„
936 5397 1054 5450 xv1,
1081 5391 1159 5440 28.
1188 5416 1252 5427 —
1286 5390 1305 5419 ²
1333 5390 1505 5455 mon„
1543 5391 1603 5441 de
1639 5392 1760 5444 Goel.
1800 5395 1961 5457 Hier„
1991 5411 2039 5446 c.
2078 5407 2149 5449 vt.

618 5480 673 5495 -
705 5453 728 5490 ⁸
753 5455 960 5512 Dicebat
968 5473 991 5526 ,·
1018 5460 1145 5525 qui?
1173 5461 1305 5514 saint
1331 5463 1689 5516 Bonaventure
1715 5479 1833 5518 sans
1865 5467 2037 5520 doute.

1662 455 1903 523 ILLUM
1910 456 2234 523 INATION
2238 458 2331 524 Es
2372 459 2763 528 ECCLESIAE

2268 596 2505 676 cunda,
2541 598 3043 677 Dominationes,
3081 601 3357 667 Virtutes
3366 652 3387 684 ,
3434 604 3801 680 Potestates,

2269 701 2343 766 In
2377 704 2591 784 tertia,
2623 704 3052 789 Principatus,
3089 709 3516 795 Archangeli,
3543 718 3802 801 Angeli.

2266 809 2345 873 Et
2370 809 2857 891 distinguuntur
2884 816 3238 880 secundum
3269 822 3595 904 exemplar
3625 834 3809 893 aeter·

2265 935 2426 981 num
2458 966 2479 997 ,
2527 919 2699 1000 quod
2755 925 2849 983 est
2891 922 3120 1002 vigens
3148 972 3168 1002 ‚
3217 925 3476 1007 fulgens
3500 979 3520 1009 ‚
3574 933 3805 1000 calenS.

2264 1023 2430 1088 Deus
2457 1026 2736 1103 trinitas,
2768 1026 2975 1104 Pater,
3007 1029 3228 1111 Filius,
3252 1038 3316 1098 et
3336 1034 3608 1118 Spiritus
3636 1060 3810 1107 sanc-

2263 1136 2400 1210 tus;
2441 1136 2505 1196 et
2549 1138 2682 1197 tota
2724 1137 2995 1199 essentia
3025 1136 3230 1203 Patris
3269 1142 3338 1206 in
3371 1144 3512 1227 ipso
3538 1195 3556 1224 ,
3587 1153 3715 1215 tota
3743 1152 3809 1217 in

2268 1238 2451 1317 Filio,
2483 1244 2614 1304 tota
2643 1242 2711 1305 in
2737 1241 2976 1326 Spiritu
3004 1228 3243 1312 sancto.
3273 1249 3354 1315 Et
3379 1256 3513 1318 tota
3536 1260 3809 1325 essentia

2262 1343 2403 1408 Filii
2439 1347 2508 1410 in
2552 1348 2721 1429 ipso,
2752 1353 2884 1414 tota
2924 1352 2991 1414 in
3036 1352 3256 1433 Patre,
3288 1362 3416 1422 tota
3458 1361 3528 1425 in
3569 1364 3809 1446 Spiritu

2262 1456 2500 1517 sancto.
2547 1454 2625 1518 Et
2668 1460 2799 1520 tota
2843 1463 3113 1525 essentia
3158 1463 3436 1546 Spiritus
3486 1473 3680 1535 sancti
3738 1474 3806 1538 in

2263 1559 2482 1639 Patre,
2527 1566 2659 1627 tota
2698 1564 2766 1627 in
2816 1565 3011 1646 Filio,
3057 1572 3189 1633 tota
3230 1572 3298 1635 in
3331 1574 3492 1655 ipso.
3537 1578 3603 1641 Si
3645 1597 3806 1661 ergo

2262 1667 2616 1733 hierarchia
2636 1671 2822 1735 debet
2846 1674 3184 1739 assimilari
3202 1676 3527 1762 Trinitati,
3559 1690 3808 1767 oportet

2263 1777 2434 1859 quod
2476 1777 2562 1840 sit
2600 1780 2756 1857 ordo
2795 1782 2907 1863 qui
2952 1786 3325 1865 respondeat
3365 1787 3535 1854 Patri
3578 1812 3808 1860 secun-

2264 1882 2420 1946 dum
2447 1885 2621 1966 quod
2647 1892 2740 1950 est
2765 1888 2833 1951 in
2875 1891 3111 1974 seipso,
3144 1898 3207 1957 et
3247 1900 3600 1964 secundum
3635 1906 3808 1985 quod

2265 2001 2360 2053 est
2385 1992 2451 2054 in
2469 1991 2648 2069 Filio,
2672 1998 2736 2058 et
2764 1999 3122 2064 secundum
3149 2004 3319 2083 quod
3347 2010 3441 2068 est
3470 2008 3539 2070 in
3563 2009 3809 2092 Spiritu

2264 2105 2503 2163 sancto.
2533 2100 2838 2167 Similiter
2879 2111 3126 2188 oportet
3159 2111 3336 2191 quod
3380 2114 3460 2176 sit
3502 2117 3656 2180 ordo
3695 2120 3807 2201 qui

2265 2208 2636 2301 respondeat
2664 2209 2854 2289 Filio,
2886 2215 3237 2280 secundum
3265 2221 3434 2301 quod
3464 2226 3559 2286 est
3596 2224 3664 2287 in
3693 2225 3808 2290 Pa-

2265 2318 2382 2391 tre,
2402 2319 2465 2378 et
2483 2315 2553 2378 in
2571 2316 2799 2398 seipso,
2821 2323 2884 2382 et
2911 2320 2978 2382 in
3003 2322 3245 2402 Spiritu
3271 2330 3507 2392 sancto.
3534 2327 3612 2392 Et
3637 2332 3806 2396 idem

2234 2492 2242 2501 .
2266 2425 2360 2485 est
2398 2422 2476 2486 de
2502 2422 2743 2504 Spiritu
2772 2430 3009 2491 sancto.
3042 2428 3150 2493 Ille
3179 2433 3353 2495 enim
3383 2434 3488 2498 Sol
3517 2438 3637 2500 sibi
3665 2458 3806 2522 pro-

2265 2529 2441 2593 ximo
2471 2529 2952 2597 similitudinem
2982 2538 3045 2598 et
3073 2540 3548 2619 expressionem
3575 2543 3655 2625 (α)
3680 2546 3801 2610 im-

2265 2634 2503 2715 primit.
2553 2635 2717 2700 Ordo
2772 2638 2948 2702 Patri
3000 2645 3388 2724 respondens
3441 2652 3791 2716 secundum

2266 2742 2439 2822 quod
2453 2748 2547 2806 est
2564 2743 2632 2807 in
2648 2745 2877 2827 εείρεο,
2902 2751 2996 2811 εει
3017 2751 3172 2814 ordo
3188 2750 3614 2819 Thronorum.
3636 2758 3803 2824 Ordo

2266 2851 2655 2930 respondens
2710 2853 2877 2917 Patri
2905 2903 2921 2929 ‚
2975 2859 3331 2923 secundum
3376 2864 3549 2944 quod
3591 2868 3687 2928 est
3736 2867 3806 2931 in

2268 2955 2430 3019 Filio
2455 3006 2471 3036 ,
2514 2963 2609 3023 est
2636 2961 2790 3024 ordo
2821 2962 3186 3029 Cherubim.
3227 2967 3391 3033 Ordo
3420 2974 3806 3054 respondens

2268 3061 2467 3140 Patri,
2495 3067 2844 3132 secundum
2873 3071 3041 3153 quod
3069 3077 3164 3136 est
3189 3073 3258 3136 in
3283 3074 3527 3158 Spiritu
3559 3086 3796 3161 sancto;

2268 3176 2362 3235 est
2389 3175 2542 3238 ordo
2571 3175 2926 3259 Seraphim.
2974 3179 3139 3245 Ordo
3184 3186 3572 3265 respondens
3607 3187 3800 3269 Filio,

2269 3282 2621 3345 secundum
2660 3286 2969 3380 quod‘est
3003 3288 3072 3350 in
3112 3289 3325 3371 Patre,
3361 3300 3455 3358 est
3497 3296 3652 3360 ordo
3687 3297 3804 3362 Do-

2271 3389 2722 3472 minationum,
2751 3395 2931 3475 cujus
2976 3400 3069 3459 est
3121 3398 3457 3481 imperare.
3503 3401 3667 3468 Ordo
3707 3424 3804 3469 se-

2269 3497 2551 3560 cundum
2580 3501 2752 3580 quod
2779 3500 2976 3565 Filius
3018 3508 3114 3568 est
3146 3505 3213 3569 in
3251 3509 3491 3590 seipse,
3533 3517 3626 3576 est
3651 3515 3807 3579 ordo

2267 3602 2611 3670 Virtutum.
2661 3606 2825 3673 Ordo
2865 3611 3216 3675 secundum
3254 3617 3427 3695 quod
3471 3622 3568 3681 est
3611 3619 3809 3685 Filius

2268 3711 2333 3774 in
2355 3711 2594 3795 Spiritu
2624 3720 2873 3795 sancto,
2896 3722 2991 3781 est
3018 3720 3173 3784 ordo
3201 3722 3617 3791 Potestatum.
3640 3728 3807 3795 Ordo

2268 3819 2545 3902 Spiritus
2573 3825 2770 3886 sancti
2802 3827 3156 3910 secundum
3183 3830 3353 3911 quod
3384 3833 3568 3896 estin
3588 3833 3801 3916 Patre,

2268 3931 2365 3990 est
2392 3928 2545 3992 ordo
2586 3929 3103 4014 Principatuum;
3135 3937 3486 4004 secundum
3524 3944 3694 4024 quod
3715 3949 3810 4008 est

2268 4034 2336 4097 in
2364 4034 2553 4115 Filio,
2585 4041 2680 4100 est
2717 4038 2871 4102 ordo
2909 4040 3459 4124 Archangelorum
3479 4096 3496 4125 ,
3527 4068 3807 4131 quorum

3874 1036 4024 1081 Trini-

3889 1104 3993 1146 tatis

3854 1164 4043 1221 equali-

3836 1230 3922 1272 tas.

2267 4146 2361 4206 est
2410 4149 2648 4208 secreta
2701 4145 2986 4211 revelare
3023 4170 3040 4226 3
3085 4153 3440 4216 secundum
3486 4157 3660 4238 quod
3714 4164 3809 4223 est
3894 4203 3902 4212 ·

2267 4247 2540 4331 Spiritus
2582 4257 2834 4317 sanctus
2879 4254 2946 4317 in
2983 4256 3223 4339 εείρεο,
3255 4264 3352 4324 εει
3390 4263 3545 4328 ordo
3575 4268 3803 4347 Ange-

2265 4338 2496 4421 lorum.
2533 4357 2689 4422 Item
2716 4360 2959 4426 dicebat
2981 4366 3038 4441 ³,
3073 4366 3244 4446 quod
3281 4370 3477 4433 semel
3519 4375 3802 4438 confere-

2265 4467 2374 4528 bat
2401 4484 2549 4529 cum
2578 4486 2709 4531 uno
2719 4515 2740 4546 ,
2777 4468 2855 4532 de
2877 4488 3007 4551 quo
3037 4473 3259 4538 ordine
3279 4475 3502 4542 fuisset
3523 4479 3800 4548 Gabriel.

2265 4574 2343 4639 Et
2368 4576 2614 4639 dicebat
2640 4577 2774 4657 ille,
2806 4580 2975 4660 quod
3014 4581 3136 4645 sibi
3177 4585 3523 4652 revelatum
3554 4592 3760 4656 fuerat
3783 4642 3800 4673 ‚

2264 4683 2436 4765 quod
2470 4685 2605 4747 erat
2630 4685 2707 4748 de
2744 4686 2953 4751 media
2981 4688 3344 4756 hierarchia
3379 4699 3442 4759 et
3479 4697 3558 4761 de
3593 4701 3820 4779 medio⁶

2263 4791 2484 4855 ordine
2513 4840 2534 4870 ,
2584 4791 2817 4856 scilicet
2868 4793 3209 4863 Virtutum.
3259 4776 3337 4863 Ει
3386 4802 3510 4866 hoc
3549 4805 3803 4871 videtur

2262 4899 2446 4964 valde
2475 4917 2873 4981 congruum,
2907 4907 2980 4966 ut
3015 4903 3153 4984 ille,
3200 4907 3312 4988 qui
3353 4914 3490 4973 erat
3533 4914 3802 4978 nuntius

2263 5007 2684 5090 conceptionis
2711 5006 2852 5071 Filii
2894 5009 3032 5088 Dei,
3064 5011 3144 5075 de
3179 5013 3287 5077 1110
3329 5016 3550 5080 ordine
3591 5001 3800 5084 mitte-

2262 5121 2471 5195 retur,
2517 5116 2629 5199 qui
2680 5116 2835 5182 Filio
2876 5120 3342 5202 appropriatur.
3390 5122 3549 5189 Item
3583 5175 3600 5205 ‚
3647 5127 3800 5209 quia

2261 5230 2397 5292 erat
2424 5227 2690 5291 nuntius
2728 5225 3126 5308 MediatoriS,
3154 5247 3525 5312 congruum
3561 5234 3681 5298 fuit
3723 5239 3798 5299 ut

2259 5337 2337 5400 de
2381 5333 2592 5398 medio
2642 5333 2863 5400 ordine
2919 5335 3298 5403 mitteretur.
3361 5337 3495 5404 Hoc
3554 5342 3796 5408 dictum

2291 5463 2356 5528 (α)
2369 5461 2541 5528 Suppl.
2551 5459 2906 5513 tertia.—Goet.
2917 5461 3038 5514 edit.
3050 5462 3378 5518 similitudine
3389 5468 3442 5518 et
3450 5467 3792 5534 expressione.

3867 4496 4049 4541 Gabriel

3859 4560 3989 4622 cujtn
4003 4592 4018 4614 ,

3851 4623 4020 4667 hierar-

3832 4686 3943 4729 chio
3970 4689 4046 4731 nit.
