4196 6294
278 4455 432 4500 sionis.

525 498 642 557 150

1576 483 2248 553 lLLUMlNATIONES
2289 471 2688 552 ECCLESIAE

519 628 878 693 elevantem
927 624 1303 710 tripliciter;
1349 626 1416 689 et
1464 620 1777 704 triplicem
1822 622 2068 703 oportet
2176 621 2496 686 munditia
2522 624 2619 686 est
2658 621 2912 688 cordis:
2943 628 3009 689 et
3034 624 3178 690 ideo
3204 627 3527 709 sequitur.
3569 651 3600 688 a
3624 627 3723 693 Ex

516 741 689 825 quod
741 724 976 805 habeat
1027 736 1475 820 perfectionem
1492 783 1509 815 ,
1559 733 2063 817 corresponden-

517 853 647 913 tem
684 845 996 911 charitati.
1036 843 1215 909 Unde
1255 841 1502 924 signari
1543 841 1667 906 hoc
1708 841 1930 918 modo,
1968 848 2065 905 est

516 973 631 1039 per
661 953 1118 1038 professionem
1147 951 1357 1016 adhuc
1383 950 1653 1031 alligare
1693 952 1756 1012 et
1793 949 2064 1029 signum

516 1063 918 1147 imprimere,
950 1064 1022 1124 ut
1046 1058 1423 1141 respondeat
1450 1056 1541 1120 illi
1569 1056 1761 1137 signo
1789 1055 2059 1119 charita-

514 1173 629 1236 tis:
659 1172 800 1235 haec
820 1172 1039 1234 autem
1060 1166 1358 1250 perfectio
1378 1163 1667 1229 consistit
1693 1163 1762 1226 in
1791 1163 2063 1247 descrip-

512 1282 682 1345 tione
723 1277 992 1344 civitatis
1008 1325 1025 1355 ,
1073 1275 1307 1339 scilicet
1346 1272 1520 1356 quod
1565 1272 1780 1336 anima
1831 1271 2062 1337 habeat

511 1390 581 1452 in
611 1407 679 1452 se
708 1386 1003 1451 divinum
1032 1383 1302 1461 cultum,
1332 1380 1626 1447 divinum
1654 1380 1767 1444 Dei
1788 1398 2056 1461 nexum,

508 1495 798 1562 divinum
845 1493 953 1556 Dei
1000 1492 1239 1570 zelum,
1291 1488 1584 1555 divinum
1620 1487 1733 1552 Dei
1772 1504 2055 1552 sensum.

507 1603 728 1667 Cultus
754 1601 866 1666 Dei
902 1600 1096 1665 estin
1124 1596 1402 1676 Oriente,
1431 1613 1640 1660 nexus
1666 1596 1736 1658 in
1763 1595 2053 1676 Meridie,

506 1710 678 1775 zelus
708 1710 781 1772 in
808 1706 1273 1790 Septentrione,
1313 1721 1541 1768 sensus
1584 1703 1656 1768 in
1700 1702 2053 1769 Occidente.

504 1819 582 1883 Et
610 1820 766 1882 sunt
790 1819 921 1879 tres
947 1817 1159 1897 partes
1182 1812 1265 1877 ad
1293 1811 1639 1890 Orientem,
1670 1815 1798 1876 tres
1825 1812 1905 1876 ad
1934 1811 2054 1876 Oc-

504 1926 841 2004 cidentem,
873 1927 1003 1986 tres
1032 1922 1113 1987 ad
1142 1920 1495 1999 Meridiem,
1526 1926 1658 1983 tres
1695 1920 1775 1982 ad
1799 1918 2058 2003 Septen-

503 2033 799 2096 trionem.
835 2029 1055 2094 Cultus
1094 2029 1286 2093 habet
1315 2027 1479 2092 duos
1511 2026 1804 2105 comiteS,
1847 2044 2054 2090 unum

501 2138 941 2203 ascendentem
963 2184 982 2216 ,
1038 2136 1313 2200 alterum
1383 2134 1901 2215 subsequentem.
1958 2133 2057 2197 Ad

501 2246 853 2329 perfectum
882 2242 1125 2308 cultum
1152 2242 1276 2306 tria
1315 2244 1468 2307 sunt
1507 2240 1865 2305 necessaria
1874 2288 1897 2320 ,
1940 2241 2056 2305 sci-

500 2355 648 2417 licet
674 2356 931 2416 aeternae
964 2350 1252 2416 veritatis
1279 2348 1558 2431 veridica
1583 2348 1914 2431 professi0,
1942 2368 2050 2412 su-

500 2478 721 2542 pernae
750 2458 1101 2541 majestatis
1125 2457 1393 2522 humilis
1418 2457 1771 2537 veneratio,
1794 2459 2055 2521 aeternae

503 2568 853 2633 sanctitatis
878 2565 1087 2633 virilis
1114 2564 1478 2630 custoditio.
1511 2562 1690 2628 Unde
1726 2567 2057 2646 ponuntur

500 2676 625 2739 tria
678 2674 1031 2739 secundum
1080 2678 1211 2737 tres
1255 2673 1422 2737 infra
1477 2672 1767 2753 signatos
1797 2693 1812 2734 :
1878 2695 1909 2731 (ι
1960 2670 2058 2737 Ex

338 2785 675 2860 1„„,.tribu
721 2783 886 2849 Juda
935 2782 1272 2847 duodecim
1319 2779 1517 2844 millia
1562 2779 1825 2860 signati.
1869 2801 1900 2839 ι)
1949 2779 2057 2843 Isti

271 2871 456 2927 protetio

303 2934 446 2977 nomi-

262 3010 370 3041 num
428 3000 477 3041 fl-

289 3061 449 3104 liorum

289 3124 446 3169 Jacob.

298 3187 441 3231 Indu

305 3251 439 3302 idem,

312 3313 430 3368 quod

289 3376 457 3451 contes-

501 2892 678 2956 enim
719 2891 1116 2969 ordinantur,
1161 2907 1296 2953 non
1337 2887 1689 2952 secundum
1735 2886 2056 2951 carnalem

504 2998 1020 3081 generationem,
1066 2997 1219 3079 quia
1249 2995 1284 3061 J
1288 2995 1447 3060 udas
1483 3013 1615 3059 non
1655 2995 1773 3059 fuit
1808 2995 2058 3077 primus

502 3105 704 3186 fllius;
750 3104 860 3170 sed
912 3104 1290 3169 ordinantur
1351 3102 1701 3168 secundum
1763 3101 2058 3186 spiritua-

502 3215 654 3279 lem.
738 3212 944 3279 sudas
1015 3212 1468 3294 interpretatur
1531 3210 1841 3275 confessio
1906 3232 1921 3275 ε
1997 3215 2059 3275 et

506 3326 603 3387 est
661 3320 1188 3398 fundamentum;
1247 3320 1401 3402 quia
1452 3319 1781 3403 spirituale
1831 3319 2056 3383 funda-

505 3435 801 3495 mentum
826 3429 987 3494 fldes
1017 3433 1136 3509 est,
1169 3447 1364 3512 super
1391 3447 1587 3510 quam
1616 3427 1923 3493 fundatur
1948 3427 2058 3492 Ec-

508 3540 719 3604 clesia.
750 3537 883 3603 Hoc
910 3544 1006 3603 est
1044 3555 1205 3620 ergo
1244 3537 1558 3620 primum,
1589 3540 1664 3601 ut
1690 3536 1860 3619 apud
1887 3541 1949 3600 te
1977 3537 2061 3601 sit

508 3648 767 3728 integra
806 3645 1117 3710 confessio
1157 3645 1480 3724 veritatiS,
1526 3645 1799 3727 perfecta
1840 3644 2059 3708 credu-

510 3757 657 3820 litas
686 3759 750 3820 et
784 3773 1105 3820 assensuS.
1138 3753 1429 3818 Secundo
1455 3753 1806 3836 requiritur
1832 3770 2056 3836 super-

511 3881 617 3928 nae
667 3863 1016 3945 majestatis
1071 3862 1336 3927 humilis
1391 3861 1750 3939 venerati03
1808 3865 1873 3925 et
1925 3864 2054 3939 est,

513 3970 771 4054 quando
796 3971 994 4036 homo
1020 3971 1375 4036 considerat
1393 3971 1636 4054 proprii
1664 3969 1919 4035 sceleris
1949 3969 2063 4032 im-

514 4079 915 4159 manitatem,
953 4083 1016 4143 et
1059 4079 1294 4144 divinae
1334 4078 1688 4143 severitatis
1724 4078 2062 4141 immensi-

512 4194 731 4256 tatem.
767 4189 847 4255 Et
881 4190 1022 4255 ideo
1060 4191 1392 4272 sequitur:
1436 4212 1467 4250 α
1496 4189 1587 4253 Ex
1629 4189 1799 4252 tribu
1836 4188 2061 4253 Ruben

456 4338 485 4368 u
513 4299 846 4365 duodecim
885 4299 1086 4363 millia
1130 4299 1391 4380 signati.
1423 4321 1453 4357 n
1501 4299 1717 4364 Ruben
1757 4298 2063 4380 interpre-

456 4388 488 4421 “
513 4410 686 4471 tatur
720 4405 895 4470 filius
946 4405 1211 4470 visionis
1242 4413 1285 4469 ¹.
1327 4403 1537 4469 Tertio
1580 4404 1928 4487 requiritur
1972 4404 2062 4468 in-

512 4518 715 4580 ternae
756 4512 1105 4578 sanctitatis
1132 4513 1336 4578 virilis
1362 4511 1698 4578 custoditio
1713 4560 1728 4591 ,
1764 4514 1837 4575 ut
1866 4511 1955 4574 sic
1982 4511 2065 4575 sit

515 4624 712 4689 homo
739 4621 1120 4704 praecinctus
1138 4625 1200 4685 et
1226 4620 1545 4685 accinctus
1575 4622 1794 4682 contra
1817 4618 2058 4697 omnia,

516 4730 840 4796 restrictor
858 4729 1153 4794 omnium
1168 4722 1822 4794 defluxionum.Unde
1837 4725 2027 4790 etiam
2039 4727 2063 4761 ²

519 4838 874 4904 sacerdotes
905 4837 1410 4921 prohibebantur
1435 4833 1654 4898 bibere
1689 4832 1919 4898 vinum
1936 4882 1955 4913 ,
2001 4837 2062 4898 et

521 4963 713 5010 omne
738 4944 910 5028 quod
939 4944 1252 5008 inebriare
1282 4944 1549 5026 poterat,
1580 4939 1839 5023 quando
1867 4942 2064 5005 intra-

519 5051 677 5116 bant
721 5052 789 5115 in
830 5051 1145 5135 templum
1194 5050 1276 5115 ad
1322 5047 1836 5113 ministrandum.
1884 5047 2064 5115 Patet

520 5159 715 5225 etiam
760 5158 838 5223 de
888 5162 1200 5242 praecepto
1253 5156 1630 5222 munditiae:
1674 5156 1796 5220 ista
1845 5161 2061 5222 autem

584 5351 604 5386 ¹
632 5362 785 5420 ΠΒἿ,
816 5362 959 5427 raah,
992 5361 1160 5413 videre
1171 5377 1187 5425 ;
1215 5360 1322 5434 ¹¹12,
1354 5359 1462 5421 ben,
1488 5361 1638 5414 filius,
1661 5389 1723 5400 —
1751 5364 1775 5398 ²
1795 5361 1973 5425 Levis„
1997 5374 2059 5424 x,

523 5436 571 5484 9.
594 5460 649 5472 --
680 5434 864 5495 ³Gen.,
890 5445 1048 5496 xmx,
1079 5436 1160 5484 20.
1194 5459 1254 5472 —
1283 5433 1307 5468 δ
1330 5432 1464 5484 Psoi.
1496 5444 1641 5497 xmv,
1671 5433 1747 5484 1¹.
1777 5459 1840 5471 —
1866 5434 1887 5470 ⁸
1910 5438 2060 5497 Aug„

525 5504 671 5568 Gens.
699 5504 788 5557 lib.
818 5506 882 5569 X,
908 5519 957 5556 c.
984 5516 1133 5556 xxix.

2172 730 2344 794 tribu
2390 730 2522 794 Gad
2562 730 2895 795 duodecim
2943 732 3144 796 millia
3188 734 3525 816 signati.»
3583 737 3723 803 Gad
3776 746 3813 787 G
3817 744 3873 786 *ἃ
3894 757 3961 787 ⁸⁰·

2171 838 2626 919 interpretatur
2692 839 3033 902 accinctus.
3106 838 3247 904 Non
3311 843 3544 907 sufficit
3606 863 3717 908 ve·
3750 810 3960 925 finiam:-

2169 962 2286 1008 rus
2327 944 2568 1026 cultus,
2618 946 2740 1010 nisi
2788 946 2871 1010 sit
2919 948 3236 1030 perfectus
3284 968 3520 1030 nexuS,
3570 952 3723 1034 quia
3749 932 3878 974 Μ’·

2170 1052 2451 1116 charitas
2475 1054 2656 1118 docet
2683 1054 2884 1119 Deum
2910 1056 3116 1120 colere
3136 1060 3199 1121 et
3222 1075 3478 1138 amare;
3509 1062 3574 1123 et
3601 1060 3725 1125 hoc

2169 1165 2288 1240 est,
2313 1160 2570 1243 quando
2599 1161 2816 1225 anima
2843 1162 3068 1227 infima
3097 1166 3467 1247 contemnit,
3502 1186 3722 1250 supre-

2169 1286 2278 1331 ma
2312 1285 2429 1333 seu
2470 1286 2726 1333 summa
2754 1269 3017 1351 appetit,
3051 1271 3119 1335 in
3157 1271 3366 1337 medio
3395 1272 3718 1355 dilatatur,

2167 1375 2258 1439 ita
2289 1375 2459 1457 quod
2495 1377 2565 1439 in
2603 1394 2905 1460 supremo
2931 1375 3128 1442 habet
3165 1379 3715 1461 sublimationem;

2167 1481 2237 1547 in
2264 1480 2441 1564 imo,
2481 1483 3048 1567 sequestrationem
3064 1508 3082 1563 ;
3115 1485 3185 1549 in
3217 1487 3460 1567 medio,
3491 1487 3721 1553 dilata-

2166 1589 2432 1654 tionem.
2465 1589 2543 1654 Et
2569 1590 2693 1655 hoc
2736 1593 2832 1654 est
2874 1592 3279 1674 sempiternae
3307 1593 3721 1660 beatitudinis

2165 1697 2487 1780 appetitus
2549 1698 2948 1782 praecipuus,
3005 1718 3301 1785 supernae
3368 1702 3719 1770 dilectionis

2166 1804 2431 1870 affectus
2490 1804 2788 1870 dilatatus
2804 1855 2821 1887 ,
2882 1807 3228 1872 mundanae
3284 1812 3719 1893 prosperitatis

2166 1912 2270 1977 vel
2284 1913 2699 1995 possessionis
2720 1917 3124 1998 contemptus
3142 1918 3550 1999 perfectivus.
3565 1919 3719 1985 Haec

2165 2022 2290 2085 tria
2325 2020 2778 2101 intelliguntur
2821 2040 2935 2104 per
2962 2027 3094 2087 tres
3121 2025 3414 2106 signatos
3442 2046 3715 2111 sequen-

2164 2132 2281 2194 tes,
2313 2127 2580 2193 Necesse
2608 2133 2703 2193 est
2729 2147 2886 2212 ergo
2916 2135 2992 2196 ut
3024 2131 3102 2212 (b)
3131 2132 3200 2196 in
3226 2133 3443 2198 anima
3465 2135 3548 2199 sit
3573 2154 3718 2200 con-

2165 2240 2445 2318 temptus
2468 2255 2685 2320 verus,
2716 2241 2790 2301 ut
2816 2238 2898 2301 sit
2925 2238 3134 2321 primo
3163 2240 3581 2306 beatitudinis
3612 2261 3718 2327 ap-

2165 2345 2425 2427 petitus.
2466 2350 2541 2410 Et
2584 2346 2724 2410 ideo
2769 2347 3102 2429 sequitur:
3146 2369 3178 2408 α
3214 2346 3311 2412 Ex
3344 2349 3517 2414 tribu
3556 2351 3716 2417 Aser

2165 2434 2503 2517 duodecim
2543 2453 2744 2518 millia
2787 2455 3044 2535 signati.
3075 2477 3105 2514 υ
3143 2457 3301 2522 Aser
3336 2457 3712 2542 interprete·
3771 2493 3876 2533 A...
3890 2489 3954 2532 in.

2165 2565 2274 2626 tur
2327 2562 2583 2640 beatus,
2641 2561 2778 2627 sive
2822 2564 2845 2599 ⁸
2900 2584 2932 2624 α
2956 2564 3222 2647 pinguis
3275 2567 3488 2649 paniS,
3547 2587 3712 2651 prae-
3744 2554 3956 2607 “mmm

2164 2667 2323 2732 bens
2361 2669 2615 2734 delicias
2656 2670 2944 2752 regibus.
2989 2694 3021 2732 n
3061 2671 3312 2756 Beatus>
3340 2678 3559 2739 autem
3587 2679 3714 2756 est,
3744 2615 3951 2722 {3:⁶12oe-

2166 2779 2280 2862 qui
2310 2780 2382 2842 in
2408 2780 2866 2845 beatitudinem
2896 2801 3153 2849 summo
3176 2803 3393 2850 amore
3420 2788 3720 2866 transfer-

2164 2893 2295 2953 tur.
2348 2888 2583 2954 Deinde
2625 2892 2914 2973 sequitur
2960 2911 3240 2974 superna
3278 2894 3603 2960 dilatatio:
3655 2900 3720 2961 et

2167 2995 2309 3060 ideo
2338 2998 2675 3079 sequitur:
2710 3020 2741 3058 a
2773 3005 2865 3064 Ex
2892 3000 3066 3064 tribu
3110 2999 3507 3084 Nephtalim,
3558 3003 3718 3068 duo·
3767 3032 3832 3074 m
3807 3031 3956 3085 0·th

2169 3102 2375 3168 decim
2411 3104 2612 3170 millia
2646 3106 2975 3188 signati.»
3005 3109 3374 3192 Nephtalim
3401 3110 3712 3194 interpre-
3745 3093 3866 3199 {20}
3855 3091 3951 3134 ¹⁸²¹

2166 3218 2340 3278 tatur
2383 3214 2684 3294 latitudo,
2733 3221 2799 3282 et
2848 3219 3063 3300 signat
3108 3221 3280 3302 quod
3329 3220 3718 3303 quicumque

2169 3323 2311 3388 vult
2338 3325 2576 3391 habere
2604 3327 2931 3393 charitatis
2969 3347 3247 3410 nexum,
3287 3331 3460 3413 quod
3488 3331 3718 3394 habeat

2169 3433 2531 3497 ordinatum
2556 3434 2857 3500 affectum
2887 3437 2968 3501 ad
2994 3455 3250 3515 omnes;
3294 3438 3404 3502 sed
3442 3439 3562 3503 hoc
3584 3457 3716 3503 non

2169 3544 2559 3623 potestesse,
2583 3541 2638 3605 si
2665 3542 2905 3607 fuerint
2937 3544 3168 3625 privati
3194 3543 3347 3608 boni
3375 3552 3714 3611 amatores.
3757 3531 3760 3536 ’

2171 3649 2317 3713 Ideo
2353 3652 2630 3732 oportet,
2673 3649 2844 3732 quod
2885 3649 2973 3713 ibi
3014 3649 3096 3713 sit
3133 3655 3534 3734 contemptus
3570 3672 3718 3718 om-

2170 3757 2410 3820 nium:
2445 3760 2511 3821 et
2550 3756 2692 3821 ideo
2738 3757 3029 3839 sequitur
3083 3780 3098 3821 ε
3148 3781 3179 3819 α
3211 3757 3310 3822 Ex
3362 3761 3535 3824 tribu
3584 3761 3717 3826 Ma·
3784 3783 3958 3824 Μαι...

2170 3881 2377 3940 nasse,
2400 3863 2450 3945 (c
2419 3863 2822 3946 c)duodecim
2840 3864 3042 3929 millia
3060 3865 3323 3947 signati.
3343 3857 3818 3950 »Mona-3808?
3848 3844 3956 3888 ⁰¹³¹

2169 3971 2625 4053 interpretatur
2675 3970 2933 4037 oblivio.
3011 3972 3228 4056 Aliqui
3276 3974 3450 4038 enim
3514 3979 3714 4061 despi-

2171 4077 2349 4142 ciunt
2375 4079 2758 4158 mundialia,
2798 4079 2908 4144 sed
2943 4098 3074 4144 non
3102 4080 3436 4160 deserunt;
3469 4084 3578 4147 alii
3605 4085 3715 4150 de-

2173 4189 2426 4265 serunt,
2475 4185 2585 4251 sed
2623 4204 2755 4251 non
2790 4187 3184 4270 despiciunt3
3231 4188 3337 4253 alii
3365 4189 3722 4273 despiciunt

2173 4297 2237 4357 et
2262 4293 2583 4373 deserunt,
2617 4293 2728 4358 sed
2755 4312 2888 4359 non
2916 4294 3422 4362 obliviscuntur:
3462 4301 3719 4381 quando

2174 4418 2336 4482 ergo
2372 4401 2588 4464 anima
2614 4399 2874 4464 dimittit
2900 4404 2964 4465 et
2989 4401 3407 4484 obliviscitur,
3446 4410 3599 4470 tunc
3624 4413 3721 4472 est

2173 4507 2502 4592 perfectio,
2552 4512 2617 4573 et
2656 4508 2778 4572 ista
2823 4507 3167 4574 collocatur
3212 4511 3285 4576 in
3331 4517 3512 4578 sexto
3555 4516 3714 4581 loco.

2174 4616 2351 4682 Unde
2374 4617 2665 4683 Psalmus
2692 4616 2842 4681 dicit
2860 4622 2917 4678 *ε
2941 4639 2971 4677 α
3000 4617 3380 4686 Obliviscere
3409 4623 3719 4704 populum

2174 4729 2382 4805 tuum,
2412 4729 2474 4790 et
2496 4726 2760 4790 domum
2785 4725 2984 4808 patris
3011 4727 3129 4791 tui.
3161 4748 3191 4786 υ
3226 4729 3670 4810 Augustinus⁸
3698 4754 3713 4796 ε

2183 4860 2215 4898 ι
2246 4835 2460 4900 Minus
2495 4836 2559 4900 te
2598 4839 2794 4913 amat,
2833 4835 2947 4918 qui
2981 4839 3198 4900 tecum
3232 4837 3472 4920 aliquid
3510 4845 3716 4921 amat,

2174 4946 2346 5029 quod
2371 4948 2629 5028 propter
2661 4947 2725 5008 te
2760 4961 2893 5008 non
2920 4947 3114 5009 amat.
3151 4969 3182 5004 »
3212 4943 3533 5010 Manasses
3558 4965 3717 5029 ergo

2172 5053 2437 5137 ponitur
2476 5053 2655 5116 sexto
2696 5050 2866 5130 locO,
2918 5053 3032 5134 qui
3073 5053 3192 5118 fuit
3231 5053 3405 5118 filius
3444 5053 3712 5137 Joseph,

2172 5160 2286 5245 qui
2327 5161 2447 5226 fuit
2487 5159 2865 5224 undecimus
2909 5159 3083 5225 filius
3125 5160 3336 5226 Jacob.
3373 5160 3549 5227 Unde
3588 5182 3717 5228 non

2173 5271 2310 5333 sine
2353 5268 2655 5351 mysterio
2695 5269 2953 5350 ponitur
2987 5273 3168 5334 sexto
3207 5269 3366 5336 loco.
3395 5269 3608 5336 Tertio
3647 5272 3713 5337 in

2173 5376 2387 5441 anima
2424 5374 2916 5458 contemplativa
2950 5380 3196 5458 oportet
3232 5378 3404 5459 quod
3442 5379 3523 5443 sit
3566 5399 3720 5462 per-.

2239 5501 2307 5565 (a)
2336 5501 2457 5554 Coet.
2484 5499 2609 5553 edit.
2628 5503 2761 5553 et.—
2788 5501 2855 5566 (ὁ)
2876 5502 3001 5554 Goet.
3028 5501 3152 5554 edit.
3181 5504 3460 5556 Manasses.
