4196 6294
741 466 821 537 '20
1768 452 2455 539 ,ILLUMINATIONES
2496 452 2889 521 ECCLESIAE

744 611 839 673 est
863 602 1255 688 hujusmodi.
1287 599 1473 665 Hunc
1508 595 1828 662 trifarium
1857 594 2121 661 modum
2167 610 2275 657 es-

743 713 922 779 sendi
965 711 1179 793 tangit
1218 707 1585 792 ApostoluS,
1626 723 1777 769 cum
1819 703 1972 768 dicit
1992 704 2012 739 ¹
2057 712 2158 765 :·«
2186 699 2285 764 Ex

743 824 915 905 ipso,
948 824 1010 885 et
1036 838 1151 903 per
1175 818 1390 900 ipsum
1408 865 1426 896 ,
1456 814 1604 879 etin
1631 813 1769 896 ipso
1800 815 1950 874 sunt
1973 810 2209 874 omnia.
2243 829 2274 868 »

746 930 861 994 Hae
914 934 1042 994 tres
1092 943 1382 1010 personae
1437 920 1882 1006 aequalissimae
1937 916 2283 983 nobilitatis

746 1040 941 1117 sunt,
992 1036 1145 1120 quia
1203 1050 1410 1116 aequae
1463 1029 1806 1094 nobilitatis
1859 1030 1955 1089 est
2022 1023 2285 1107 Spiritui

746 1149 962 1211 sancto
1008 1158 1311 1227 personas
1352 1139 1696 1203 terminare
1715 1186 1731 1215 ‚
1782 1136 1944 1199 sicut
1984 1133 2052 1195 in
2104 1131 2288 1196 Patre

745 1268 1050 1335 personas
1092 1248 1447 1329 originem,
1483 1247 1547 1309 et
1584 1244 1654 1307 in
1680 1243 1841 1307 Filio
1869 1240 2086 1306 omnia
2114 1255 2287 1321 prae-

747 1364 1016 1423 sentare.
1050 1356 1221 1421 Licet
1245 1360 1462 1419 autem
1489 1349 1987 1434 Metaphysicus,
2018 1367 2100 1412 ex
2130 1364 2288 1410 con-

748 1466 1126 1529 sideratione
1145 1461 1603 1546 principiorum
1621 1456 1992 1523 substantiae
2007 1454 2285 1537 particu-

745 1573 897 1637 laris
924 1577 985 1637 et
1007 1575 1234 1636 creatae
1252 1619 1269 1649 ,
1295 1569 1376 1633 ad
1403 1567 1744 1633 essentiam
1769 1562 2201 1629 universalem
2228 1562 2293 1624 et

748 1679 1094 1744 increatam
1124 1679 1444 1757 assurgat,
1466 1679 1540 1739 ut
1566 1673 1761 1737 habet
1788 1671 2104 1735 rationem
2121 1666 2293 1749 prin-

747 1788 893 1870 cipii
931 1785 1171 1849 summi
1213 1788 1276 1849 et
1319 1782 1468 1846 finis
1511 1780 1758 1858 ultimi3
1794 1797 1925 1842 non
1965 1781 2180 1842 tamen
2221 1775 2292 1838 in

747 1894 994 1958 ratione
1037 1892 1273 1969 PatriS,
1319 1894 1379 1954 et
1425 1888 1605 1967 Filii,
1641 1893 1703 1951 et
1742 1885 2017 1969 Spiritus
2064 1882 2286 1947 sancti.

747 2000 1177 2083 Metaphysica
1220 1997 1393 2062 enim
1447 1995 1729 2073 assurgit
1787 1993 1868 2056 ad
1919 1990 2080 2054 illud
2137 1988 2292 2052 Esse

747 2107 1281 2172 considerandum
1324 2105 1395 2167 in
1446 2102 1691 2167 ratione
1732 2098 2027 2183 principii
2072 2096 2292 2161 omnia

748 2214 1166 2297 originantis;
1196 2216 1260 2276 et
1287 2212 1355 2274 in
1393 2199 1516 2276 hoc
1558 2207 1855 2273 convenit
1882 2224 2031 2269 cum
2059 2204 2289 2286 Physi-

748 2343 851 2403 co,
885 2322 997 2405 qui
1026 2320 1312 2401 origines
1332 2335 1552 2382 rerum
1582 2314 1958 2379 considerat.
1988 2312 2293 2393 Assurgit

628 2420 632 2423 Α
749 2432 942 2495 etiam
971 2429 1052 2493 ad
1079 2432 1395 2492 aeternum
1421 2423 1551 2489 Ens
1585 2419 2154 2498 considerandum,
2183 2437 2292 2482 ra-

749 2539 922 2602 tione
963 2534 1176 2599 ultimi
1220 2533 1367 2596 finis
1388 2555 1404 2610 ;
1438 2534 1502 2595 et
1544 2530 1612 2593 in
1638 2529 1761 2593 hoc
1800 2528 2100 2592 convenit
2143 2544 2293 2589 cum

752 2643 972 2708 Morali
991 2691 1009 2721 ‚
1050 2642 1186 2706 sive
1214 2640 1466 2715 Ethico‚
1515 2637 1629 2720 qui
1672 2636 1918 2700 reducit
1963 2634 2181 2698 omnia
2222 2633 2294 2697 in
2331 2677 2342 2691 .

752 2769 959 2814 unum
987 2751 1216 2826 finem,
1246 2747 1381 2811 sive
1405 2763 1612 2809 unum
1647 2760 1976 2807 summum
1999 2742 2247 2806 bonum
2271 2789 2289 2820 ,

753 2855 1207 2922 considerando
1230 2852 1594 2917 felicitatem
1622 2851 1997 2932 practicam,
2023 2868 2138 2913 seu
2156 2866 2293 2930 spe-

756 2964 1141 3042 culativam3
1172 2964 1235 3024 et
1265 2961 1356 3024 sic
1382 2958 1739 3023 considerat
1764 2955 2123 3020 felicitatem
2140 3003 2163 3034 ,
2200 2957 2293 3019 si-

755 3078 861 3137 cut
887 3073 1085 3135 finem
1126 3067 1427 3132 ultimum
1446 3114 1462 3145 ‚
1480 3098 1483 3101 ‡
1503 3063 1647 3128 licet
1671 3081 1891 3129 veram
1934 3061 2295 3127 felicitatem

756 3201 885 3246 non
909 3178 1179 3244 noverit.
1212 3175 1335 3240 Sed
1370 3175 1438 3238 in
1479 3176 1793 3261 quantum
1822 3171 2296 3254 Metaphysicus

753 3288 1109 3352 considerat
1158 3284 1442 3368 primum
1488 3281 1617 3346 Ens
1660 3280 1730 3344 in
1778 3280 2026 3343 ratione
2079 3279 2298 3344 omnia

753 3394 1205 3479 exemplanti5‚
1238 3411 1386 3457 cum
1415 3391 1591 3455 nullo
1618 3389 2083 3469 communicat,
2115 3391 2179 3452 et
2201 3393 2297 3452 est

753 3524 947 3572 verus
973 3501 1471 3586 metaphysicuS.
1507 3498 1692 3562 Pater
1732 3497 1906 3562 enim
1935 3498 2016 3560 31)
2055 3501 2296 3560 aeterno

658 3591 674 3614 ’
754 3613 917 3678 dixit
942 3630 1048 3690 se;
1077 3614 1141 3676 et
1167 3607 1430 3674 dicendo
1459 3625 1564 3686 se,
1613 3606 1838 3687 genuit
1885 3604 2160 3686 speciem
2204 3604 2297 3667 si-

749 3721 1086 3785 millimam
1128 3717 1269 3782 sibi.
1302 3714 1384 3780 Et
1422 3714 1562 3778 haec
1607 3712 1846 3795 species
1872 3715 1969 3775 est
1997 3728 2297 3794 expressa

751 3849 791 3893 a
821 3830 1042 3907 Patre,
1075 3831 1139 3892 et
1162 3822 1532 3908 expressiva
1557 3822 1750 3886 totius
1782 3825 2067 3902 paternae
2097 3819 2297 3882 scien-

750 3937 860 4001 tiae
887 3942 951 4000 et
992 3934 1314 4019 potentiae.
1354 3913 1526 3995 lstud
1571 3934 1667 3995 est
1702 3929 1986 3994 medium
2009 3976 2029 4006 ,
2052 3928 2130 3991 in
2167 3945 2297 4010 quo

751 4046 1036 4109 relucent
1064 4041 1314 4119 omnia,
1346 4038 1615 4121 specieS‚
1652 4038 1892 4114 forma,
1941 4035 2294 4116 exemplar,

753 4151 1026 4219 verbum
1041 4196 1062 4228 ,
1085 4150 1340 4228 imago,
1362 4144 1709 4209 similitudo
1727 4192 1744 4223 ,
1773 4161 1879 4208 ars
1899 4191 1917 4222 ,
1948 4141 2143 4205 filius.
2176 4140 2300 4204 Ars

754 4261 944 4343 plena
988 4256 1283 4322 omnium
1330 4254 1654 4319 rationum
1702 4250 2060 4318 viventium
2086 4299 2110 4328 ,
2151 4249 2302 4314 dicit

755 4365 1166 4448 Augustinus
1191 4365 1238 4426 ².
1279 4362 1452 4426 Istud
1498 4363 1594 4425 est
1635 4358 1953 4436 medium,
1989 4357 2159 4440 quod
2207 4359 2302 4420 est

755 4475 1020 4554 veritae,
1049 4472 1210 4535 liber
1254 4469 1416 4532 lucis
1459 4468 1635 4532 illius
1657 4515 1674 4546 ‚
1705 4483 1850 4549 quae
1879 4465 2114 4528 veritas
2143 4464 2296 4527 dici-

758 4589 865 4647 tur
904 4579 1253 4645 secundum
1282 4574 1749 4656 Augustinum.
1795 4571 1971 4636 Unde
2000 4571 2300 4636 Cums‘rus

758 4690 1001 4755 habens
1031 4685 1394 4751 cathedram
1419 4683 1489 4745 iu
1517 4681 1709 4759 coe10,
1733 4680 1915 4743 docet
1940 4679 2207 4743 interius
2233 4679 2302 4742 in

758 4799 994 4862 animo.
1027 4793 1154 4859 Nec
1178 4793 1391 4875 aliquo
1428 4789 1617 4853 modo
1646 4787 1861 4869 aliqua
1891 4786 2128 4849 veritas
2156 4787 2303 4850 sciri

758 4910 995 4990 potest,
1028 4902 1152 4965 nisi
1183 4918 1297 4982 per
1330 4895 1863 4980 insplendentiam
1892 4900 2152 4957 aeternae
2183 4913 2302 4960 ve-

759 5016 984 5079 ritatis».
1016 5012 1225 5093 Hujus
1265 5008 1525 5092 quidem
1555 5004 1764 5086 prima
1802 5003 1966 5066 ratio
1994 5007 2118 5082 est,
2153 5007 2305 5087 quia

761 5121 980 5186 eadem
993 5120 1141 5182 sunt
1159 5114 1472 5200 principia
1494 5113 1761 5192 essendi,
1776 5115 1841 5175 et
1853 5112 2298 5191 cognoscendi.

762 5228 1050 5296 Secunda
1075 5225 1236 5290 ratio
1263 5226 1392 5301 est,
1422 5222 1576 5304 quia
1603 5219 1817 5285 scibile
1856 5223 1953 5284 est
1990 5225 2303 5285 aeternum

829 5389 1233 5456 ¹Rom.,21136
1261 5381 2304 5448 —2Aug.,deTrtn.,1ih.,v1c..x-

763 5425 1208 5528 ⁸Arist„1>oe’tor.
1244 5458 1334 5510 lib.
1371 5458 1414 5521 1,
1454 5458 1593 5507 cont
1628 5457 1705 5506 44.
1744 5481 1808 5494 ·-
1844 5451 2035 5515 ⁴Gen.,
2071 5463 2133 5516 11,
2163 5456 2210 5504 9.
2242 5481 2304 5492 -

2390 591 2740 656 secundum
2772 589 3228 673 Philosophum
3258 598 3281 633 ³
3313 638 3331 670 ‚
3378 594 3444 656 et
3490 591 3650 658 nihil
3695 594 3920 678 scitur,

2388 700 2516 764 nisi
2544 699 2963 764 immutabile.
2993 698 3259 764 Necesse
3288 702 3384 763 aet
3405 718 3566 783 ergo
3591 706 3663 767 ut
3691 706 3925 775 sciatur

2389 826 2504 890 per
2534 808 2867 872 veritatem
2907 806 3377 872 immutabilem
3396 856 3416 888 ,
3447 808 3922 893 inconcussam,

2391 918 2454 978 et
2483 915 3061 997 incoangustatam.
3109 914 3286 979 Istud
3328 918 3422 979 est
3463 918 3747 1002 medium
3783 939 3924 1003 per-

2391 1040 2696 1086 sonarum
2716 1022 3091 1102 necessario,
3115 1022 3268 1105 quia
3295 1023 3346 1085 si
3376 1042 3644 1105 persona
3672 1031 3767 1090 est
3786 1046 3928 1110 quae

2393 1129 2688 1212 producit
2714 1133 2777 1193 et
2802 1149 2932 1194 non
2959 1130 3362 1213 producitur,
3392 1135 3456 1196 et
3494 1151 3767 1216 persona
3792 1155 3933 1219 quae

2393 1237 2766 1319 producitur
2815 1242 2880 1302 et
2917 1256 3049 1302 non
3094 1239 3423 1321 producit,
3461 1245 3812 1308 necessaria
3843 1249 3935 1309 est

2395 1361 2665 1424 persona
2705 1362 2851 1427 quae
2895 1345 3299 1427 producitur,
3341 1349 3406 1410 et
3445 1349 3760 1429 producit.
3788 1350 3935 1416 Haec

2395 1453 2492 1515 est
2545 1470 2707 1533 ergo
2753 1452 2989 1517 veritas
3034 1453 3169 1517 sola
3213 1457 3427 1518 mente
3470 1444 3896 1540 perceptibilis
3914 1507 3932 1538 ,

2397 1559 2465 1623 in
2492 1578 2622 1643 qua
2666 1560 3001 1625 addiscunt
3044 1563 3290 1643 angeli,
3334 1564 3696 1646 prophetae,
3727 1567 3938 1649 philo-

2397 1668 2615 1750 sophi,
2646 1687 2794 1750 quae
2834 1686 2990 1733 vera
3024 1668 3246 1734 dicunt
3291 1669 3369 1733 de
3407 1671 3528 1734 isto
3575 1673 3806 1738 medio.
3856 1674 3939 1740 De

3464 1779 3487 1814 ⁸
3518 1798 3536 1843 ι
3574 1804 3604 1842 α
3630 1780 3940 1847 Produxit

2399 1885 2707 1949 Dominus
2739 1887 2902 1950 Deus
2940 1887 3020 1951 de
3046 1886 3249 1951 humo
3290 1906 3478 1953 omne
3506 1889 3766 1971 lignum
3797 1891 3938 1976 pul-

2397 1775 2519 1840 isto
2548 1775 2757 1840 medio
2800 1775 3042 1857 legitur
3086 1778 3156 1841 in
3208 1778 3432 1846 Genesi

2389 1991 2630 2065 ⁴chrum
2657 1992 2825 2070 visu,
2850 1992 3011 2058 etad
3029 1995 3412 2060 vescendum
3437 2015 3656 2077 suave,
3685 1998 3942 2081 lignum

2399 2098 2591 2162 etiam
2633 2099 2788 2165 vitae
2829 2100 2894 2164 in
2941 2101 3151 2166 medio
3186 2103 3481 2184 paradisi.
3513 2127 3544 2163 n
3561 2104 3773 2171 -Docet
3812 2108 3944 2171 Au-

2399 2207 2697 2287 gustinus
2716 2213 2738 2247 ⁶
2768 2208 2940 2291 quod
2980 2210 3060 2274 de
3104 2212 3404 2276 omnibus
3446 2212 3773 2296 productis
3813 2215 3945 2293 dic-

2398 2318 2540 2378 tum
2567 2319 2663 2379 est
2692 2334 2708 2378 :
2750 2338 2780 2376 α
2810 2315 2975 2397 Fiet,
3020 2316 3284 2383 Factum
3312 2325 3441 2398 est,
3473 2319 3677 2400 Fecit,
3713 2345 3746 2381 »
3777 2314 3942 2404 151·ae-

2399 2424 2692 2504 terquam
2715 2423 2794 2488 de
2819 2424 2984 2488 luce.
3020 2423 3203 2489 Ratio
3230 2430 3448 2491 autem
3476 2432 3569 2493 est
3588 2476 3610 2509 ,
3637 2431 3794 2513 quia
3817 2431 3946 2513 pri-

2401 2546 2508 2593 mo
2528 2531 2836 2612 producta
2860 2537 3007 2596 sunt
3033 2535 3114 2597 31)
3142 2538 3383 2599 aeterno
3407 2536 3477 2600 in
3504 2541 3639 2601 arte
3665 2541 3940 2617 aetcrna3

2401 2637 2683 2701 secundo
2727 2641 2794 2700 in
2838 2643 3130 2704 creatura
3171 2641 3620 2724 intellectuali3
3653 2645 3846 2710 tertio
3878 2645 3943 2709 in

2402 2745 2646 2809 mundo
2695 2747 3000 2812 sensibili.
3068 2748 3202 2813 Hoc
3271 2755 3367 2815 est
3422 2754 3641 2816 contra
3694 2770 3949 2818 errores

2404 2853 2749 2934 gentilium
2777 2855 2799 2888 ⁶
2831 2903 2849 2931 ‚
2885 2855 2999 2937 qui
3025 2857 3298 2921 credunt
3321 2859 3642 2923 mundum
3668 2862 3949 2944 produc-

2402 2964 2543 3023 tum
2573 2961 2654 3024 ab
2695 2966 2956 3025 aeterno,
3002 2961 3163 3039 Quia
3208 2965 3381 3029 enim
3424 2966 3668 3031 mentes
3709 2973 3950 3032 nostrae

2403 3073 2880 3156 cognataeqsunt
2904 3072 3165 3135 aeternis
3192 3072 3543 3138 luminibus
3552 3121 3573 3154 ,
3596 3079 3831 3158 putant
3852 3081 3946 3156 ut,

2406 3178 2571 3240 sicut
2604 3195 2707 3241 res
2749 3178 3077 3260 productae
3115 3183 3266 3244 sunt
3310 3182 3380 3245 in
3421 3186 3557 3246 arte
3597 3188 3844 3248 aeterna
3871 3185 3951 3248 ab

2405 3289 2644 3348 aeterno
2666 3333 2686 3363 ,
2717 3285 2807 3349 sic
2829 3286 3022 3350 etiam
3054 3287 3133 3351 ab
3163 3293 3405 3353 aeterno
3443 3293 3671 3354 creatae
3700 3293 3953 3356 suntin

2406 3392 2649 3455 mundo
2692 3392 2814 3456 isto
2835 3415 2851 3471 ;
2904 3399 2968 3457 et
3023 3395 3189 3459 sicut
3238 3397 3518 3462 mundus
3570 3399 3651 3462 ab
3706 3403 3953 3465 aeterno

2405 3499 2678 3581 scriptus
2722 3505 2819 3564 est
2858 3500 2931 3564 in
2969 3506 3105 3567 arte
3144 3507 3417 3586 aeterna,
3443 3505 3533 3569 sic
3559 3508 3955 3593 descriptum

2405 3608 2632 3688 putant
2658 3606 2728 3668 in
2757 3608 3046 3672 materia.

2490 3712 2876 3796 Intelligitur
2916 3721 3131 3780 autem
3163 3721 3623 3802 praeassignata
3666 3725 3956 3791 auctori·-

2404 3823 2505 3883 tas
2532 3820 2612 3884 de
2639 3821 2933 3903 paradiso
2961 3826 3273 3905 terrestri,
3297 3827 3376 3891 de
3402 3829 3727 3896 intellectu
3760 3851 3960 3914 ange-

2410 3927 2650 4007 gelico‚
2683 3928 2763 3992 de
2799 3929 3126 3995 intellectu
3159 3932 3448 4000 humano
3468 3986 3490 4016 ,
3520 3937 3599 4003 de
3625 3939 3959 4006 intellectu

2408 4032 2649 4098 divino.
2691 4033 3003 4100 Paternus
3046 4040 3218 4103 enim
3264 4042 3620 4110 intellectus
3631 4095 3653 4127 ,
3685 4048 3957 4114 dicendo

2410 4158 2507 4219 se,
2543 4142 2768 4222 genuit
2794 4140 3074 4209 Verbum
3118 4149 3412 4213 omnium
3461 4156 3913 4235 expressivum
3934 4204 3955 4235 ,

2409 4247 2580 4329 quod
2625 4252 2722 4312 est
2765 4250 2971 4316 simile
3013 4253 3168 4334 sibi,
3212 4256 3344 4322 imo
3389 4259 3745 4328 similitudo
3794 4283 3956 4329 sua:

2411 4355 2583 4436 quod
2602 4356 2863 4438 quidem
2888 4361 3188 4444 exprimit
3214 4365 3430 4447 ipsum
3455 4367 3740 4451 Patrem,
3766 4379 3833 4437 et
3855 4391 3961 4438 res

2411 4481 2557 4545 quae
2609 4482 2721 4547 per
2767 4467 2977 4549 ipsum
3025 4470 3207 4534 factae
3251 4478 3438 4554 sunt,
3474 4479 3537 4539 et
3579 4478 3848 4558 flendae,
3900 4485 3965 4543 et

2411 4571 2719 4637 factibiles
2751 4595 2766 4637 ι
2801 4579 2865 4638 et
2907 4581 3001 4640 est
3039 4579 3472 4662 principaliter
3509 4584 3854 4650 ductivum
3882 4588 3966 4652 ad

2414 4678 2623 4743 Patris
2649 4684 2963 4749 unitatem
2983 4687 3486 4756 fontalissimam.
3505 4692 3584 4757 Et
3598 4696 3966 4762 secundum

2412 4786 2564 4866 hoc,
2603 4787 2801 4855 Filius
2827 4792 2940 4856 Dei
2968 4799 3064 4857 est
3097 4794 3356 4876 lignum
3381 4800 3564 4880 vitae,
3596 4801 3966 4883 plantatum

2413 4898 2483 4961 in
2525 4901 2734 4964 medio
2781 4905 3097 4986 paradisi,
3146 4909 3299 4990 quia
3346 4929 3460 4994 per
3500 4912 3623 4976 hoc
3667 4916 3968 4982 medium

2413 5007 2697 5073 redimus
2737 5013 2805 5073 et
2852 5012 3257 5082 vivificamur
3308 5019 3378 5082 in
3438 5022 3611 5087 fonte
3656 5025 3844 5090 vitae.
3897 5025 3970 5091 Si

2414 5132 2590 5195 vero,
2619 5118 2981 5185 curiositate
3020 5128 3391 5206 temeraria,
3424 5123 3810 5195 Trinitatem
3839 5132 3966 5196 im-

2415 5314 3969 5396 ⁵Aug„deGen.adtitt.lib.11‚e.v111,n.16;deT1-init.,

2415 5384 2507 5436 lib.
2512 5388 2600 5453 v1,
2631 5404 2674 5439 c.
2705 5402 2758 5454 1,
2779 5404 2832 5440 n.
2868 5395 3019 5443 12.-
3049 5395 3072 5431 ⁸
3104 5395 3277 5461 Arist„
3308 5397 3739 5464 Phys.,1ib.v1n,
3770 5406 3902 5454 text.
3944 5409 3965 5456 1

2416 5460 2470 5507 et
2499 5473 2631 5526 seq.;
2655 5461 2716 5512 de
2743 5464 2866 5516 coel.
2893 5445 2986 5517 lib.
3013 5468 3055 5532 l,
3081 5471 3207 5520 text.
3238 5472 3543 5537 mietseq.
