4196 6294
136 2005 178 2046 U
186 2001 327 2045 nicor-

102 2067 200 2108 niis
241 2078 323 2109 na-

96 2131 225 2171 tuta.

129 2316 328 2360 ‘Unicor-

98 2391 195 2424 nes
228 2392 327 2421 sau-

1614 440 1979 510 PSALMUS
2018 440 2288 510 xxvln.

351 578 529 657 scit0,
561 579 716 662 quia
745 579 1057 645 Dominus
1091 577 1453 660 majestatis
1493 577 1786 646 intonuit
1811 581 1892 645 ei.

431 684 738 769 Sequitur
784 707 800 748 ε
864 689 964 751 26.
1027 684 1311 752 Dilectus
1362 684 1898 768 quemadmodum

350 792 534 874 filius
562 795 996 860 unicornium.
1028 793 1144 857 Hic
1172 793 1436 857 dilectus
1461 792 1662 856 Filius
1690 791 1896 857 Patris

351 907 484 966 est:
519 903 631 985 qui
661 903 921 966 dilectus
946 907 1040 966 est
1079 921 1119 965 a
1156 900 1341 965 Patre
1364 949 1381 975 ,
1408 902 1579 965 unde
1608 900 1795 965 Pater
1823 903 1842 937 ¹
1875 924 1890 965 :

360 1033 392 1070 α
417 1008 536 1073 Hic
573 1015 667 1075 est
708 1011 879 1074 silius
923 1029 1106 1073 meus
1150 1009 1442 1086 dilectus3
1475 1031 1505 1067 n
1550 1028 1589 1072 a
1628 1025 1891 1090 sponsa,

352 1116 523 1181 unde
549 1117 686 1200 ipsa
714 1118 775 1181 ²:
818 1141 848 1176 α
876 1117 1122 1198 Adjuro
1139 1134 1277 1194 voa,
1301 1116 1450 1179 filiae
1471 1114 1891 1194 Hierusalem,

351 1224 407 1287 si
433 1223 805 1288 inveneritis
831 1224 1136 1288 dilectum
1168 1241 1409 1302 meum,
1443 1225 1520 1286 ut
1545 1221 1897 1286 annuncie-

349 1334 433 1397 tis
458 1332 514 1397 ei
532 1381 548 1409 ,
580 1333 732 1414 quia
757 1350 975 1396 amore
1002 1331 1318 1413 langueo;
1356 1354 1386 1389 ι)
1412 1336 1476 1395 et
1502 1332 1583 1394 ab
1615 1330 1891 1412 angeliS,

349 1441 520 1504 unde
538 1440 767 1504 dicitur
786 1446 809 1480 ⁸
829 1462 891 1504 ια
909 1440 982 1504 In
1000 1458 1192 1523 quem
1204 1439 1416 1520 angeli
1435 1438 1792 1521 prospicere
1812 1436 1890 1517 (a)

349 1548 709 1612 desiderant
736 1571 754 1627 ;
810 1572 842 1609 n
908 1550 1060 1612 item
1112 1549 1194 1611 ab
1249 1547 1659 1625 hominibuS,
1725 1545 1898 1610 unde

350 1657 456 1720 hic
501 1657 525 1692 ¹·
566 1675 584 1721 z
642 1683 673 1717 «
729 1656 953 1722 Veniet
997 1657 1392 1722 desideratus
1437 1655 1680 1719 cunctis
1726 1671 1894 1734 gen-

350 1763 545 1828 tibus.
579 1785 609 1822 n
1285 1769 1292 1777 '

432 1871 630 1935 Filius
678 1871 786 1936 Dei
833 1889 1032 1954 quare
1083 1871 1313 1934 dicitur
1358 1871 1540 1951 filius
1593 1868 1890 1947 dilectus,

352 1979 521 2044 sicut
554 1978 736 2057 filius
776 1978 1242 2044 unicornium?
1272 1975 1602 2040 Unicornis
1643 1975 1708 2037 in
1747 1978 1897 2038 tan-

351 2088 494 2148 tum
513 2083 720 2166 diligit
748 2084 976 2164 filium,
1007 2085 1177 2167 quod
1206 2083 1451 2148 mavult
1481 2082 1666 2160 mori,
1698 2099 1893 2165 quam

351 2191 577 2255 foetum
619 2191 938 2270 amittere,
967 2191 1065 2254 vel
1103 2191 1295 2253 etiam
1342 2190 1567 2254 vivum
1608 2188 1890 2271 perdere.

354 2297 698 2363 Unicornes
744 2306 893 2363 sunt
945 2301 1144 2364 sancti
1189 2303 1542 2382 martyreS,
1593 2298 1707 2380 qui
1750 2316 1897 2360 san-

98 2442 162 2485 „fl
212 2455 329 2485 mu-
355 2407 622 2487 guinem
663 2407 999 2485 fuderunt,
1035 2425 1116 2470 ne
1148 2405 1380 2469 Filium
1403 2455 1420 2485 ,
1453 2406 1514 2468 id
1544 2410 1640 2468 est
1665 2453 1682 2483 ,
1716 2402 1894 2467 Chri-

136 2506 283 2558 tyros.

123 2723 284 2768 Sancti

137 2798 289 2842 quare

352 2519 522 2577 stum
570 2515 956 2578 amitterent.
997 2514 1170 2596 Ergo
1215 2518 1309 2578 est
1359 2513 1669 2592 dilectus,
1723 2513 1894 2578 sicut

351 2623 531 2702 filius
565 2623 1000 2688 unicornium.

436 2728 640 2806 Quare
695 2729 908 2792 Sancti
952 2729 1253 2792 dicuntur
1292 2727 1636 2792 unicornes
1662 2727 1693 2789 ’ἲ
1747 2725 1897 2790 Haec

94 2851 327 2892 vocantur
352 2841 449 2902 est
488 2837 689 2902 ratio:
731 2835 944 2900 Genus
984 2835 1347 2899 humanum
1382 2839 1527 2897 ante
1567 2838 1896 2916 peccatum

111 2911 306 2954 unicor-

116 2985 227 3018 nen.

351 2943 575 3008 habuit
601 2944 929 3026 geminam
956 2941 1420 3020 fortitudinem,
1442 2941 1673 3005 scilicet
1696 2959 1899 3005 cornu

353 3051 690 3131 geminum
712 3099 729 3125 ,
759 3051 1197 3132 integritatem
1230 3049 1461 3113 mentis
1487 3053 1551 3112 et
1592 3047 1893 3130 corporis,

351 3158 794 3241 Integritatem
839 3159 1122 3243 corporis
1176 3158 1416 3240 accepit
1459 3160 1678 3221 contra
1720 3174 1897 3221 mor-

350 3266 686 3345 talitatem3
723 3268 1162 3347 integritatem
1208 3265 1476 3343 mentis,
1515 3267 1736 3328 contra
1762 3262 1895 3328 ini-

350 3374 678 3455 quitatem.
732 3374 855 3438 Sed
903 3374 1095 3436 homo
1149 3391 1531 3454 congressus
1573 3389 1720 3435 cum
1758 3370 1894 3434 dia-

350 3480 497 3545 bolo
519 3480 761 3559 cecidit,
785 3487 848 3543 et
867 3479 1153 3543 diabolus
1174 3498 1381 3542 unum
1413 3497 1613 3543 cornu
1636 3496 1898 3561 prorsus

349 3588 410 3651 ei
450 3587 738 3665 abstulit,
777 3587 1050 3651 alterum
1097 3585 1456 3665 inclinavit,
1505 3584 1659 3668 quia
1698 3585 1895 3649 homo

349 3695 553 3758 vitare
582 3698 851 3757 mortem
882 3712 1008 3757 nou
1039 3697 1261 3775 potest.
1291 3690 1503 3756 Unum
1524 3712 1725 3757 cornu
1754 3712 1899 3775 per-

349 3804 526 3881 didit,
559 3802 859 3867 dextrum
886 3801 1109 3864 cornui
1131 3799 1481 3863 nelinatum
1519 3800 1708 3882 gerit.
1729 3799 1853 3865 Sed
1875 3802 1896 3836 ⁸

361 3933 392 3970 α
437 3910 722 3975 visitavit
767 3927 884 3972 nos
939 3907 1161 3970 Oriens
1216 3925 1296 3971 ex
1347 3907 1509 3985 alto,
1567 3931 1596 3966 n
1664 3905 1900 3971 scilicet

351 4016 644 4092 dilectuS,
676 4021 740 4081 et
777 4038 807 4074 α
835 4015 1037 4079 erexit
1075 4032 1278 4078 cornu
1319 4014 1543 4077 salutis
1578 4013 1798 4093 nobiS,
1829 4013 1898 4078 in

352 4124 542 4189 domo
568 4123 766 4188 David
786 4124 971 4206 pueri
989 4122 1110 4187 sui.
1137 4145 1167 4181 n
1202 4122 1413 4185 Sancti
1443 4139 1604 4203 ergo
1626 4121 1693 4185 in
1722 4139 1896 4204 prae-

351 4232 514 4297 senti
538 4231 878 4296 unicornes
903 4236 1097 4308 sunt;
1137 4229 1208 4292 in
1244 4229 1461 4293 futuro
1489 4229 1619 4293 duo
1655 4247 1897 4295 cornua

350 4338 701 4405 habebunt.
758 4337 918 4403 Nam
967 4337 1192 4421 ‘omnia
1219 4336 1241 4371 ⁶
1307 4358 1337 4394 α
1380 4354 1622 4400 cornua
1675 4354 1893 4419 pecca-

349 4452 566 4513 torum
606 4446 1124 4526 confringentur,
1165 4446 1230 4508 et
1265 4442 1720 4507 exaltabuntur
1752 4463 1893 4509 cor·

350 4574 485 4621 nua
511 4554 686 4639 justi.
728 4576 760 4614 >³
795 4551 957 4617 Nam
981 4552 1002 4585 ⁷
1033 4550 1244 4634 prima
1282 4549 1562 4616 hominis
1594 4550 1893 4617 fortitudo

351 4669 473 4733 fuit
505 4685 689 4751 posse
721 4682 854 4730 non
884 4663 1045 4728 mori
1064 4711 1083 4743 ,
1113 4667 1175 4727 et
1216 4680 1398 4746 posse
1432 4680 1563 4728 non
1594 4680 1893 4745 poccare;

351 4778 423 4842 in
453 4778 674 4842 futuro
711 4773 970 4839 habebit
1009 4790 1141 4837 non
1181 4790 1364 4855 posse
1406 4771 1608 4852 mori,
1664 4776 1727 4838 et
1765 4791 1897 4836 non

349 4903 535 4968 posse
561 4900 844 4968 peccare.
890 4879 1049 4945 Ecce
1095 4898 1293 4963 quare
1338 4878 1553 4943 Sancti
1599 4880 1896 4944 dicuntur

352 4993 712 5058 unicornes,
777 4988 962 5054 Nunc
1011 5005 1418 5071 quaeremus,
1472 5005 1671 5069 quare
1721 4988 1896 5053 filius

350 5118 576 5166 eorum
600 5100 846 5165 dicatur
874 5097 1178 5162 Christu8.
1211 5095 1684 5176 Interrogemus
1712 5092 1892 5159 Chri-

351 5213 529 5275 stum
547 5207 595 5274 F
598 5208 807 5286 ilium,
837 5206 954 5290 qui
976 5205 1139 5270 dixit
1157 5205 1180 5241 ⁸
1209 5225 1225 5269 z
1256 5227 1287 5265 α
1312 5202 1711 5287 Quicumque
1739 5204 1896 5268 fece·

414 5370 434 5406 ¹
462 5368 665 5434 naeth„
693 5381 808 5421 xvu
826 5405 842 5434 ,
867 5369 918 5420 5.
944 5394 1006 5407 —
1033 5369 1056 5404 ¹
1085 5367 1256 5429 Cant„
1280 5378 1340 5431 11,
1367 5370 1478 5418 5.—-
1510 5367 1532 5398 ⁸
1564 5367 1624 5425 ll,
1654 5368 1814 5432 Petra,
1854 5379 1895 5432 1,

354 5443 434 5495 12.
470 5467 532 5480 —-
565 5443 584 5473 ⁴
624 5444 776 5507 Aqq„
807 5453 880 5507 11,
909 5443 957 5494 8.
992 5466 1056 5478 -
1093 5440 1115 5476 ⁸
1140 5440 1274 5499 Luc„
1307 5449 1351 5504 1,
1379 5441 1461 5502 78,
1488 5439 1570 5491 69.
1606 5463 1667 5477 ·-
1706 5439 1727 5470 ⁸
1753 5439 1890 5492 Psal.

3434 450 3548 512 491

2007 579 2094 644 rit
2126 580 2521 645 voluntatem
2547 579 2744 663 patris
2774 578 2936 660 mei,
2966 579 3081 663 qui
3125 580 3196 645 in
3222 580 3399 646 coelis
3433 585 3553 662 est,

2007 685 2144 769 ipse
2171 703 2354 752 meus
2382 687 2596 766 frater,
2620 705 2821 767 soror,
2844 692 2910 753 et
2926 691 3131 752 mater
3157 691 3271 753 est.
3289 709 3320 748 n
3357 687 3559 755 Filius

2010 793 2246 870 Patris,
2272 798 2366 858 est
2395 796 2707 877 sapientia
2738 795 2961 875 Patris,
2996 795 3291 861 voluntas
3319 796 3553 873 Patris;

2008 900 2307 965 voluntas
2349 903 2664 982 hominiS,
2713 903 3009 986 quaedam
3051 904 3259 986 proles
3304 904 3560 969 virtutis

2008 1013 2127 1073 est.
2159 1009 2281 1074 Sed
2319 1009 2542 1073 eadem
2586 1011 2884 1075 voluntas
2919 1015 3015 1075 est
3050 1015 3191 1090 tua,
3223 1016 3288 1075 et
3323 1011 3555 1092 Patris;

2007 1118 2181 1183 idem
2229 1123 2324 1182 est
2372 1118 2544 1181 filius
2584 1122 2755 1199 tuuS,
2796 1125 2861 1182 et
2902 1117 3143 1197 Patris;
3195 1119 3357 1199 imo,
3389 1120 3560 1202 quod

2007 1224 2154 1307 plus
2185 1229 2309 1305 est,
2342 1230 2521 1308 potes
2560 1244 2695 1291 esse
2724 1229 2789 1290 et
2821 1231 2998 1308 pater
3017 1272 3039 1304 ,
3071 1231 3131 1291 et
3163 1231 3366 1290 mater
3391 1229 3556 1309 ejuS.

2005 1329 2171 1395 Nam
2211 1331 2471 1415 quando
2507 1332 2844 1396 veritatem
2883 1331 3227 1414 intelligia,
3257 1332 3360 1396 vel
3402 1333 3558 1400 alios

2006 1438 2368 1520 intelligere
2410 1439 2563 1502 sacis
2580 1486 2602 1518 ,
2644 1438 2965 1503 Christum
3011 1439 3235 1521 gignis
3260 1487 3282 1519 ,
3322 1440 3388 1504 id
3424 1444 3557 1520 est,

2007 1546 2376 1625 veritatem,
2419 1551 2484 1610 et
2519 1547 2607 1609 ita
2650 1565 2720 1611 es
2761 1551 2963 1630 pater.
3018 1545 3284 1624 Quando
3320 1548 3558 1612 veritas

2006 1654 2120 1718 tibi
2160 1655 2263 1720 vel
2308 1656 2390 1719 ab
2428 1654 2556 1720 alio
2589 1655 3038 1738 persuadetur,
3074 1653 3360 1720 Christus
3386 1657 3453 1720 in
3494 1661 3557 1720 te

2007 1762 2430 1845 conspicitur,
2471 1763 2533 1826 id
2571 1767 2697 1842 est,
2735 1763 3000 1843 veritas,
3032 1767 3097 1826 et
3133 1763 3222 1826 ita
3260 1781 3328 1826 es
3352 1767 3558 1826 mater

2007 1871 2171 1952 ejus.
2228 1869 2413 1934 Potes
2472 1870 2665 1933 etiam
2722 1889 2874 1934 eum
2926 1870 3198 1952 gignere
3248 1870 3316 1934 in
3370 1870 3557 1935 corde

2008 1977 2241 2056 alien0,
2274 1981 2337 2040 et
2354 1977 2686 2059 concipere
2709 1995 2750 2039 a
2776 1977 2986 2056 corde,
3010 1982 3073 2041 et
3094 1978 3175 2041 ab
3198 1995 3308 2042 ore
3327 1977 3554 2043 alieno.

2008 2084 2290 2148 Christus
2331 2089 2572 2164 autem,
2612 2085 2678 2148 id
2714 2089 2830 2165 est,
2872 2085 3128 2164 veritas,
3158 2087 3227 2150 in
3267 2090 3330 2150 te
3369 2085 3554 2151 intel-

2005 2190 2174 2256 lectu
2204 2193 2529 2273 gignitur,
2561 2210 2879 2256 consensu
2915 2192 3292 2274 concipitur,
3326 2193 3558 2257 affectu

2007 2301 2314 2379 nascitur,
2372 2301 2601 2364 effectu
2657 2301 2963 2364 nutritur.
3016 2300 3188 2381 Ergo
3226 2306 3249 2340 ⁹
3292 2300 3363 2364 in
3413 2301 3557 2382 lege

2007 2407 2342 2471 maledicta
2371 2412 2489 2487 est,
2514 2426 2664 2490 quae
2685 2408 2874 2472 talem
2891 2408 3098 2471 filium
3126 2426 3259 2472 non
3285 2409 3550 2491 peperit,

2006 2514 2070 2578 id
2098 2519 2229 2592 est,
2273 2516 2606 2580 veritatem
2635 2515 2725 2579 sic
2743 2563 2760 2593 ,
2792 2516 2945 2599 quia
2971 2514 3163 2579 talem
3190 2515 3397 2580 fllium
3425 2534 3556 2580 non

2006 2623 2249 2704 gignit.

2086 2728 2392 2812 Sequitur
2437 2752 2452 2795 ε
2503 2736 2563 2794 7.
2612 2733 2747 2798 Vox
2800 2732 3064 2798 Domini
3097 2731 3554 2799 intercidentis

2007 2835 2338 2918 flammam
2365 2838 2565 2920 iqnis.
2596 2837 2953 2903 Flammam
2981 2839 3362 2922 quandoque
3389 2838 3556 2903 Deus

2006 2944 2268 3008 abstulit
2308 2949 2549 3025 totam,
2578 2951 2652 3010 ut
2692 2946 2902 3010 tribus
2940 2947 3156 3029 pueris
3198 2946 3268 3010 in
3300 2947 3555 3011 fornace

2007 3051 2254 3132 positis,
2286 3050 2474 3116 Forte
2502 3052 2842 3136 puerinon
2864 3058 3067 3133 erant,
3094 3053 3328 3136 quibus
3356 3052 3553 3118 David

2003 3159 2386 3241 loquebatur
2406 3208 2422 3240 ,
2455 3178 2495 3224 a
2529 3160 2834 3242 puritate,
2867 3161 2977 3225 sed
3018 3162 3087 3225 in
3116 3161 3310 3225 electa
3342 3167 3550 3228 aetate.

2007 3264 2156 3331 Ideo
2201 3266 2466 3330 flamma
2519 3266 2610 3330 eis
2664 3266 3002 3331 salubriter
3050 3268 3427 3333 servabatur
3471 3270 3553 3333 ad

2003 3374 2478 3456 reprimendam
2527 3373 2895 3452 elationem;
2959 3374 3028 3438 in
3093 3380 3272 3457 parte
3338 3377 3550 3440 extin-

2007 3480 2235 3561 guitur
2277 3481 2358 3544 ad
2400 3480 2813 3563 turpitudinis
2862 3481 3212 3565 cautelam,
3242 3488 3318 3546 ut
3353 3480 3552 3547 Paulo

2003 3605 2139 3651 non
2164 3591 2452 3651 remotus
2471 3593 2567 3652 est
2595 3587 2867 3669 angelus
2893 3594 3150 3667 satanae,
3182 3608 3263 3653 ne
3288 3590 3546 3670 magni-

2004 3694 2160 3758 tudo
2186 3694 2656 3759 revelationum
2684 3714 2834 3759 eum
2859 3695 3207 3760 extolleret.
3237 3696 3361 3760 Sed
3389 3698 3551 3759 forte

2003 3820 2155 3865 cum
2197 3802 2342 3885 quis
2381 3802 2565 3883 plene
2602 3820 2943 3867 conversus
2983 3808 3116 3881 est,
3162 3804 3431 3867 eflicitur
3477 3809 3552 3868 ut

2003 3909 2351 3991 parvulus;
2410 3914 2563 3974 tunc
2607 3910 2871 3974 flamma
2918 3909 2976 3974 ei
3028 3928 3293 3992 prorsus
3338 3912 3552 3974 extin-

2003 4016 2253 4097 guitur,
2286 4023 2357 4080 ut
2384 4017 2588 4082 tribus
2612 4018 2849 4099 pueris,
2883 4037 2924 4081 a
2948 4019 3226 4101 puritate
3253 4019 3343 4082 sic
3371 4037 3552 4084 voca-

2004 4124 2106 4187 tis.
2137 4126 2247 4187 Est
2284 4130 2501 4189 autem
2539 4125 2777 4189 veritas
2813 4127 3046 4191 mentis
3069 4175 3088 4207 ,
3120 4128 3283 4209 oriS,
3313 4129 3546 4212 operiS.

2004 4227 2079 4293 In
2107 4231 2293 4296 corde
2340 4232 2737 4316 simplicitas,
2768 4232 2837 4295 in
2872 4251 2984 4298 ore
3010 4235 3276 4314 verium,
3308 4235 3377 4299 in
3409 4254 3550 4300 cor-

2002 4356 2157 4420 pore
2190 4340 2538 4406 sinceritas».
2566 4340 2611 4375 ¹⁰
2639 4339 2766 4403 Hos
2797 4345 2923 4404 tres
2952 4360 3183 4424 pueros
3212 4343 3548 4423 habemus,

2002 4464 2153 4510 cum
2181 4453 2475 4511 sanctum
2505 4447 2916 4526 meditamur,
2942 4466 3170 4512 verum
3196 4448 3546 4533 loquimur,

1993 4556 2254 4637 justum
2284 4573 2650 4638 operamur.
2683 4554 2942 4620 Talibus
2969 4557 3182 4639 pueris
3210 4559 3549 4640 extingui-

2001 4666 2112 4728 tur
2141 4663 2279 4727 ideo
2307 4664 2568 4728 flamma
2608 4663 2805 4745 ignis,
2852 4661 3057 4730 Nota:
3089 4664 3308 4747 Ignis,
3351 4668 3550 4732 fomes

2004 4770 2284 4852 peccati;
2337 4770 2601 4835 flamma
2651 4771 2821 4852 ignis
2839 4818 2861 4850 ,
2917 4775 3245 4855 peccatum
3284 4775 3543 4840 fomitis,

2082 4877 2421 4960 Sequitur:
2443 4883 2507 4943 9.
2539 4878 2682 4944 Vox
2704 4881 2971 4945 Domini
2976 4883 3414 4963 proeparantis
3427 4899 3550 4950 cer-

2003 5002 2137 5052 vos.
2180 4985 2423 5050 Cervus
2447 4989 2540 5049 est
2565 4986 2802 5050 animal
2829 4987 3040 5067 velox,
3068 4989 3397 5072 pavidum,
3424 5010 3549 5057 ser-

2003 5092 2303 5177 pentibus
2330 5090 2691 5157 inimicum.
2715 5091 2825 5159 Vis
2851 5094 3070 5160 audire
3094 5114 3359 5163 cervum
3379 5100 3549 5167 velo-

2003 5285 2195 5336 Lxxiv,
2230 5285 2288 5324 11.
2314 5299 2378 5311 —
2409 5273 2427 5306 ²
2459 5271 2719 5338 Richard„
2753 5273 2843 5325 uhi
2868 5289 3041 5339 supra.
3069 5302 3130 5316 —
3170 5280 3188 5310 ⁸
3214 5279 3418 5345 uatem,
3450 5293 3549 5347 ιιι,

2004 5349 2086 5397 50.
2114 5372 2177 5385 --
2204 5348 2223 5376 ⁸
2244 5344 2506 5411 Richard.,
2532 5351 2589 5395 ut
2618 5359 2793 5410 supra.
2814 5373 2877 5384 —
2906 5350 2943 5379 ⁸⁰
2970 5348 3099 5400 lbid.

2067 5436 2135 5502 (α)
2169 5435 2310 5487 Edit.
2345 5434 2463 5487 Veri.
2492 5433 2803 5501 perspicere.

3595 4153 3789 4201 veru-s.

3603 4922 3637 4965 C
3651 4932 3786 4964 tuus.
