<?xml version="1.0" encoding="UTF-8"?>
<!DOCTYPE html PUBLIC "-//W3C//DTD XHTML 1.0 Transitional//EN"
    "http://www.w3.org/TR/xhtml1/DTD/xhtml1-transitional.dtd">
<html xmlns="http://www.w3.org/1999/xhtml" xml:lang="en" lang="en">
 <head>
  <title>
</title>
<meta http-equiv="Content-Type" content="text/html;charset=utf-8" />
  <meta name='ocr-system' content='tesseract 3.04.00' />
  <meta name='ocr-capabilities' content='ocr_page ocr_carea ocr_par ocr_line ocrx_word'/>
</head>
<body>
  <div class='ocr_page' id='page_1' title='image "./srecardinalissb00cargoog_0082.png"; bbox 0 0 4196 6294; ppageno 0'>
   <div class='ocr_carea' id='block_1_1' title="bbox 758 424 2912 495">
    <p class='ocr_par' dir='ltr' id='par_1_1' title="bbox 758 424 2912 495">
     <span class='ocr_line' id='line_1_1' title="bbox 758 424 2912 495; baseline 0.004 -10"><span class='ocrx_word' id='word_1_1' title='bbox 758 425 838 485; x_wconf 81' lang='lat'>60</span> <span class='ocrx_word' id='word_1_2' title='bbox 1804 424 2474 491; x_wconf 83' lang='lat' dir='ltr'>ILLUMINATIONES</span> <span class='ocrx_word' id='word_1_3' title='bbox 2518 426 2912 495; x_wconf 82' lang='lat' dir='ltr'>ECCLESIAE</span> 
     </span>
    </p>
   </div>
   <div class='ocr_carea' id='block_1_2' title="bbox 531 558 2327 5051">
    <p class='ocr_par' dir='ltr' id='par_1_2' title="bbox 757 558 2313 2149">
     <span class='ocr_line' id='line_1_2' title="bbox 758 558 2295 643; baseline 0.003 -23"><span class='ocrx_word' id='word_1_4' title='bbox 758 558 948 622; x_wconf 89' lang='lat' dir='ltr'>modo</span> <span class='ocrx_word' id='word_1_5' title='bbox 982 562 1079 624; x_wconf 88' lang='lat' dir='ltr'>est</span> <span class='ocrx_word' id='word_1_6' title='bbox 1102 561 1173 624; x_wconf 92' lang='lat' dir='ltr'>in</span> <span class='ocrx_word' id='word_1_7' title='bbox 1198 561 1293 626; x_wconf 89' lang='lat' dir='ltr'>eis</span> <span class='ocrx_word' id='word_1_8' title='bbox 1325 561 1530 626; x_wconf 90' lang='lat' dir='ltr'>virtus</span> <span class='ocrx_word' id='word_1_9' title='bbox 1555 560 1908 639; x_wconf 82' lang='lat' dir='ltr'>elevativa,</span> <span class='ocrx_word' id='word_1_10' title='bbox 1947 579 2062 642; x_wconf 91' lang='lat' dir='ltr'>per</span> <span class='ocrx_word' id='word_1_11' title='bbox 2098 579 2295 643; x_wconf 88' lang='lat' dir='ltr'>quam</span> 
     </span>
     <span class='ocr_line' id='line_1_3' title="bbox 757 667 2293 751; baseline 0.002 -22"><span class='ocrx_word' id='word_1_12' title='bbox 757 683 876 730; x_wconf 92' lang='lat' dir='ltr'>nos</span> <span class='ocrx_word' id='word_1_13' title='bbox 900 669 1123 749; x_wconf 89' lang='lat' dir='ltr'>aptant</span> <span class='ocrx_word' id='word_1_14' title='bbox 1148 687 1263 751; x_wconf 92' lang='lat' dir='ltr'>per</span> <span class='ocrx_word' id='word_1_15' title='bbox 1290 668 1880 733; x_wconf 61' lang='lat' dir='ltr'>condescensionem</span> <span class='ocrx_word' id='word_1_16' title='bbox 1907 673 1971 731; x_wconf 90' lang='lat' dir='ltr'>et</span> <span class='ocrx_word' id='word_1_17' title='bbox 1993 667 2293 733; x_wconf 89' lang='lat' dir='ltr'>elevatio-</span> 
     </span>
     <span class='ocr_line' id='line_1_4' title="bbox 758 775 2299 858; baseline 0.001 -21"><span class='ocrx_word' id='word_1_18' title='bbox 758 792 909 838; x_wconf 86' lang='lat' dir='ltr'>nem</span> <span class='ocrx_word' id='word_1_19' title='bbox 955 777 1034 839; x_wconf 88' lang='lat' dir='ltr'>ad</span> <span class='ocrx_word' id='word_1_20' title='bbox 1079 776 1264 842; x_wconf 92' lang='lat' dir='ltr'>illum</span> <span class='ocrx_word' id='word_1_21' title='bbox 1307 777 1564 842; x_wconf 88' lang='lat' dir='ltr'>radium</span> <span class='ocrx_word' id='word_1_22' title='bbox 1610 775 2118 858; x_wconf 86' lang='lat' dir='ltr'>suscipiendum,</span> <span class='ocrx_word' id='word_1_23' title='bbox 2164 794 2299 839; x_wconf 89' lang='lat' dir='ltr'>nou</span> 
     </span>
     <span class='ocr_line' id='line_1_5' title="bbox 759 884 2300 965; baseline 0.002 -20"><span class='ocrx_word' id='word_1_24' title='bbox 759 886 1066 965; x_wconf 89' lang='lat' dir='ltr'>tanquam</span> <span class='ocrx_word' id='word_1_25' title='bbox 1102 886 1517 964; x_wconf 60' lang='lat' dir='ltr'>perficientes</span> <span class='ocrx_word' id='word_1_26' title='bbox 1561 884 1717 948; x_wconf 82' lang='lat' dir='ltr'><strong>Item</strong></span> <span class='ocrx_word' id='word_1_27' title='bbox 1745 885 1934 948; x_wconf 88' lang='lat' dir='ltr'>estin</span> <span class='ocrx_word' id='word_1_28' title='bbox 1960 886 2051 947; x_wconf 88' lang='lat' dir='ltr'>eis</span> <span class='ocrx_word' id='word_1_29' title='bbox 2088 885 2300 948; x_wconf 84' lang='lat' dir='ltr'>virtus</span> 
     </span>
     <span class='ocr_line' id='line_1_6' title="bbox 759 992 2300 1076; baseline 0.003 -24"><span class='ocrx_word' id='word_1_30' title='bbox 759 1008 1090 1073; x_wconf 89' lang='lat' dir='ltr'>suprema,</span> <span class='ocrx_word' id='word_1_31' title='bbox 1138 1011 1267 1076; x_wconf 91' lang='lat' dir='ltr'>qua</span> <span class='ocrx_word' id='word_1_32' title='bbox 1305 1012 1373 1058; x_wconf 86' lang='lat' dir='ltr'>se</span> <span class='ocrx_word' id='word_1_33' title='bbox 1423 992 1503 1056; x_wconf 88' lang='lat' dir='ltr'>ad</span> <span class='ocrx_word' id='word_1_34' title='bbox 1551 992 1754 1057; x_wconf 88' lang='lat' dir='ltr'>Deum</span> <span class='ocrx_word' id='word_1_35' title='bbox 1808 996 2191 1056; x_wconf 88' lang='lat' dir='ltr'>convertunt</span> <span class='ocrx_word' id='word_1_36' title='bbox 2230 994 2300 1056; x_wconf 91' lang='lat' dir='ltr'>in</span> 
     </span>
     <span class='ocr_line' id='line_1_7' title="bbox 762 1099 2300 1183; baseline 0.003 -22"><span class='ocrx_word' id='word_1_37' title='bbox 762 1100 1152 1182; x_wconf 79' lang='lat' dir='ltr'>susceptione</span> <span class='ocrx_word' id='word_1_38' title='bbox 1170 1100 1582 1182; x_wconf 84' lang='lat' dir='ltr'>splendorum</span> <span class='ocrx_word' id='word_1_39' title='bbox 1609 1104 1865 1164; x_wconf 83' lang='lat' dir='ltr'>aeternae</span> <span class='ocrx_word' id='word_1_40' title='bbox 1892 1099 2076 1179; x_wconf 76' lang='lat' dir='ltr'>lucie,</span> <span class='ocrx_word' id='word_1_41' title='bbox 2105 1120 2300 1183; x_wconf 85' lang='lat' dir='ltr'>quam</span> 
     </span>
     <span class='ocr_line' id='line_1_8' title="bbox 761 1208 2303 1290; baseline 0.003 -22"><span class='ocrx_word' id='word_1_42' title='bbox 761 1211 999 1287; x_wconf 88' lang='lat' dir='ltr'>amant,</span> <span class='ocrx_word' id='word_1_43' title='bbox 1028 1210 1091 1271; x_wconf 88' lang='lat' dir='ltr'>et</span> <span class='ocrx_word' id='word_1_44' title='bbox 1115 1208 1332 1272; x_wconf 89' lang='lat' dir='ltr'>omnia</span> <span class='ocrx_word' id='word_1_45' title='bbox 1357 1209 1669 1273; x_wconf 89' lang='lat' dir='ltr'>reducunt</span> <span class='ocrx_word' id='word_1_46' title='bbox 1696 1208 1775 1272; x_wconf 88' lang='lat' dir='ltr'>ad</span> <span class='ocrx_word' id='word_1_47' title='bbox 1805 1208 2035 1290; x_wconf 83' lang='lat' dir='ltr'>ipsam,</span> <span class='ocrx_word' id='word_1_48' title='bbox 2068 1214 2142 1272; x_wconf 92' lang='lat' dir='ltr'>ut</span> <span class='ocrx_word' id='word_1_49' title='bbox 2167 1213 2303 1273; x_wconf 89' lang='lat' dir='ltr'>ten-</span> 
     </span>
     <span class='ocr_line' id='line_1_9' title="bbox 762 1314 2304 1405; baseline 0.002 -27"><span class='ocrx_word' id='word_1_50' title='bbox 762 1314 914 1378; x_wconf 85' lang='lat' dir='ltr'>dant</span> <span class='ocrx_word' id='word_1_51' title='bbox 939 1314 1006 1376; x_wconf 93' lang='lat' dir='ltr'>in</span> <span class='ocrx_word' id='word_1_52' title='bbox 1033 1315 1234 1378; x_wconf 89' lang='lat' dir='ltr'>Deum</span> <span class='ocrx_word' id='word_1_53' title='bbox 1263 1334 1375 1397; x_wconf 91' lang='lat' dir='ltr'>per</span> <span class='ocrx_word' id='word_1_54' title='bbox 1401 1333 1687 1405; x_wconf 84' lang='lat' dir='ltr'>amorem</span> <span class='ocrx_word' id='word_1_55' title='bbox 1718 1319 1782 1379; x_wconf 87' lang='lat' dir='ltr'>et</span> <span class='ocrx_word' id='word_1_56' title='bbox 1820 1316 2096 1380; x_wconf 89' lang='lat' dir='ltr'>laudem.</span> <span class='ocrx_word' id='word_1_57' title='bbox 2125 1315 2304 1381; x_wconf 88' lang='lat' dir='ltr'>Unde</span> 
     </span>
     <span class='ocr_line' id='line_1_10' title="bbox 761 1422 2301 1503; baseline 0.002 -19"><span class='ocrx_word' id='word_1_58' title='bbox 761 1422 830 1484; x_wconf 92' lang='lat' dir='ltr'>in</span> <span class='ocrx_word' id='word_1_59' title='bbox 866 1422 980 1487; x_wconf 81' lang='lat' dir='ltr'>Job</span> <span class='ocrx_word' id='word_1_60' title='bbox 1007 1422 1237 1487; x_wconf 90' lang='lat' dir='ltr'>dicitur</span> <span class='ocrx_word' id='word_1_61' title='bbox 1260 1428 1279 1463; x_wconf 91' lang='lat'>¹</span> <span class='ocrx_word' id='word_1_62' title='bbox 1307 1447 1323 1488; x_wconf 90' lang='lat'>:</span> <span class='ocrx_word' id='word_1_63' title='bbox 1365 1446 1397 1484; x_wconf 72' lang='grc' dir='ltr'>α</span> <span class='ocrx_word' id='word_1_64' title='bbox 1423 1422 1543 1487; x_wconf 89' lang='lat' dir='ltr'>Ubi</span> <span class='ocrx_word' id='word_1_65' title='bbox 1572 1442 1735 1503; x_wconf 77' lang='lat' dir='ltr'>era5‚</span> <span class='ocrx_word' id='word_1_66' title='bbox 1768 1443 1918 1487; x_wconf 91' lang='lat' dir='ltr'>cum</span> <span class='ocrx_word' id='word_1_67' title='bbox 1950 1442 2053 1487; x_wconf 91' lang='lat' dir='ltr'>me</span> <span class='ocrx_word' id='word_1_68' title='bbox 2078 1423 2301 1487; x_wconf 85' lang='lat' dir='ltr'>lauda·</span> 
     </span>
     <span class='ocr_line' id='line_1_11' title="bbox 763 1531 2306 1613; baseline 0.004 -22"><span class='ocrx_word' id='word_1_69' title='bbox 763 1532 906 1592; x_wconf 87' lang='lat' dir='ltr'>rent</span> <span class='ocrx_word' id='word_1_70' title='bbox 955 1535 1128 1593; x_wconf 89' lang='lat' dir='ltr'>astra</span> <span class='ocrx_word' id='word_1_71' title='bbox 1172 1531 1515 1610; x_wconf 86' lang='lat' dir='ltr'>matutina,</span> <span class='ocrx_word' id='word_1_72' title='bbox 1567 1536 1630 1595; x_wconf 91' lang='lat' dir='ltr'>et</span> <span class='ocrx_word' id='word_1_73' title='bbox 1673 1531 2027 1613; x_wconf 81' lang='lat' dir='ltr'>jubilarent</span> <span class='ocrx_word' id='word_1_74' title='bbox 2081 1550 2306 1597; x_wconf 91' lang='lat' dir='ltr'>omnes</span> 
     </span>
     <span class='ocr_line' id='line_1_12' title="bbox 763 1635 2308 1721; baseline 0.003 -22"><span class='ocrx_word' id='word_1_75' title='bbox 763 1636 883 1699; x_wconf 86' lang='lat' dir='ltr'>filii</span> <span class='ocrx_word' id='word_1_76' title='bbox 927 1635 1081 1700; x_wconf 76' lang='lat' dir='ltr'>Dei?</span> <span class='ocrx_word' id='word_1_77' title='bbox 1120 1659 1153 1697; x_wconf 72' lang='lat' dir='ltr'>n</span> <span class='ocrx_word' id='word_1_78' title='bbox 1188 1636 1266 1701; x_wconf 89' lang='lat' dir='ltr'>Et</span> <span class='ocrx_word' id='word_1_79' title='bbox 1303 1637 1428 1701; x_wconf 89' lang='lat' dir='ltr'>hoc</span> <span class='ocrx_word' id='word_1_80' title='bbox 1474 1641 1681 1703; x_wconf 89' lang='lat' dir='ltr'>totum</span> <span class='ocrx_word' id='word_1_81' title='bbox 1724 1643 2059 1703; x_wconf 89' lang='lat' dir='ltr'>senserunt</span> <span class='ocrx_word' id='word_1_82' title='bbox 2101 1639 2308 1721; x_wconf 92' lang='lat' dir='ltr'>philo-</span> 
     </span>
     <span class='ocr_line' id='line_1_13' title="bbox 765 1742 2308 1829; baseline 0.002 -22"><span class='ocrx_word' id='word_1_83' title='bbox 765 1743 972 1825; x_wconf 84' lang='lat' dir='ltr'><strong>sophi.</strong></span> <span class='ocrx_word' id='word_1_84' title='bbox 1018 1742 1172 1808; x_wconf 84' lang='lat' dir='ltr'>Item</span> <span class='ocrx_word' id='word_1_85' title='bbox 1209 1745 1425 1826; x_wconf 87' lang='lat' dir='ltr'>angeli</span> <span class='ocrx_word' id='word_1_86' title='bbox 1462 1749 1612 1809; x_wconf 87' lang='lat' dir='ltr'>sunt</span> <span class='ocrx_word' id='word_1_87' title='bbox 1655 1764 1738 1810; x_wconf 86' lang='lat' dir='ltr'>ex</span> <span class='ocrx_word' id='word_1_88' title='bbox 1779 1747 1901 1810; x_wconf 91' lang='lat' dir='ltr'>hoc</span> <span class='ocrx_word' id='word_1_89' title='bbox 1946 1748 2308 1829; x_wconf 87' lang='lat' dir='ltr'>gratiarum</span> 
     </span>
     <span class='ocr_line' id='line_1_14' title="bbox 762 1851 2312 1932; baseline 0.003 -17"><span class='ocrx_word' id='word_1_90' title='bbox 762 1851 1076 1916; x_wconf 83' lang='lat' dir='ltr'>actionem</span> <span class='ocrx_word' id='word_1_91' title='bbox 1120 1851 1378 1932; x_wconf 84' lang='lat' dir='ltr'>facturi,</span> <span class='ocrx_word' id='word_1_92' title='bbox 1425 1853 1561 1917; x_wconf 89' lang='lat' dir='ltr'>sive</span> <span class='ocrx_word' id='word_1_93' title='bbox 1595 1854 1822 1917; x_wconf 88' lang='lat' dir='ltr'>acturi.</span> <span class='ocrx_word' id='word_1_94' title='bbox 1876 1852 2141 1931; x_wconf 79' lang='lat' dir='ltr'>Quando</span> <span class='ocrx_word' id='word_1_95' title='bbox 2187 1855 2312 1919; x_wconf 89' lang='lat' dir='ltr'>hoe</span> 
     </span>
     <span class='ocr_line' id='line_1_15' title="bbox 764 1958 2313 2043; baseline 0.002 -20"><span class='ocrx_word' id='word_1_96' title='bbox 764 1958 994 2024; x_wconf 85' lang='lat' dir='ltr'>viderit</span> <span class='ocrx_word' id='word_1_97' title='bbox 1017 1959 1263 2038; x_wconf 85' lang='lat' dir='ltr'>anima,</span> <span class='ocrx_word' id='word_1_98' title='bbox 1302 1960 1543 2041; x_wconf 83' lang='lat' dir='ltr'>ingerit</span> <span class='ocrx_word' id='word_1_99' title='bbox 1576 1980 1644 2026; x_wconf 89' lang='lat' dir='ltr'>se</span> <span class='ocrx_word' id='word_1_100' title='bbox 1685 1959 1967 2043; x_wconf 87' lang='lat' dir='ltr'>angelis,</span> <span class='ocrx_word' id='word_1_101' title='bbox 2016 1965 2078 2026; x_wconf 92' lang='lat' dir='ltr'>et</span> <span class='ocrx_word' id='word_1_102' title='bbox 2119 1963 2313 2027; x_wconf 80' lang='lat' dir='ltr'>intrat</span> 
     </span>
     <span class='ocr_line' id='line_1_16' title="bbox 766 2064 1432 2149; baseline 0.005 -21"><span class='ocrx_word' id='word_1_103' title='bbox 766 2064 1096 2149; x_wconf 72' lang='lat' dir='ltr'>specuium</span> <span class='ocrx_word' id='word_1_104' title='bbox 1124 2066 1432 2149; x_wconf 89' lang='lat' dir='ltr'>ipsorum.</span> 
     </span>
    </p>

    <p class='ocr_par' dir='ltr' id='par_1_3' title="bbox 765 2173 2318 2797">
     <span class='ocr_line' id='line_1_17' title="bbox 846 2173 2313 2258; baseline 0.003 -21"><span class='ocrx_word' id='word_1_105' title='bbox 846 2173 1096 2238; x_wconf 89' lang='lat' dir='ltr'>Tertius</span> <span class='ocrx_word' id='word_1_106' title='bbox 1135 2175 1374 2256; x_wconf 87' lang='lat' dir='ltr'>gradus</span> <span class='ocrx_word' id='word_1_107' title='bbox 1409 2179 1534 2253; x_wconf 89' lang='lat' dir='ltr'>est,</span> <span class='ocrx_word' id='word_1_108' title='bbox 1576 2175 1749 2258; x_wconf 88' lang='lat' dir='ltr'>quod</span> <span class='ocrx_word' id='word_1_109' title='bbox 1785 2175 1920 2257; x_wconf 88' lang='lat' dir='ltr'>ipse</span> <span class='ocrx_word' id='word_1_110' title='bbox 1956 2175 2313 2241; x_wconf 87' lang='lat' dir='ltr'>intellectus</span> 
     </span>
     <span class='ocr_line' id='line_1_18' title="bbox 765 2282 2312 2349; baseline 0.003 -4"><span class='ocrx_word' id='word_1_111' title='bbox 765 2282 1168 2346; x_wconf 81' lang='lat' dir='ltr'>considerans</span> <span class='ocrx_word' id='word_1_112' title='bbox 1197 2283 1584 2347; x_wconf 89' lang='lat' dir='ltr'>conditiones</span> <span class='ocrx_word' id='word_1_113' title='bbox 1624 2283 1786 2347; x_wconf 89' lang='lat' dir='ltr'>entis</span> <span class='ocrx_word' id='word_1_114' title='bbox 1826 2284 2177 2348; x_wconf 90' lang='lat' dir='ltr'>secundum</span> <span class='ocrx_word' id='word_1_115' title='bbox 2205 2304 2312 2349; x_wconf 92' lang='lat' dir='ltr'>re-</span> 
     </span>
     <span class='ocr_line' id='line_1_19' title="bbox 766 2388 2311 2469; baseline 0.003 -18"><span class='ocrx_word' id='word_1_116' title='bbox 766 2388 1071 2453; x_wconf 86' lang='lat' dir='ltr'>lationem</span> <span class='ocrx_word' id='word_1_117' title='bbox 1099 2408 1307 2454; x_wconf 81' lang='lat' dir='ltr'>causae</span> <span class='ocrx_word' id='word_1_118' title='bbox 1332 2389 1413 2453; x_wconf 91' lang='lat' dir='ltr'>ad</span> <span class='ocrx_word' id='word_1_119' title='bbox 1438 2394 1794 2469; x_wconf 85' lang='lat' dir='ltr'>causatum,</span> <span class='ocrx_word' id='word_1_120' title='bbox 1819 2392 2116 2455; x_wconf 76' lang='lat' dir='ltr'>transfert</span> <span class='ocrx_word' id='word_1_121' title='bbox 2136 2411 2204 2454; x_wconf 88' lang='lat' dir='ltr'>se</span> <span class='ocrx_word' id='word_1_122' title='bbox 2230 2392 2311 2455; x_wconf 87' lang='lat' dir='ltr'>ab</span> 
     </span>
     <span class='ocr_line' id='line_1_20' title="bbox 767 2495 2313 2578; baseline 0 -17"><span class='ocrx_word' id='word_1_123' title='bbox 767 2496 997 2561; x_wconf 82' lang='lat' dir='ltr'>effectu</span> <span class='ocrx_word' id='word_1_124' title='bbox 1023 2495 1102 2559; x_wconf 90' lang='lat' dir='ltr'>ad</span> <span class='ocrx_word' id='word_1_125' title='bbox 1133 2515 1378 2578; x_wconf 89' lang='lat' dir='ltr'>causas,</span> <span class='ocrx_word' id='word_1_126' title='bbox 1401 2501 1463 2560; x_wconf 94' lang='lat' dir='ltr'>et</span> <span class='ocrx_word' id='word_1_127' title='bbox 1485 2498 1711 2562; x_wconf 85' lang='lat' dir='ltr'>transit</span> <span class='ocrx_word' id='word_1_128' title='bbox 1728 2498 1807 2561; x_wconf 89' lang='lat' dir='ltr'>ad</span> <span class='ocrx_word' id='word_1_129' title='bbox 1826 2498 2106 2562; x_wconf 86' lang='lat' dir='ltr'>rationes</span> <span class='ocrx_word' id='word_1_130' title='bbox 2131 2503 2313 2562; x_wconf 84' lang='lat' dir='ltr'>aeter·</span> 
     </span>
     <span class='ocr_line' id='line_1_21' title="bbox 768 2604 2318 2689; baseline 0.001 -21"><span class='ocrx_word' id='word_1_131' title='bbox 768 2623 908 2670; x_wconf 78' lang='lat' dir='ltr'>naS.</span> <span class='ocrx_word' id='word_1_132' title='bbox 953 2604 1174 2670; x_wconf 83' lang='lat' dir='ltr'>Differt</span> <span class='ocrx_word' id='word_1_133' title='bbox 1214 2625 1403 2671; x_wconf 89' lang='lat' dir='ltr'>causa</span> <span class='ocrx_word' id='word_1_134' title='bbox 1443 2626 1481 2669; x_wconf 89' lang='lat' dir='ltr'>a</span> <span class='ocrx_word' id='word_1_135' title='bbox 1534 2607 1844 2686; x_wconf 81' lang='lat' dir='ltr'>causatiS,</span> <span class='ocrx_word' id='word_1_136' title='bbox 1902 2607 2055 2689; x_wconf 90' lang='lat' dir='ltr'>quia</span> <span class='ocrx_word' id='word_1_137' title='bbox 2109 2607 2318 2689; x_wconf 89' lang='lat' dir='ltr'>prima</span> 
     </span>
     <span class='ocr_line' id='line_1_22' title="bbox 772 2716 2317 2797; baseline -0.001 -20"><span class='ocrx_word' id='word_1_138' title='bbox 772 2731 962 2778; x_wconf 87' lang='lat' dir='ltr'>causa</span> <span class='ocrx_word' id='word_1_139' title='bbox 997 2717 1093 2777; x_wconf 86' lang='lat' dir='ltr'>est</span> <span class='ocrx_word' id='word_1_140' title='bbox 1135 2732 1248 2778; x_wconf 89' lang='lat' dir='ltr'>ens</span> <span class='ocrx_word' id='word_1_141' title='bbox 1295 2716 1619 2797; x_wconf 89' lang='lat' dir='ltr'>primum,</span> <span class='ocrx_word' id='word_1_142' title='bbox 1674 2718 1737 2778; x_wconf 87' lang='lat' dir='ltr'>et</span> <span class='ocrx_word' id='word_1_143' title='bbox 1782 2734 1821 2778; x_wconf 89' lang='lat' dir='ltr'>a</span> <span class='ocrx_word' id='word_1_144' title='bbox 1865 2733 1933 2778; x_wconf 91' lang='lat' dir='ltr'>se</span> <span class='ocrx_word' id='word_1_145' title='bbox 1981 2718 2317 2778; x_wconf 86' lang='lat' dir='ltr'>causatum</span> 
     </span>
    </p>

    <p class='ocr_par' dir='ltr' id='par_1_4' title="bbox 531 2821 2327 4305">
     <span class='ocr_line' id='line_1_23' title="bbox 580 2821 2312 2906; baseline -0.007 -9"><span class='ocrx_word' id='word_1_146' title='bbox 580 2854 746 2896; x_wconf 62' lang='lat' dir='ltr'>aarum</span> <span class='ocrx_word' id='word_1_147' title='bbox 772 2823 1182 2905; x_wconf 89' lang='lat' dir='ltr'>productum.</span> <span class='ocrx_word' id='word_1_148' title='bbox 1228 2823 1431 2887; x_wconf 87' lang='lat' dir='ltr'>Causa</span> <span class='ocrx_word' id='word_1_149' title='bbox 1462 2823 1673 2906; x_wconf 90' lang='lat' dir='ltr'>prima</span> <span class='ocrx_word' id='word_1_150' title='bbox 1718 2826 1815 2887; x_wconf 89' lang='lat' dir='ltr'>est</span> <span class='ocrx_word' id='word_1_151' title='bbox 1858 2841 1974 2886; x_wconf 90' lang='lat' dir='ltr'>ens</span> <span class='ocrx_word' id='word_1_152' title='bbox 2008 2821 2312 2904; x_wconf 82' lang='lat' dir='ltr'>simplex3</span> 
     </span>
     <span class='ocr_line' id='line_1_24' title="bbox 531 2919 2319 3029; baseline -0.001 -35"><span class='ocrx_word' id='word_1_153' title='bbox 531 2919 746 3029; x_wconf 53' lang='grc' dir='ltr'>ξεζζῗᾶζ</span> <span class='ocrx_word' id='word_1_154' title='bbox 774 2934 1104 2994; x_wconf 89' lang='lat' dir='ltr'>causatum</span> <span class='ocrx_word' id='word_1_155' title='bbox 1130 2949 1244 2994; x_wconf 90' lang='lat' dir='ltr'>ens</span> <span class='ocrx_word' id='word_1_156' title='bbox 1268 2932 1724 3014; x_wconf 88' lang='lat' dir='ltr'>compositum:</span> <span class='ocrx_word' id='word_1_157' title='bbox 1755 2950 1946 2995; x_wconf 89' lang='lat' dir='ltr'>causa</span> <span class='ocrx_word' id='word_1_158' title='bbox 1973 2932 2184 3014; x_wconf 87' lang='lat' dir='ltr'>prima</span> <span class='ocrx_word' id='word_1_159' title='bbox 2205 2949 2319 2993; x_wconf 89' lang='lat' dir='ltr'>ens</span> 
     </span>
     <span class='ocr_line' id='line_1_25' title="bbox 553 3040 2320 3129; baseline -0.002 -24"><span class='ocrx_word' id='word_1_160' title='bbox 553 3062 730 3129; x_wconf 58' lang='grc' dir='ltr'>ωυρμ·</span> <span class='ocrx_word' id='word_1_161' title='bbox 775 3057 1049 3120; x_wconf 83' lang='lat' dir='ltr'>purum3</span> <span class='ocrx_word' id='word_1_162' title='bbox 1108 3045 1437 3103; x_wconf 86' lang='lat' dir='ltr'>causatum</span> <span class='ocrx_word' id='word_1_163' title='bbox 1484 3058 1597 3103; x_wconf 89' lang='lat' dir='ltr'>ens</span> <span class='ocrx_word' id='word_1_164' title='bbox 1640 3040 2075 3120; x_wconf 83' lang='lat' dir='ltr'>permixtum:</span> <span class='ocrx_word' id='word_1_165' title='bbox 2125 3056 2320 3102; x_wconf 88' lang='lat' dir='ltr'>causa</span> 
     </span>
     <span class='ocr_line' id='line_1_26' title="bbox 533 3121 2314 3230; baseline 0.001 -21"><span class='ocrx_word' id='word_1_166' title='bbox 533 3121 747 3230; x_wconf 48' lang='lat' dir='ltr'>,2⁸32ss</span> <span class='ocrx_word' id='word_1_167' title='bbox 774 3146 983 3229; x_wconf 92' lang='lat' dir='ltr'>prima</span> <span class='ocrx_word' id='word_1_168' title='bbox 1008 3166 1121 3211; x_wconf 89' lang='lat' dir='ltr'>ens</span> <span class='ocrx_word' id='word_1_169' title='bbox 1156 3147 1393 3225; x_wconf 81' lang='lat' dir='ltr'>fixum3</span> <span class='ocrx_word' id='word_1_170' title='bbox 1435 3151 1766 3213; x_wconf 87' lang='lat' dir='ltr'>causatum</span> <span class='ocrx_word' id='word_1_171' title='bbox 1802 3165 1916 3211; x_wconf 91' lang='lat' dir='ltr'>ens</span> <span class='ocrx_word' id='word_1_172' title='bbox 1954 3146 2314 3211; x_wconf 87' lang='lat' dir='ltr'>variatum:</span> 
     </span>
     <span class='ocr_line' id='line_1_27' title="bbox 776 3255 2320 3339; baseline -0.002 -20"><span class='ocrx_word' id='word_1_173' title='bbox 776 3274 929 3320; x_wconf 86' lang='lat' dir='ltr'>caus</span> <span class='ocrx_word' id='word_1_174' title='bbox 954 3256 1166 3339; x_wconf 83' lang='lat' dir='ltr'>prima</span> <span class='ocrx_word' id='word_1_175' title='bbox 1191 3274 1305 3319; x_wconf 88' lang='lat' dir='ltr'>ens</span> <span class='ocrx_word' id='word_1_176' title='bbox 1327 3255 1723 3330; x_wconf 84' lang='lat' dir='ltr'>absolutum;</span> <span class='ocrx_word' id='word_1_177' title='bbox 1756 3258 1820 3318; x_wconf 87' lang='lat' dir='ltr'>et</span> <span class='ocrx_word' id='word_1_178' title='bbox 1842 3258 2176 3319; x_wconf 88' lang='lat' dir='ltr'>causatum</span> <span class='ocrx_word' id='word_1_179' title='bbox 2206 3272 2320 3319; x_wconf 91' lang='lat' dir='ltr'>ens</span> 
     </span>
     <span class='ocr_line' id='line_1_28' title="bbox 774 3362 2323 3445; baseline -0.002 -18"><span class='ocrx_word' id='word_1_180' title='bbox 774 3363 1147 3445; x_wconf 86' lang='lat' dir='ltr'>alligatum:</span> <span class='ocrx_word' id='word_1_181' title='bbox 1178 3381 1371 3427; x_wconf 84' lang='lat' dir='ltr'>causa</span> <span class='ocrx_word' id='word_1_182' title='bbox 1398 3363 1606 3445; x_wconf 89' lang='lat' dir='ltr'>prima</span> <span class='ocrx_word' id='word_1_183' title='bbox 1632 3381 1746 3426; x_wconf 90' lang='lat' dir='ltr'>ens</span> <span class='ocrx_word' id='word_1_184' title='bbox 1774 3362 2154 3445; x_wconf 82' lang='lat' dir='ltr'>perfectum3</span> <span class='ocrx_word' id='word_1_185' title='bbox 2178 3381 2323 3426; x_wconf 89' lang='lat' dir='ltr'>cau-</span> 
     </span>
     <span class='ocr_line' id='line_1_29' title="bbox 774 3470 2321 3536; baseline -0.001 -2"><span class='ocrx_word' id='word_1_186' title='bbox 774 3474 988 3536; x_wconf 86' lang='lat' dir='ltr'>satum</span> <span class='ocrx_word' id='word_1_187' title='bbox 1015 3471 1425 3535; x_wconf 90' lang='lat' dir='ltr'>diminutum.</span> <span class='ocrx_word' id='word_1_188' title='bbox 1454 3470 1604 3535; x_wconf 84' lang='lat' dir='ltr'>Haec</span> <span class='ocrx_word' id='word_1_189' title='bbox 1632 3475 1784 3534; x_wconf 90' lang='lat' dir='ltr'>sunt</span> <span class='ocrx_word' id='word_1_190' title='bbox 1811 3470 2181 3534; x_wconf 88' lang='lat' dir='ltr'>certissima.</span> <span class='ocrx_word' id='word_1_191' title='bbox 2217 3470 2321 3533; x_wconf 91' lang='lat' dir='ltr'>In-</span> 
     </span>
     <span class='ocr_line' id='line_1_30' title="bbox 776 3577 2315 3659; baseline 0.001 -18"><span class='ocrx_word' id='word_1_192' title='bbox 776 3577 1135 3659; x_wconf 78' lang='lat' dir='ltr'>teIIIgentia</span> <span class='ocrx_word' id='word_1_193' title='bbox 1170 3579 1372 3642; x_wconf 85' lang='lat' dir='ltr'>fertur</span> <span class='ocrx_word' id='word_1_194' title='bbox 1412 3578 1480 3640; x_wconf 89' lang='lat' dir='ltr'>in</span> <span class='ocrx_word' id='word_1_195' title='bbox 1514 3578 1681 3641; x_wconf 90' lang='lat' dir='ltr'>hanc</span> <span class='ocrx_word' id='word_1_196' title='bbox 1707 3577 1919 3641; x_wconf 90' lang='lat' dir='ltr'>lucem</span> <span class='ocrx_word' id='word_1_197' title='bbox 1946 3577 2315 3659; x_wconf 83' lang='lat' dir='ltr'>tripliciter:</span> 
     </span>
     <span class='ocr_line' id='line_1_31' title="bbox 779 3685 2319 3768; baseline 0 -19"><span class='ocrx_word' id='word_1_198' title='bbox 779 3686 1246 3764; x_wconf 89' lang='lat' dir='ltr'>ratiocinand0‚</span> <span class='ocrx_word' id='word_1_199' title='bbox 1277 3686 1693 3768; x_wconf 84' lang='lat' dir='ltr'>experiendo,</span> <span class='ocrx_word' id='word_1_200' title='bbox 1733 3685 2184 3766; x_wconf 90' lang='lat' dir='ltr'>intelligendo;</span> <span class='ocrx_word' id='word_1_201' title='bbox 2214 3703 2319 3749; x_wconf 89' lang='lat' dir='ltr'>ra-</span> 
     </span>
     <span class='ocr_line' id='line_1_32' title="bbox 776 3792 2316 3876; baseline -0.001 -21"><span class='ocrx_word' id='word_1_202' title='bbox 776 3792 1247 3868; x_wconf 87' lang='lat' dir='ltr'>tiocinabiliter‚</span> <span class='ocrx_word' id='word_1_203' title='bbox 1297 3793 1894 3876; x_wconf 84' lang='lat' dir='ltr'>experimentaliter,</span> <span class='ocrx_word' id='word_1_204' title='bbox 1947 3792 2316 3872; x_wconf 84' lang='lat' dir='ltr'>intelligen-</span> 
     </span>
     <span class='ocr_line' id='line_1_33' title="bbox 777 3899 2321 3965; baseline 0 -3"><span class='ocrx_word' id='word_1_205' title='bbox 777 3899 1034 3964; x_wconf 85' lang='lat' dir='ltr'>tialiter.</span> <span class='ocrx_word' id='word_1_206' title='bbox 1083 3900 1206 3965; x_wconf 93' lang='lat' dir='ltr'>Per</span> <span class='ocrx_word' id='word_1_207' title='bbox 1247 3901 1422 3964; x_wconf 89' lang='lat' dir='ltr'>viam</span> <span class='ocrx_word' id='word_1_208' title='bbox 1453 3900 1715 3964; x_wconf 86' lang='lat' dir='ltr'>rationis</span> <span class='ocrx_word' id='word_1_209' title='bbox 1756 3901 1889 3963; x_wconf 87' lang='lat' dir='ltr'>sic:</span> <span class='ocrx_word' id='word_1_210' title='bbox 1950 3899 2020 3963; x_wconf 89' lang='lat' dir='ltr'>Si</span> <span class='ocrx_word' id='word_1_211' title='bbox 2068 3905 2164 3963; x_wconf 86' lang='lat' dir='ltr'>est</span> <span class='ocrx_word' id='word_1_212' title='bbox 2206 3917 2321 3963; x_wconf 90' lang='lat' dir='ltr'>ens</span> 
     </span>
     <span class='ocr_line' id='line_1_34' title="bbox 780 4008 2318 4091; baseline -0.001 -17"><span class='ocrx_word' id='word_1_213' title='bbox 780 4009 1162 4090; x_wconf 87' lang='lat' dir='ltr'>productum</span> <span class='ocrx_word' id='word_1_214' title='bbox 1180 4057 1201 4088; x_wconf 88' lang='lat'>‚</span> <span class='ocrx_word' id='word_1_215' title='bbox 1234 4026 1392 4088; x_wconf 87' lang='lat' dir='ltr'>ergo</span> <span class='ocrx_word' id='word_1_216' title='bbox 1428 4012 1522 4072; x_wconf 88' lang='lat' dir='ltr'>est</span> <span class='ocrx_word' id='word_1_217' title='bbox 1552 4027 1664 4071; x_wconf 89' lang='lat' dir='ltr'>ens</span> <span class='ocrx_word' id='word_1_218' title='bbox 1689 4009 2005 4091; x_wconf 91' lang='lat' dir='ltr'>primum,</span> <span class='ocrx_word' id='word_1_219' title='bbox 2042 4008 2197 4091; x_wconf 91' lang='lat' dir='ltr'>quia</span> <span class='ocrx_word' id='word_1_220' title='bbox 2228 4011 2318 4072; x_wconf 80' lang='lat' dir='ltr'>ef-</span> 
     </span>
     <span class='ocr_line' id='line_1_35' title="bbox 782 4115 2316 4199; baseline 0.001 -22"><span class='ocrx_word' id='word_1_221' title='bbox 782 4115 983 4180; x_wconf 81' lang='lat' dir='ltr'>fectus</span> <span class='ocrx_word' id='word_1_222' title='bbox 1006 4117 1184 4199; x_wconf 89' lang='lat' dir='ltr'>ponit</span> <span class='ocrx_word' id='word_1_223' title='bbox 1210 4135 1489 4180; x_wconf 89' lang='lat' dir='ltr'>causam.</span> <span class='ocrx_word' id='word_1_224' title='bbox 1515 4116 1582 4181; x_wconf 90' lang='lat' dir='ltr'>Si</span> <span class='ocrx_word' id='word_1_225' title='bbox 1610 4117 1782 4180; x_wconf 91' lang='lat' dir='ltr'>enim</span> <span class='ocrx_word' id='word_1_226' title='bbox 1800 4119 1892 4179; x_wconf 72' lang='lat' dir='ltr'>est</span> <span class='ocrx_word' id='word_1_227' title='bbox 1920 4133 2032 4179; x_wconf 88' lang='lat' dir='ltr'>ens</span> <span class='ocrx_word' id='word_1_228' title='bbox 2056 4116 2138 4179; x_wconf 89' lang='lat' dir='ltr'>ab</span> <span class='ocrx_word' id='word_1_229' title='bbox 2163 4115 2316 4194; x_wconf 85' lang='lat' dir='ltr'>alio,</span> 
     </span>
     <span class='ocr_line' id='line_1_36' title="bbox 784 4223 2327 4305; baseline -0.001 -17"><span class='ocrx_word' id='word_1_230' title='bbox 784 4224 1136 4288; x_wconf 89' lang='lat' dir='ltr'>secundum</span> <span class='ocrx_word' id='word_1_231' title='bbox 1165 4224 1332 4286; x_wconf 88' lang='lat' dir='ltr'>aliud</span> <span class='ocrx_word' id='word_1_232' title='bbox 1350 4271 1366 4300; x_wconf 92' lang='lat'>,</span> <span class='ocrx_word' id='word_1_233' title='bbox 1398 4228 1461 4287; x_wconf 89' lang='lat' dir='ltr'>et</span> <span class='ocrx_word' id='word_1_234' title='bbox 1505 4227 1762 4305; x_wconf 90' lang='lat' dir='ltr'>propter</span> <span class='ocrx_word' id='word_1_235' title='bbox 1789 4223 1993 4301; x_wconf 86' lang='lat' dir='ltr'>aliud3</span> <span class='ocrx_word' id='word_1_236' title='bbox 2039 4240 2203 4303; x_wconf 89' lang='lat' dir='ltr'>ergo</span> <span class='ocrx_word' id='word_1_237' title='bbox 2229 4228 2327 4287; x_wconf 90' lang='lat' dir='ltr'>est</span> 
     </span>
    </p>

    <p class='ocr_par' dir='ltr' id='par_1_5' title="bbox 785 4329 2324 4413">
     <span class='ocr_line' id='line_1_37' title="bbox 785 4329 2324 4413; baseline -0.001 -20"><span class='ocrx_word' id='word_1_238' title='bbox 785 4349 899 4393; x_wconf 91' lang='lat' dir='ltr'>ens</span> <span class='ocrx_word' id='word_1_239' title='bbox 928 4350 967 4394; x_wconf 90' lang='lat' dir='ltr'>a</span> <span class='ocrx_word' id='word_1_240' title='bbox 993 4348 1082 4409; x_wconf 89' lang='lat' dir='ltr'>se,</span> <span class='ocrx_word' id='word_1_241' title='bbox 1109 4330 1458 4395; x_wconf 89' lang='lat' dir='ltr'>secundum</span> <span class='ocrx_word' id='word_1_242' title='bbox 1485 4349 1574 4409; x_wconf 89' lang='lat' dir='ltr'>se,</span> <span class='ocrx_word' id='word_1_243' title='bbox 1597 4333 1661 4393; x_wconf 88' lang='lat' dir='ltr'>et</span> <span class='ocrx_word' id='word_1_244' title='bbox 1688 4335 1942 4413; x_wconf 90' lang='lat' dir='ltr'>propter</span> <span class='ocrx_word' id='word_1_245' title='bbox 1963 4348 2052 4394; x_wconf 91' lang='lat' dir='ltr'>se.</span> <span class='ocrx_word' id='word_1_246' title='bbox 2087 4329 2244 4393; x_wconf 88' lang='lat' dir='ltr'>Item</span> <span class='ocrx_word' id='word_1_247' title='bbox 2269 4329 2324 4392; x_wconf 90' lang='lat' dir='ltr'>si</span> 
     </span>
    </p>

    <p class='ocr_par' dir='ltr' id='par_1_6' title="bbox 782 4436 2322 4520">
     <span class='ocr_line' id='line_1_38' title="bbox 782 4436 2322 4520; baseline -0.001 -19"><span class='ocrx_word' id='word_1_248' title='bbox 782 4444 881 4502; x_wconf 90' lang='lat' dir='ltr'>est</span> <span class='ocrx_word' id='word_1_249' title='bbox 904 4438 1350 4520; x_wconf 89' lang='lat' dir='ltr'>compositum,</span> <span class='ocrx_word' id='word_1_250' title='bbox 1373 4440 1618 4520; x_wconf 88' lang='lat' dir='ltr'>oportet</span> <span class='ocrx_word' id='word_1_251' title='bbox 1644 4455 1781 4500; x_wconf 91' lang='lat' dir='ltr'>esse</span> <span class='ocrx_word' id='word_1_252' title='bbox 1807 4436 2100 4518; x_wconf 85' lang='lat' dir='ltr'>simplex,</span> <span class='ocrx_word' id='word_1_253' title='bbox 2125 4455 2166 4499; x_wconf 91' lang='lat' dir='ltr'>a</span> <span class='ocrx_word' id='word_1_254' title='bbox 2190 4454 2322 4518; x_wconf 91' lang='lat' dir='ltr'>quo</span> 
     </span>
    </p>

    <p class='ocr_par' dir='ltr' id='par_1_7' title="bbox 779 4543 2327 4735">
     <span class='ocr_line' id='line_1_39' title="bbox 779 4543 2327 4627; baseline -0.002 -19"><span class='ocrx_word' id='word_1_255' title='bbox 779 4544 972 4608; x_wconf 89' lang='lat' dir='ltr'>habet</span> <span class='ocrx_word' id='word_1_256' title='bbox 1007 4562 1175 4624; x_wconf 89' lang='lat' dir='ltr'>esse,</span> <span class='ocrx_word' id='word_1_257' title='bbox 1223 4545 1378 4627; x_wconf 89' lang='lat' dir='ltr'>quia</span> <span class='ocrx_word' id='word_1_258' title='bbox 1416 4562 1607 4608; x_wconf 91' lang='lat' dir='ltr'>omne</span> <span class='ocrx_word' id='word_1_259' title='bbox 1637 4543 1809 4626; x_wconf 89' lang='lat' dir='ltr'>quod</span> <span class='ocrx_word' id='word_1_260' title='bbox 1842 4543 2077 4606; x_wconf 85' lang='lat' dir='ltr'>recedit</span> <span class='ocrx_word' id='word_1_261' title='bbox 2109 4562 2150 4607; x_wconf 92' lang='lat' dir='ltr'>a</span> <span class='ocrx_word' id='word_1_262' title='bbox 2176 4543 2327 4606; x_wconf 87' lang='lat' dir='ltr'>sim-</span> 
     </span>
     <span class='ocr_line' id='line_1_40' title="bbox 779 4651 2327 4735; baseline -0.001 -19"><span class='ocrx_word' id='word_1_263' title='bbox 779 4652 1092 4735; x_wconf 88' lang='lat' dir='ltr'>plicitate,</span> <span class='ocrx_word' id='word_1_264' title='bbox 1133 4652 1300 4715; x_wconf 87' lang='lat' dir='ltr'>cadit</span> <span class='ocrx_word' id='word_1_265' title='bbox 1333 4652 1401 4715; x_wconf 91' lang='lat' dir='ltr'>in</span> <span class='ocrx_word' id='word_1_266' title='bbox 1446 4652 1890 4734; x_wconf 90' lang='lat' dir='ltr'>compositum.</span> <span class='ocrx_word' id='word_1_267' title='bbox 1933 4651 2093 4715; x_wconf 88' lang='lat' dir='ltr'>Item</span> <span class='ocrx_word' id='word_1_268' title='bbox 2141 4651 2195 4715; x_wconf 90' lang='lat' dir='ltr'>si</span> <span class='ocrx_word' id='word_1_269' title='bbox 2230 4656 2327 4715; x_wconf 88' lang='lat' dir='ltr'>est</span> 
     </span>
    </p>

    <p class='ocr_par' dir='ltr' id='par_1_8' title="bbox 777 4759 2326 5051">
     <span class='ocr_line' id='line_1_41' title="bbox 780 4759 2321 4842; baseline -0.001 -19"><span class='ocrx_word' id='word_1_270' title='bbox 780 4778 895 4824; x_wconf 89' lang='lat' dir='ltr'>ens</span> <span class='ocrx_word' id='word_1_271' title='bbox 912 4759 1327 4842; x_wconf 83' lang='lat' dir='ltr'>permixtum,</span> <span class='ocrx_word' id='word_1_272' title='bbox 1351 4777 1608 4823; x_wconf 90' lang='lat' dir='ltr'>necesse</span> <span class='ocrx_word' id='word_1_273' title='bbox 1629 4762 1723 4822; x_wconf 88' lang='lat' dir='ltr'>est</span> <span class='ocrx_word' id='word_1_274' title='bbox 1754 4775 1891 4821; x_wconf 86' lang='lat' dir='ltr'>esse</span> <span class='ocrx_word' id='word_1_275' title='bbox 1917 4775 2031 4820; x_wconf 91' lang='lat' dir='ltr'>ens</span> <span class='ocrx_word' id='word_1_276' title='bbox 2050 4775 2321 4840; x_wconf 90' lang='lat' dir='ltr'>purum:</span> 
     </span>
     <span class='ocr_line' id='line_1_42' title="bbox 780 4864 2326 4949; baseline -0.001 -20"><span class='ocrx_word' id='word_1_277' title='bbox 780 4871 1073 4931; x_wconf 88' lang='lat' dir='ltr'>creatura</span> <span class='ocrx_word' id='word_1_278' title='bbox 1100 4871 1316 4931; x_wconf 90' lang='lat' dir='ltr'>autem</span> <span class='ocrx_word' id='word_1_279' title='bbox 1354 4867 1535 4931; x_wconf 90' lang='lat' dir='ltr'>nulla</span> <span class='ocrx_word' id='word_1_280' title='bbox 1561 4884 1746 4949; x_wconf 89' lang='lat' dir='ltr'>pura.</span> <span class='ocrx_word' id='word_1_281' title='bbox 1790 4864 1947 4929; x_wconf 91' lang='lat' dir='ltr'>Item</span> <span class='ocrx_word' id='word_1_282' title='bbox 1986 4864 2041 4926; x_wconf 87' lang='lat' dir='ltr'>si</span> <span class='ocrx_word' id='word_1_283' title='bbox 2081 4867 2177 4928; x_wconf 88' lang='lat' dir='ltr'>est</span> <span class='ocrx_word' id='word_1_284' title='bbox 2211 4882 2326 4928; x_wconf 89' lang='lat' dir='ltr'>ens</span> 
     </span>
     <span class='ocr_line' id='line_1_43' title="bbox 777 4975 2326 5051; baseline -0.001 -13"><span class='ocrx_word' id='word_1_285' title='bbox 777 4977 1127 5040; x_wconf 87' lang='lat' dir='ltr'>secundum</span> <span class='ocrx_word' id='word_1_286' title='bbox 1182 4994 1251 5040; x_wconf 91' lang='lat' dir='ltr'>se</span> <span class='ocrx_word' id='word_1_287' title='bbox 1310 4975 1632 5039; x_wconf 89' lang='lat' dir='ltr'>variatum</span> <span class='ocrx_word' id='word_1_288' title='bbox 1652 5020 1673 5051; x_wconf 90' lang='lat'>‚</span> <span class='ocrx_word' id='word_1_289' title='bbox 1729 4991 1982 5038; x_wconf 87' lang='lat' dir='ltr'>necesse</span> <span class='ocrx_word' id='word_1_290' title='bbox 2035 4975 2132 5035; x_wconf 90' lang='lat' dir='ltr'>est</span> <span class='ocrx_word' id='word_1_291' title='bbox 2190 4989 2326 5037; x_wconf 88' lang='lat' dir='ltr'>esse</span> 
     </span>
    </p>
   </div>
   <div class='ocr_carea' id='block_1_3' title="bbox 778 5079 2321 5166">
    <p class='ocr_par' dir='ltr' id='par_1_9' title="bbox 778 5079 2321 5166">
     <span class='ocr_line' id='line_1_44' title="bbox 778 5079 2321 5166; baseline -0.003 -20"><span class='ocrx_word' id='word_1_292' title='bbox 778 5084 1017 5163; x_wconf 81' lang='lat' dir='ltr'>fixum,</span> <span class='ocrx_word' id='word_1_293' title='bbox 1049 5084 1200 5166; x_wconf 88' lang='lat' dir='ltr'>quia</span> <span class='ocrx_word' id='word_1_294' title='bbox 1228 5082 1461 5147; x_wconf 88' lang='lat' dir='ltr'>mobile</span> <span class='ocrx_word' id='word_1_295' title='bbox 1497 5081 1827 5146; x_wconf 87' lang='lat' dir='ltr'>reducitur</span> <span class='ocrx_word' id='word_1_296' title='bbox 1864 5081 1945 5145; x_wconf 92' lang='lat' dir='ltr'>ad</span> <span class='ocrx_word' id='word_1_297' title='bbox 1972 5079 2321 5144; x_wconf 86' lang='lat' dir='ltr'>immobile.</span> 
     </span>
    </p>
   </div>
   <div class='ocr_carea' id='block_1_4' title="bbox 782 5277 2327 5490">
    <p class='ocr_par' dir='ltr' id='par_1_10' title="bbox 782 5277 2327 5490">
     <span class='ocr_line' id='line_1_45' title="bbox 848 5277 2325 5344; baseline 0 -15"><span class='ocrx_word' id='word_1_298' title='bbox 848 5280 860 5309; x_wconf 87' lang='lat'><strong>¹</strong></span> <span class='ocrx_word' id='word_1_299' title='bbox 906 5278 1023 5342; x_wconf 83' lang='lat' dir='ltr'>Job,</span> <span class='ocrx_word' id='word_1_300' title='bbox 1076 5291 1313 5342; x_wconf 82' lang='lat' dir='ltr'>xxxvm,</span> <span class='ocrx_word' id='word_1_301' title='bbox 1356 5283 1403 5330; x_wconf 79' lang='lat'>7.</span> <span class='ocrx_word' id='word_1_302' title='bbox 1440 5307 1504 5318; x_wconf 92' lang='lat'><strong>—</strong></span> <span class='ocrx_word' id='word_1_303' title='bbox 1545 5279 1569 5313; x_wconf 81' lang='lat'><strong>¹</strong></span> <span class='ocrx_word' id='word_1_304' title='bbox 1611 5278 1783 5343; x_wconf 63' lang='lat' dir='ltr'>Arist„</span> <span class='ocrx_word' id='word_1_305' title='bbox 1829 5279 2004 5344; x_wconf 63' lang='lat' dir='ltr'>Phys„</span> <span class='ocrx_word' id='word_1_306' title='bbox 2051 5277 2139 5330; x_wconf 90' lang='lat' dir='ltr'>lib.</span> <span class='ocrx_word' id='word_1_307' title='bbox 2187 5279 2325 5344; x_wconf 82' lang='lat' dir='ltr'>vm,</span> 
     </span>
     <span class='ocr_line' id='line_1_46' title="bbox 782 5354 2322 5418; baseline 0 -14"><span class='ocrx_word' id='word_1_308' title='bbox 782 5357 907 5404; x_wconf 80' lang='lat' dir='ltr'>text.</span> <span class='ocrx_word' id='word_1_309' title='bbox 937 5355 1017 5415; x_wconf 79' lang='lat'>73,</span> <span class='ocrx_word' id='word_1_310' title='bbox 1045 5356 1135 5418; x_wconf 71' lang='lat'>743</span> <span class='ocrx_word' id='word_1_311' title='bbox 1165 5354 1226 5404; x_wconf 82' lang='lat' dir='ltr'>de</span> <span class='ocrx_word' id='word_1_312' title='bbox 1257 5354 1404 5417; x_wconf 67' lang='lat' dir='ltr'><em>Coel„</em></span> <span class='ocrx_word' id='word_1_313' title='bbox 1431 5354 1518 5404; x_wconf 81' lang='lat' dir='ltr'>lib.</span> <span class='ocrx_word' id='word_1_314' title='bbox 1552 5354 1592 5417; x_wconf 89' lang='lat'>1,</span> <span class='ocrx_word' id='word_1_315' title='bbox 1616 5356 1742 5404; x_wconf 82' lang='lat' dir='ltr'>text.</span> <span class='ocrx_word' id='word_1_316' title='bbox 1774 5356 1890 5417; x_wconf 81' lang='lat'>1183</span> <span class='ocrx_word' id='word_1_317' title='bbox 1924 5354 2015 5403; x_wconf 89' lang='lat' dir='ltr'>lib.</span> <span class='ocrx_word' id='word_1_318' title='bbox 2050 5355 2111 5416; x_wconf 88' lang='grc' dir='ltr'>ΙΙ,</span> <span class='ocrx_word' id='word_1_319' title='bbox 2141 5358 2267 5405; x_wconf 80' lang='lat' dir='ltr'>text.</span> <span class='ocrx_word' id='word_1_320' title='bbox 2301 5358 2322 5404; x_wconf 80' lang='lat' dir='ltr'>t</span> 
     </span>
     <span class='ocr_line' id='line_1_47' title="bbox 782 5425 2327 5490; baseline 0 -14"><span class='ocrx_word' id='word_1_321' title='bbox 782 5429 835 5476; x_wconf 85' lang='lat' dir='ltr'>et.</span> <span class='ocrx_word' id='word_1_322' title='bbox 866 5439 975 5490; x_wconf 83' lang='lat' dir='ltr'>seq.</span> <span class='ocrx_word' id='word_1_323' title='bbox 1002 5451 1065 5463; x_wconf 93' lang='lat'><em>-</em></span> <span class='ocrx_word' id='word_1_324' title='bbox 1100 5425 1122 5461; x_wconf 81' lang='lat'>⁸</span> <span class='ocrx_word' id='word_1_325' title='bbox 1148 5426 1245 5487; x_wconf 71' lang='lat' dir='ltr'>td„</span> <span class='ocrx_word' id='word_1_326' title='bbox 1281 5427 1341 5477; x_wconf 83' lang='lat' dir='ltr'>dc</span> <span class='ocrx_word' id='word_1_327' title='bbox 1382 5428 1573 5490; x_wconf 64' lang='lat' dir='ltr'>Arnim„</span> <span class='ocrx_word' id='word_1_328' title='bbox 1613 5426 1704 5477; x_wconf 89' lang='lat' dir='ltr'>lib.</span> <span class='ocrx_word' id='word_1_329' title='bbox 1747 5427 1795 5489; x_wconf 86' lang='grc' dir='ltr'>Ι,</span> <span class='ocrx_word' id='word_1_330' title='bbox 1835 5428 1961 5476; x_wconf 83' lang='lat' dir='ltr'>text.</span> <span class='ocrx_word' id='word_1_331' title='bbox 1991 5439 2126 5477; x_wconf 87' lang='lat' dir='ltr'>com.</span> <span class='ocrx_word' id='word_1_332' title='bbox 2157 5427 2236 5476; x_wconf 88' lang='lat'>85.</span> <span class='ocrx_word' id='word_1_333' title='bbox 2267 5451 2327 5463; x_wconf 92' lang='lat'><em>-</em></span> 
     </span>
    </p>
   </div>
   <div class='ocr_carea' id='block_1_5' title="bbox 2399 561 3968 5163">
    <p class='ocr_par' dir='ltr' id='par_1_11' title="bbox 2399 561 3968 5163">
     <span class='ocr_line' id='line_1_48' title="bbox 2399 561 3918 646; baseline 0.005 -20"><span class='ocrx_word' id='word_1_334' title='bbox 2399 561 2568 627; x_wconf 81' lang='lat' dir='ltr'>Mota</span> <span class='ocrx_word' id='word_1_335' title='bbox 2600 563 2779 627; x_wconf 92' lang='lat' dir='ltr'>enim</span> <span class='ocrx_word' id='word_1_336' title='bbox 2809 581 3028 644; x_wconf 87' lang='lat' dir='ltr'>manu,</span> <span class='ocrx_word' id='word_1_337' title='bbox 3064 568 3188 628; x_wconf 88' lang='lat' dir='ltr'>stat</span> <span class='ocrx_word' id='word_1_338' title='bbox 3215 565 3497 646; x_wconf 87' lang='lat' dir='ltr'>cubitus;</span> <span class='ocrx_word' id='word_1_339' title='bbox 3540 569 3600 631; x_wconf 90' lang='lat' dir='ltr'>et</span> <span class='ocrx_word' id='word_1_340' title='bbox 3627 572 3788 633; x_wconf 87' lang='lat' dir='ltr'>moto</span> <span class='ocrx_word' id='word_1_341' title='bbox 3813 589 3918 635; x_wconf 88' lang='lat' dir='ltr'>cu-</span> 
     </span>
     <span class='ocr_line' id='line_1_49' title="bbox 2400 668 3921 759; baseline 0.006 -26"><span class='ocrx_word' id='word_1_342' title='bbox 2400 668 2556 751; x_wconf 90' lang='lat' dir='ltr'>bito,</span> <span class='ocrx_word' id='word_1_343' title='bbox 2588 675 2711 735; x_wconf 90' lang='lat' dir='ltr'>stat</span> <span class='ocrx_word' id='word_1_344' title='bbox 2734 672 3070 737; x_wconf 76' lang='lat' dir='ltr'>humeruS.</span> <span class='ocrx_word' id='word_1_345' title='bbox 3103 672 3182 737; x_wconf 89' lang='lat' dir='ltr'>Et</span> <span class='ocrx_word' id='word_1_346' title='bbox 3208 674 3298 737; x_wconf 91' lang='lat' dir='ltr'>sic</span> <span class='ocrx_word' id='word_1_347' title='bbox 3327 693 3573 757; x_wconf 90' lang='lat' dir='ltr'>semper</span> <span class='ocrx_word' id='word_1_348' title='bbox 3605 676 3766 759; x_wconf 91' lang='lat' dir='ltr'>quod</span> <span class='ocrx_word' id='word_1_349' title='bbox 3798 696 3921 742; x_wconf 88' lang='lat' dir='ltr'>mo-</span> 
     </span>
     <span class='ocr_line' id='line_1_50' title="bbox 2401 779 3921 864; baseline 0.006 -24"><span class='ocrx_word' id='word_1_350' title='bbox 2401 781 2608 858; x_wconf 89' lang='lat' dir='ltr'>vetur,</span> <span class='ocrx_word' id='word_1_351' title='bbox 2658 779 3022 843; x_wconf 87' lang='lat' dir='ltr'>movebitur</span> <span class='ocrx_word' id='word_1_352' title='bbox 3061 798 3172 863; x_wconf 88' lang='lat' dir='ltr'>per</span> <span class='ocrx_word' id='word_1_353' title='bbox 3209 781 3466 864; x_wconf 88' lang='lat' dir='ltr'>aliquod</span> <span class='ocrx_word' id='word_1_354' title='bbox 3504 783 3727 847; x_wconf 83' lang='lat' dir='ltr'>fixum.</span> <span class='ocrx_word' id='word_1_355' title='bbox 3772 784 3921 850; x_wconf 89' lang='lat' dir='ltr'>Item</span> 
     </span>
     <span class='ocr_line' id='line_1_51' title="bbox 2404 885 3921 969; baseline 0.005 -21"><span class='ocrx_word' id='word_1_356' title='bbox 2404 885 2458 948; x_wconf 91' lang='lat' dir='ltr'>si</span> <span class='ocrx_word' id='word_1_357' title='bbox 2476 885 2626 949; x_wconf 90' lang='lat' dir='ltr'>dare</span> <span class='ocrx_word' id='word_1_358' title='bbox 2643 890 2742 949; x_wconf 89' lang='lat' dir='ltr'>est</span> <span class='ocrx_word' id='word_1_359' title='bbox 2759 886 3122 967; x_wconf 88' lang='lat' dir='ltr'>alligatum,</span> <span class='ocrx_word' id='word_1_360' title='bbox 3144 906 3302 969; x_wconf 89' lang='lat' dir='ltr'>ergo</span> <span class='ocrx_word' id='word_1_361' title='bbox 3317 888 3698 953; x_wconf 87' lang='lat' dir='ltr'>absolutum.</span> <span class='ocrx_word' id='word_1_362' title='bbox 3718 890 3921 957; x_wconf 87' lang='lat' dir='ltr'>Omnis</span> 
     </span>
     <span class='ocr_line' id='line_1_52' title="bbox 2405 993 3922 1079; baseline 0.005 -24"><span class='ocrx_word' id='word_1_363' title='bbox 2405 997 2693 1057; x_wconf 87' lang='lat' dir='ltr'>creatura</span> <span class='ocrx_word' id='word_1_364' title='bbox 2727 993 2992 1075; x_wconf 85' lang='lat' dir='ltr'>alligata</span> <span class='ocrx_word' id='word_1_365' title='bbox 3020 998 3112 1058; x_wconf 88' lang='lat' dir='ltr'>est</span> <span class='ocrx_word' id='word_1_366' title='bbox 3153 995 3340 1060; x_wconf 89' lang='lat' dir='ltr'>alicui</span> <span class='ocrx_word' id='word_1_367' title='bbox 3377 997 3600 1076; x_wconf 83' lang='lat' dir='ltr'>generi</span> <span class='ocrx_word' id='word_1_368' title='bbox 3629 998 3922 1079; x_wconf 84' lang='lat' dir='ltr'>praedica-</span> 
     </span>
     <span class='ocr_line' id='line_1_53' title="bbox 2406 1101 3926 1184; baseline 0.005 -21"><span class='ocrx_word' id='word_1_369' title='bbox 2406 1104 2772 1164; x_wconf 89' lang='lat' dir='ltr'>mentorum</span> <span class='ocrx_word' id='word_1_370' title='bbox 2804 1122 2822 1166; x_wconf 78' lang='lat' dir='ltr'>t</span> <span class='ocrx_word' id='word_1_371' title='bbox 2871 1101 2981 1164; x_wconf 88' lang='lat' dir='ltr'>sed</span> <span class='ocrx_word' id='word_1_372' title='bbox 3026 1101 3197 1183; x_wconf 90' lang='lat' dir='ltr'>quod</span> <span class='ocrx_word' id='word_1_373' title='bbox 3250 1102 3584 1184; x_wconf 87' lang='lat' dir='ltr'>alligatum</span> <span class='ocrx_word' id='word_1_374' title='bbox 3633 1108 3752 1184; x_wconf 89' lang='lat' dir='ltr'>est,</span> <span class='ocrx_word' id='word_1_375' title='bbox 3804 1124 3926 1170; x_wconf 91' lang='lat' dir='ltr'>non</span> 
     </span>
     <span class='ocr_line' id='line_1_54' title="bbox 2408 1207 3930 1290; baseline 0.005 -19"><span class='ocrx_word' id='word_1_376' title='bbox 2408 1214 2713 1272; x_wconf 86' lang='lat' dir='ltr'>mutuum</span> <span class='ocrx_word' id='word_1_377' title='bbox 2757 1208 2863 1272; x_wconf 89' lang='lat' dir='ltr'>dat</span> <span class='ocrx_word' id='word_1_378' title='bbox 2898 1207 3080 1272; x_wconf 90' lang='lat' dir='ltr'>alteri</span> <span class='ocrx_word' id='word_1_379' title='bbox 3126 1226 3306 1272; x_wconf 88' lang='lat' dir='ltr'>esse:</span> <span class='ocrx_word' id='word_1_380' title='bbox 3357 1228 3516 1290; x_wconf 90' lang='lat' dir='ltr'>ergo</span> <span class='ocrx_word' id='word_1_381' title='bbox 3564 1230 3808 1277; x_wconf 88' lang='lat' dir='ltr'>necesse</span> <span class='ocrx_word' id='word_1_382' title='bbox 3842 1217 3930 1279; x_wconf 90' lang='lat' dir='ltr'>est</span> 
     </span>
     <span class='ocr_line' id='line_1_55' title="bbox 2408 1315 3928 1400; baseline 0.003 -20"><span class='ocrx_word' id='word_1_383' title='bbox 2408 1315 2772 1380; x_wconf 89' lang='lat' dir='ltr'>absolutum</span> <span class='ocrx_word' id='word_1_384' title='bbox 2800 1333 2962 1393; x_wconf 89' lang='lat' dir='ltr'>esse,</span> <span class='ocrx_word' id='word_1_385' title='bbox 2995 1336 3035 1378; x_wconf 92' lang='lat' dir='ltr'>a</span> <span class='ocrx_word' id='word_1_386' title='bbox 3062 1334 3190 1398; x_wconf 90' lang='lat' dir='ltr'>quo</span> <span class='ocrx_word' id='word_1_387' title='bbox 3221 1317 3482 1400; x_wconf 90' lang='lat' dir='ltr'>recipiet</span> <span class='ocrx_word' id='word_1_388' title='bbox 3520 1338 3673 1382; x_wconf 88' lang='lat' dir='ltr'>esse.</span> <span class='ocrx_word' id='word_1_389' title='bbox 3707 1319 3856 1384; x_wconf 83' lang='lat' dir='ltr'>Item</span> <span class='ocrx_word' id='word_1_390' title='bbox 3878 1321 3928 1385; x_wconf 90' lang='lat' dir='ltr'>si</span> 
     </span>
     <span class='ocr_line' id='line_1_56' title="bbox 2409 1423 3926 1508; baseline 0.002 -20"><span class='ocrx_word' id='word_1_391' title='bbox 2409 1428 2504 1488; x_wconf 88' lang='lat' dir='ltr'>est</span> <span class='ocrx_word' id='word_1_392' title='bbox 2531 1442 2643 1488; x_wconf 90' lang='lat' dir='ltr'>ens</span> <span class='ocrx_word' id='word_1_393' title='bbox 2671 1423 3086 1497; x_wconf 87' lang='lat' dir='ltr'>diminutum,</span> <span class='ocrx_word' id='word_1_394' title='bbox 3107 1442 3360 1487; x_wconf 83' lang='lat' dir='ltr'>necesse</span> <span class='ocrx_word' id='word_1_395' title='bbox 3387 1430 3483 1488; x_wconf 87' lang='lat' dir='ltr'>est</span> <span class='ocrx_word' id='word_1_396' title='bbox 3509 1443 3641 1489; x_wconf 89' lang='lat' dir='ltr'>esse</span> <span class='ocrx_word' id='word_1_397' title='bbox 3668 1444 3778 1489; x_wconf 92' lang='lat' dir='ltr'>ens</span> <span class='ocrx_word' id='word_1_398' title='bbox 3803 1446 3926 1508; x_wconf 89' lang='lat' dir='ltr'>per-</span> 
     </span>
     <span class='ocr_line' id='line_1_57' title="bbox 2411 1529 3932 1616; baseline 0.003 -21"><span class='ocrx_word' id='word_1_399' title='bbox 2411 1531 2666 1595; x_wconf 82' lang='lat' dir='ltr'>fectum.</span> <span class='ocrx_word' id='word_1_400' title='bbox 2699 1529 2776 1593; x_wconf 87' lang='lat' dir='ltr'>Et</span> <span class='ocrx_word' id='word_1_401' title='bbox 2800 1529 2920 1593; x_wconf 90' lang='lat' dir='ltr'>hac</span> <span class='ocrx_word' id='word_1_402' title='bbox 2945 1530 3049 1594; x_wconf 87' lang='lat' dir='ltr'>via</span> <span class='ocrx_word' id='word_1_403' title='bbox 3077 1530 3357 1613; x_wconf 86' lang='lat' dir='ltr'>procedit</span> <span class='ocrx_word' id='word_1_404' title='bbox 3382 1530 3794 1616; x_wconf 87' lang='lat' dir='ltr'>Philosophus</span> <span class='ocrx_word' id='word_1_405' title='bbox 3811 1536 3832 1571; x_wconf 83' lang='lat'><strong>¹</strong></span> <span class='ocrx_word' id='word_1_406' title='bbox 3856 1535 3932 1600; x_wconf 87' lang='lat' dir='ltr'>ad</span> 
     </span>
     <span class='ocr_line' id='line_1_58' title="bbox 2412 1637 3933 1723; baseline 0.003 -21"><span class='ocrx_word' id='word_1_407' title='bbox 2412 1637 2874 1702; x_wconf 88' lang='lat' dir='ltr'>ostendendum</span> <span class='ocrx_word' id='word_1_408' title='bbox 2900 1638 3217 1701; x_wconf 91' lang='lat' dir='ltr'>mundum</span> <span class='ocrx_word' id='word_1_409' title='bbox 3254 1641 3602 1720; x_wconf 83' lang='lat' dir='ltr'>aeternum,</span> <span class='ocrx_word' id='word_1_410' title='bbox 3637 1640 3783 1723; x_wconf 88' lang='lat' dir='ltr'>quia</span> <span class='ocrx_word' id='word_1_411' title='bbox 3807 1660 3933 1706; x_wconf 90' lang='lat' dir='ltr'>om·</span> 
     </span>
     <span class='ocr_line' id='line_1_59' title="bbox 2414 1746 3934 1831; baseline 0.004 -23"><span class='ocrx_word' id='word_1_412' title='bbox 2414 1764 2563 1808; x_wconf 91' lang='lat' dir='ltr'>nem</span> <span class='ocrx_word' id='word_1_413' title='bbox 2607 1750 2854 1809; x_wconf 90' lang='lat' dir='ltr'>motum</span> <span class='ocrx_word' id='word_1_414' title='bbox 2904 1750 2969 1809; x_wconf 89' lang='lat' dir='ltr'>et</span> <span class='ocrx_word' id='word_1_415' title='bbox 3010 1746 3357 1811; x_wconf 90' lang='lat' dir='ltr'>motionem</span> <span class='ocrx_word' id='word_1_416' title='bbox 3405 1750 3700 1831; x_wconf 84' lang='lat' dir='ltr'>praecedit</span> <span class='ocrx_word' id='word_1_417' title='bbox 3736 1755 3934 1815; x_wconf 89' lang='lat' dir='ltr'>motus</span> 
     </span>
     <span class='ocr_line' id='line_1_60' title="bbox 2414 1852 3937 1936; baseline 0.005 -21"><span class='ocrx_word' id='word_1_418' title='bbox 2414 1852 2630 1917; x_wconf 90' lang='lat' dir='ltr'>localis</span> <span class='ocrx_word' id='word_1_419' title='bbox 2675 1853 3084 1932; x_wconf 88' lang='lat' dir='ltr'>circulariter,</span> <span class='ocrx_word' id='word_1_420' title='bbox 3133 1853 3285 1936; x_wconf 89' lang='lat' dir='ltr'>quia</span> <span class='ocrx_word' id='word_1_421' title='bbox 3324 1857 3636 1936; x_wconf 87' lang='lat' dir='ltr'>perfectus</span> <span class='ocrx_word' id='word_1_422' title='bbox 3674 1863 3786 1923; x_wconf 87' lang='lat' dir='ltr'>est.</span> <span class='ocrx_word' id='word_1_423' title='bbox 3825 1857 3937 1923; x_wconf 87' lang='lat' dir='ltr'>Sed</span> 
     </span>
     <span class='ocr_line' id='line_1_61' title="bbox 2415 1961 3936 2050; baseline 0.004 -24"><span class='ocrx_word' id='word_1_424' title='bbox 2415 1961 2957 2044; x_wconf 89' lang='lat' dir='ltr'>respondendum,</span> <span class='ocrx_word' id='word_1_425' title='bbox 2996 1961 3166 2045; x_wconf 89' lang='lat' dir='ltr'>quod</span> <span class='ocrx_word' id='word_1_426' title='bbox 3208 1981 3441 2027; x_wconf 86' lang='lat' dir='ltr'>verum</span> <span class='ocrx_word' id='word_1_427' title='bbox 3478 1969 3571 2028; x_wconf 88' lang='lat' dir='ltr'>est</span> <span class='ocrx_word' id='word_1_428' title='bbox 3612 1967 3777 2050; x_wconf 88' lang='lat' dir='ltr'>quod</span> <span class='ocrx_word' id='word_1_429' title='bbox 3803 1985 3936 2050; x_wconf 88' lang='lat' dir='ltr'>per-</span> 
     </span>
     <span class='ocr_line' id='line_1_62' title="bbox 2417 2068 3941 2155; baseline 0.003 -24"><span class='ocrx_word' id='word_1_430' title='bbox 2417 2068 2616 2132; x_wconf 84' lang='lat' dir='ltr'>fectus</span> <span class='ocrx_word' id='word_1_431' title='bbox 2644 2072 2739 2131; x_wconf 88' lang='lat' dir='ltr'>est</span> <span class='ocrx_word' id='word_1_432' title='bbox 2764 2072 2910 2132; x_wconf 88' lang='lat' dir='ltr'>ante</span> <span class='ocrx_word' id='word_1_433' title='bbox 2934 2068 3349 2148; x_wconf 91' lang='lat' dir='ltr'>diminutum,</span> <span class='ocrx_word' id='word_1_434' title='bbox 3371 2070 3693 2152; x_wconf 85' lang='lat' dir='ltr'>loquendo</span> <span class='ocrx_word' id='word_1_435' title='bbox 3711 2073 3785 2137; x_wconf 88' lang='lat' dir='ltr'>de</span> <span class='ocrx_word' id='word_1_436' title='bbox 3812 2092 3941 2155; x_wconf 89' lang='lat' dir='ltr'>per·</span> 
     </span>
     <span class='ocr_line' id='line_1_63' title="bbox 2417 2176 3938 2262; baseline 0.004 -23"><span class='ocrx_word' id='word_1_437' title='bbox 2417 2176 2578 2240; x_wconf 84' lang='lat' dir='ltr'>fecto</span> <span class='ocrx_word' id='word_1_438' title='bbox 2605 2177 3004 2259; x_wconf 82' lang='lat' dir='ltr'>simpliciter3</span> <span class='ocrx_word' id='word_1_439' title='bbox 3037 2177 3147 2242; x_wconf 90' lang='lat' dir='ltr'>sed</span> <span class='ocrx_word' id='word_1_440' title='bbox 3178 2197 3310 2243; x_wconf 93' lang='lat' dir='ltr'>non</span> <span class='ocrx_word' id='word_1_441' title='bbox 3340 2179 3418 2244; x_wconf 91' lang='lat' dir='ltr'>de</span> <span class='ocrx_word' id='word_1_442' title='bbox 3445 2181 3717 2262; x_wconf 81' lang='lat' dir='ltr'>perfecto</span> <span class='ocrx_word' id='word_1_443' title='bbox 3744 2182 3808 2244; x_wconf 88' lang='lat' dir='ltr'>in</span> <span class='ocrx_word' id='word_1_444' title='bbox 3834 2200 3938 2262; x_wconf 90' lang='lat' dir='ltr'>ge-</span> 
     </span>
     <span class='ocr_line' id='line_1_64' title="bbox 2418 2285 3944 2367; baseline 0.003 -19"><span class='ocrx_word' id='word_1_445' title='bbox 2418 2303 2604 2362; x_wconf 91' lang='lat' dir='ltr'>nere,</span> <span class='ocrx_word' id='word_1_446' title='bbox 2636 2285 2843 2367; x_wconf 88' lang='lat' dir='ltr'>qualis</span> <span class='ocrx_word' id='word_1_447' title='bbox 2879 2289 2973 2349; x_wconf 89' lang='lat' dir='ltr'>est</span> <span class='ocrx_word' id='word_1_448' title='bbox 3014 2290 3226 2348; x_wconf 90' lang='lat' dir='ltr'>motus</span> <span class='ocrx_word' id='word_1_449' title='bbox 3258 2286 3497 2349; x_wconf 86' lang='lat' dir='ltr'>localis.</span> <span class='ocrx_word' id='word_1_450' title='bbox 3529 2286 3605 2351; x_wconf 88' lang='lat' dir='ltr'>Et</span> <span class='ocrx_word' id='word_1_451' title='bbox 3647 2290 3734 2351; x_wconf 89' lang='lat' dir='ltr'>sic</span> <span class='ocrx_word' id='word_1_452' title='bbox 3760 2289 3944 2352; x_wconf 88' lang='lat' dir='ltr'>fertur</span> 
     </span>
     <span class='ocr_line' id='line_1_65' title="bbox 2419 2391 3943 2474; baseline 0.003 -20"><span class='ocrx_word' id='word_1_453' title='bbox 2419 2391 2839 2474; x_wconf 83' lang='lat' dir='ltr'>intelligentia</span> <span class='ocrx_word' id='word_1_454' title='bbox 2895 2392 3366 2457; x_wconf 87' lang='lat' dir='ltr'>ratiocinando:</span> <span class='ocrx_word' id='word_1_455' title='bbox 3423 2394 3627 2458; x_wconf 80' lang='lat' dir='ltr'>fertur</span> <span class='ocrx_word' id='word_1_456' title='bbox 3668 2394 3943 2458; x_wconf 88' lang='lat' dir='ltr'>similiter</span> 
     </span>
     <span class='ocr_line' id='line_1_66' title="bbox 2420 2499 3936 2584; baseline -0.001 -20"><span class='ocrx_word' id='word_1_457' title='bbox 2420 2499 2828 2582; x_wconf 87' lang='lat' dir='ltr'>experiendo.</span> <span class='ocrx_word' id='word_1_458' title='bbox 2873 2499 2976 2563; x_wconf 86' lang='lat' dir='ltr'>Sic</span> <span class='ocrx_word' id='word_1_459' title='bbox 3009 2499 3392 2582; x_wconf 89' lang='lat' dir='ltr'>productum</span> <span class='ocrx_word' id='word_1_460' title='bbox 3427 2506 3717 2583; x_wconf 90' lang='lat' dir='ltr'>respectu</span> <span class='ocrx_word' id='word_1_461' title='bbox 3762 2501 3936 2584; x_wconf 85' lang='lat' dir='ltr'>primi</span> 
     </span>
     <span class='ocr_line' id='line_1_67' title="bbox 2423 2606 3942 2690; baseline -0.001 -18"><span class='ocrx_word' id='word_1_462' title='bbox 2423 2608 2801 2672; x_wconf 79' lang='lat' dir='ltr'>defectivum</span> <span class='ocrx_word' id='word_1_463' title='bbox 2838 2611 2969 2684; x_wconf 88' lang='lat' dir='ltr'>est;</span> <span class='ocrx_word' id='word_1_464' title='bbox 3016 2606 3305 2670; x_wconf 88' lang='lat' dir='ltr'>similiter</span> <span class='ocrx_word' id='word_1_465' title='bbox 3338 2609 3788 2690; x_wconf 87' lang='lat' dir='ltr'>compositum,</span> <span class='ocrx_word' id='word_1_466' title='bbox 3823 2627 3942 2672; x_wconf 89' lang='lat' dir='ltr'>res-</span> 
     </span>
     <span class='ocr_line' id='line_1_68' title="bbox 2423 2714 3942 2800; baseline 0.001 -21"><span class='ocrx_word' id='word_1_467' title='bbox 2423 2721 2611 2800; x_wconf 90' lang='lat' dir='ltr'>pectu</span> <span class='ocrx_word' id='word_1_468' title='bbox 2645 2714 2978 2797; x_wconf 89' lang='lat' dir='ltr'>simplieis;</span> <span class='ocrx_word' id='word_1_469' title='bbox 3024 2714 3317 2779; x_wconf 89' lang='lat' dir='ltr'>similiter</span> <span class='ocrx_word' id='word_1_470' title='bbox 3361 2716 3783 2797; x_wconf 86' lang='lat' dir='ltr'>permixtum,</span> <span class='ocrx_word' id='word_1_471' title='bbox 3822 2735 3942 2780; x_wconf 90' lang='lat' dir='ltr'>res-</span> 
     </span>
     <span class='ocr_line' id='line_1_69' title="bbox 2424 2823 3945 2906; baseline 0.001 -19"><span class='ocrx_word' id='word_1_472' title='bbox 2424 2829 2612 2906; x_wconf 88' lang='lat' dir='ltr'>pectu</span> <span class='ocrx_word' id='word_1_473' title='bbox 2638 2824 2817 2906; x_wconf 88' lang='lat' dir='ltr'>puri;</span> <span class='ocrx_word' id='word_1_474' title='bbox 2848 2828 2910 2887; x_wconf 91' lang='lat' dir='ltr'>et</span> <span class='ocrx_word' id='word_1_475' title='bbox 2940 2823 3030 2886; x_wconf 91' lang='lat' dir='ltr'>sic</span> <span class='ocrx_word' id='word_1_476' title='bbox 3075 2823 3155 2887; x_wconf 91' lang='lat' dir='ltr'>de</span> <span class='ocrx_word' id='word_1_477' title='bbox 3193 2823 3336 2886; x_wconf 89' lang='lat' dir='ltr'>aliis</span> <span class='ocrx_word' id='word_1_478' title='bbox 3368 2845 3383 2887; x_wconf 72' lang='grc' dir='ltr'>ε</span> <span class='ocrx_word' id='word_1_479' title='bbox 3435 2843 3599 2906; x_wconf 90' lang='lat' dir='ltr'>ergo</span> <span class='ocrx_word' id='word_1_480' title='bbox 3637 2826 3847 2889; x_wconf 88' lang='lat' dir='ltr'>dicunt</span> <span class='ocrx_word' id='word_1_481' title='bbox 3875 2825 3945 2905; x_wconf 83' lang='lat' dir='ltr'>(a)</span> 
     </span>
     <span class='ocr_line' id='line_1_70' title="bbox 2425 2930 3949 3013; baseline 0.001 -20"><span class='ocrx_word' id='word_1_482' title='bbox 2425 2931 2862 3013; x_wconf 87' lang='lat' dir='ltr'>privationes:</span> <span class='ocrx_word' id='word_1_483' title='bbox 2911 2930 3020 2993; x_wconf 90' lang='lat' dir='ltr'>sed</span> <span class='ocrx_word' id='word_1_484' title='bbox 3068 2930 3457 3010; x_wconf 87' lang='lat' dir='ltr'>privationes</span> <span class='ocrx_word' id='word_1_485' title='bbox 3515 2950 3647 2996; x_wconf 91' lang='lat' dir='ltr'>non</span> <span class='ocrx_word' id='word_1_486' title='bbox 3691 2952 3949 3013; x_wconf 88' lang='lat' dir='ltr'>eognos-</span> 
     </span>
     <span class='ocr_line' id='line_1_71' title="bbox 2426 3036 3948 3117; baseline -0.001 -17"><span class='ocrx_word' id='word_1_487' title='bbox 2426 3042 2679 3117; x_wconf 91' lang='lat' dir='ltr'>cuntur,</span> <span class='ocrx_word' id='word_1_488' title='bbox 2712 3036 2838 3098; x_wconf 91' lang='lat' dir='ltr'>nisi</span> <span class='ocrx_word' id='word_1_489' title='bbox 2866 3054 2979 3117; x_wconf 91' lang='lat' dir='ltr'>per</span> <span class='ocrx_word' id='word_1_490' title='bbox 3008 3036 3266 3100; x_wconf 88' lang='lat' dir='ltr'>habitus</span> <span class='ocrx_word' id='word_1_491' title='bbox 3292 3056 3464 3101; x_wconf 77' lang='lat' dir='ltr'>suos,</span> <span class='ocrx_word' id='word_1_492' title='bbox 3506 3037 3764 3103; x_wconf 87' lang='lat' dir='ltr'>Rectum</span> <span class='ocrx_word' id='word_1_493' title='bbox 3791 3039 3948 3103; x_wconf 88' lang='lat' dir='ltr'>enim</span> 
     </span>
     <span class='ocr_line' id='line_1_72' title="bbox 2427 3143 3953 3229; baseline 0 -20"><span class='ocrx_word' id='word_1_494' title='bbox 2427 3150 2521 3209; x_wconf 89' lang='lat' dir='ltr'>est</span> <span class='ocrx_word' id='word_1_495' title='bbox 2538 3145 2742 3228; x_wconf 87' lang='lat' dir='ltr'>judex</span> <span class='ocrx_word' id='word_1_496' title='bbox 2769 3144 2868 3208; x_wconf 90' lang='lat' dir='ltr'>sui</span> <span class='ocrx_word' id='word_1_497' title='bbox 2896 3146 2959 3207; x_wconf 84' lang='lat' dir='ltr'>et</span> <span class='ocrx_word' id='word_1_498' title='bbox 2987 3143 3252 3227; x_wconf 83' lang='lat' dir='ltr'>obliqui.</span> <span class='ocrx_word' id='word_1_499' title='bbox 3289 3144 3443 3209; x_wconf 83' lang='lat' dir='ltr'>Etsi</span> <span class='ocrx_word' id='word_1_500' title='bbox 3470 3150 3493 3186; x_wconf 81' lang='lat'>⁸</span> <span class='ocrx_word' id='word_1_501' title='bbox 3523 3149 3729 3211; x_wconf 91' lang='lat' dir='ltr'>omnis</span> <span class='ocrx_word' id='word_1_502' title='bbox 3751 3147 3953 3229; x_wconf 88' lang='lat' dir='ltr'>cogni-</span> 
     </span>
     <span class='ocr_line' id='line_1_73' title="bbox 2429 3252 3948 3336; baseline 0.002 -21"><span class='ocrx_word' id='word_1_503' title='bbox 2429 3253 2516 3316; x_wconf 90' lang='lat' dir='ltr'>tio</span> <span class='ocrx_word' id='word_1_504' title='bbox 2547 3253 2622 3315; x_wconf 85' lang='lat' dir='ltr'>fit</span> <span class='ocrx_word' id='word_1_505' title='bbox 2657 3270 2740 3314; x_wconf 83' lang='lat' dir='ltr'>ex</span> <span class='ocrx_word' id='word_1_506' title='bbox 2778 3252 3212 3334; x_wconf 73' lang='lat' dir='ltr'>praeexistenti</span> <span class='ocrx_word' id='word_1_507' title='bbox 3241 3253 3642 3334; x_wconf 84' lang='lat' dir='ltr'>cognitione,</span> <span class='ocrx_word' id='word_1_508' title='bbox 3673 3273 3823 3336; x_wconf 89' lang='lat' dir='ltr'>ergo</span> <span class='ocrx_word' id='word_1_509' title='bbox 3847 3273 3948 3318; x_wconf 91' lang='lat' dir='ltr'>ne·</span> 
     </span>
     <span class='ocr_line' id='line_1_74' title="bbox 2430 3358 3952 3445; baseline 0 -21"><span class='ocrx_word' id='word_1_510' title='bbox 2430 3360 2702 3424; x_wconf 89' lang='lat' dir='ltr'>cessario</span> <span class='ocrx_word' id='word_1_511' title='bbox 2725 3358 3196 3441; x_wconf 73' lang='lat' dir='ltr'>*intelligentia</span> <span class='ocrx_word' id='word_1_512' title='bbox 3226 3362 3559 3444; x_wconf 85' lang='lat' dir='ltr'>experitur</span> <span class='ocrx_word' id='word_1_513' title='bbox 3584 3364 3653 3427; x_wconf 89' lang='lat' dir='ltr'>in</span> <span class='ocrx_word' id='word_1_514' title='bbox 3679 3382 3765 3441; x_wconf 92' lang='lat' dir='ltr'>se,</span> <span class='ocrx_word' id='word_1_515' title='bbox 3795 3362 3952 3445; x_wconf 88' lang='lat' dir='ltr'>quod</span> 
     </span>
     <span class='ocr_line' id='line_1_75' title="bbox 2428 3466 3956 3551; baseline -0.001 -19"><span class='ocrx_word' id='word_1_516' title='bbox 2428 3468 2659 3532; x_wconf 88' lang='lat' dir='ltr'>habeat</span> <span class='ocrx_word' id='word_1_517' title='bbox 2696 3466 2949 3549; x_wconf 83' lang='lat' dir='ltr'>aliquod</span> <span class='ocrx_word' id='word_1_518' title='bbox 2989 3466 3240 3545; x_wconf 89' lang='lat' dir='ltr'>lumen,</span> <span class='ocrx_word' id='word_1_519' title='bbox 3284 3486 3399 3549; x_wconf 92' lang='lat' dir='ltr'>per</span> <span class='ocrx_word' id='word_1_520' title='bbox 3436 3469 3611 3551; x_wconf 94' lang='lat' dir='ltr'>quod</span> <span class='ocrx_word' id='word_1_521' title='bbox 3639 3472 3956 3551; x_wconf 86' lang='lat' dir='ltr'>cognoscat</span> 
     </span>
     <span class='ocr_line' id='line_1_76' title="bbox 2429 3571 3952 3660; baseline -0.001 -22"><span class='ocrx_word' id='word_1_522' title='bbox 2429 3575 2714 3657; x_wconf 91' lang='lat' dir='ltr'>primum</span> <span class='ocrx_word' id='word_1_523' title='bbox 2742 3590 2898 3636; x_wconf 87' lang='lat' dir='ltr'>esse.</span> <span class='ocrx_word' id='word_1_524' title='bbox 2941 3571 3042 3636; x_wconf 92' lang='lat' dir='ltr'>Sic</span> <span class='ocrx_word' id='word_1_525' title='bbox 3079 3573 3284 3653; x_wconf 88' lang='lat' dir='ltr'>igitur</span> <span class='ocrx_word' id='word_1_526' title='bbox 3318 3575 3420 3637; x_wconf 89' lang='lat' dir='ltr'>his</span> <span class='ocrx_word' id='word_1_527' title='bbox 3457 3575 3952 3660; x_wconf 69' lang='lat' dir='ltr'>praesuppositiS,</span> 
     </span>
     <span class='ocr_line' id='line_1_77' title="bbox 2431 3670 3957 3761; baseline -0.001 -14"><span class='ocrx_word' id='word_1_528' title='bbox 2431 3682 2792 3746; x_wconf 87' lang='lat' dir='ltr'>intellectus</span> <span class='ocrx_word' id='word_1_529' title='bbox 2818 3679 3148 3761; x_wconf 90' lang='lat' dir='ltr'>intelligit,</span> <span class='ocrx_word' id='word_1_530' title='bbox 3182 3684 3246 3745; x_wconf 90' lang='lat' dir='ltr'>et</span> <span class='ocrx_word' id='word_1_531' title='bbox 3275 3682 3434 3746; x_wconf 81' lang='lat' dir='ltr'>dicit</span> <span class='ocrx_word' id='word_1_532' title='bbox 3463 3704 3478 3745; x_wconf 74' lang='grc' dir='ltr'>ε</span> <span class='ocrx_word' id='word_1_533' title='bbox 3518 3683 3806 3748; x_wconf 91' lang='lat' dir='ltr'>Primum</span> <span class='ocrx_word' id='word_1_534' title='bbox 3823 3670 3957 3746; x_wconf 64' lang='lat' dir='ltr'>&#39;esse</span> 
     </span>
     <span class='ocr_line' id='line_1_78' title="bbox 2432 3791 3959 3874; baseline -0.003 -17"><span class='ocrx_word' id='word_1_535' title='bbox 2432 3793 2595 3857; x_wconf 90' lang='lat' dir='ltr'>nulli</span> <span class='ocrx_word' id='word_1_536' title='bbox 2624 3810 2776 3857; x_wconf 91' lang='lat' dir='ltr'>vere</span> <span class='ocrx_word' id='word_1_537' title='bbox 2805 3808 2942 3855; x_wconf 90' lang='lat' dir='ltr'>esse</span> <span class='ocrx_word' id='word_1_538' title='bbox 2969 3791 3287 3869; x_wconf 89' lang='lat' dir='ltr'>convenit,</span> <span class='ocrx_word' id='word_1_539' title='bbox 3322 3791 3445 3853; x_wconf 89' lang='lat' dir='ltr'>nisi</span> <span class='ocrx_word' id='word_1_540' title='bbox 3475 3793 3686 3874; x_wconf 89' lang='lat' dir='ltr'>primo</span> <span class='ocrx_word' id='word_1_541' title='bbox 3712 3811 3872 3856; x_wconf 90' lang='lat' dir='ltr'>esse:</span> <span class='ocrx_word' id='word_1_542' title='bbox 3903 3795 3959 3854; x_wconf 89' lang='lat' dir='ltr'>et</span> 
     </span>
     <span class='ocr_line' id='line_1_79' title="bbox 2432 3896 3956 3983; baseline -0.003 -20"><span class='ocrx_word' id='word_1_543' title='bbox 2432 3900 2513 3963; x_wconf 89' lang='lat' dir='ltr'>ab</span> <span class='ocrx_word' id='word_1_544' title='bbox 2542 3900 2681 3983; x_wconf 85' lang='lat' dir='ltr'>ipso</span> <span class='ocrx_word' id='word_1_545' title='bbox 2715 3898 2935 3962; x_wconf 90' lang='lat' dir='ltr'>omnia</span> <span class='ocrx_word' id='word_1_546' title='bbox 2961 3896 3198 3960; x_wconf 86' lang='lat' dir='ltr'>habent</span> <span class='ocrx_word' id='word_1_547' title='bbox 3224 3915 3392 3978; x_wconf 90' lang='lat' dir='ltr'>esse,</span> <span class='ocrx_word' id='word_1_548' title='bbox 3419 3901 3576 3981; x_wconf 90' lang='lat' dir='ltr'>quia</span> <span class='ocrx_word' id='word_1_549' title='bbox 3601 3899 3760 3963; x_wconf 91' lang='lat' dir='ltr'>nulli</span> <span class='ocrx_word' id='word_1_550' title='bbox 3787 3901 3956 3973; x_wconf 89' lang='lat' dir='ltr'>inest,</span> 
     </span>
     <span class='ocr_line' id='line_1_80' title="bbox 2433 4004 3960 4090; baseline -0.001 -20"><span class='ocrx_word' id='word_1_551' title='bbox 2433 4007 2556 4071; x_wconf 90' lang='lat' dir='ltr'>nisi</span> <span class='ocrx_word' id='word_1_552' title='bbox 2588 4006 2794 4089; x_wconf 88' lang='lat' dir='ltr'>primo</span> <span class='ocrx_word' id='word_1_553' title='bbox 2835 4023 2992 4068; x_wconf 88' lang='lat' dir='ltr'>esse.</span> <span class='ocrx_word' id='word_1_554' title='bbox 3039 4004 3344 4069; x_wconf 88' lang='lat' dir='ltr'>Similiter</span> <span class='ocrx_word' id='word_1_555' title='bbox 3377 4007 3651 4090; x_wconf 79' lang='lat' dir='ltr'>simplex</span> <span class='ocrx_word' id='word_1_556' title='bbox 3678 4025 3844 4086; x_wconf 82' lang='lat' dir='ltr'>esse,</span> <span class='ocrx_word' id='word_1_557' title='bbox 3873 4010 3960 4069; x_wconf 90' lang='lat' dir='ltr'>est</span> 
     </span>
     <span class='ocr_line' id='line_1_81' title="bbox 2425 4113 3958 4195; baseline -0.003 -17"><span class='ocrx_word' id='word_1_558' title='bbox 2425 4113 2798 4195; x_wconf 87' lang='lat' dir='ltr'>simpliciter</span> <span class='ocrx_word' id='word_1_559' title='bbox 2841 4113 3187 4195; x_wconf 80' lang='lat' dir='ltr'>perfectum</span> <span class='ocrx_word' id='word_1_560' title='bbox 3235 4129 3373 4176; x_wconf 89' lang='lat' dir='ltr'>esse</span> <span class='ocrx_word' id='word_1_561' title='bbox 3422 4135 3438 4176; x_wconf 90' lang='lat'><strong>:</strong></span> <span class='ocrx_word' id='word_1_562' title='bbox 3489 4131 3653 4194; x_wconf 84' lang='lat' dir='ltr'>ergo</span> <span class='ocrx_word' id='word_1_563' title='bbox 3706 4117 3799 4176; x_wconf 91' lang='lat' dir='ltr'>est</span> <span class='ocrx_word' id='word_1_564' title='bbox 3841 4129 3958 4194; x_wconf 90' lang='lat' dir='ltr'>quo</span> 
     </span>
     <span class='ocr_line' id='line_1_82' title="bbox 2434 4218 3961 4301; baseline -0.004 -15"><span class='ocrx_word' id='word_1_565' title='bbox 2434 4221 2599 4286; x_wconf 88' lang='lat' dir='ltr'>nihil</span> <span class='ocrx_word' id='word_1_566' title='bbox 2623 4220 3007 4301; x_wconf 86' lang='lat' dir='ltr'>intelligitur</span> <span class='ocrx_word' id='word_1_567' title='bbox 3032 4220 3286 4284; x_wconf 80' lang='lat' dir='ltr'>melius,</span> <span class='ocrx_word' id='word_1_568' title='bbox 3314 4218 3491 4284; x_wconf 91' lang='lat' dir='ltr'>Unde</span> <span class='ocrx_word' id='word_1_569' title='bbox 3516 4221 3684 4286; x_wconf 90' lang='lat' dir='ltr'>Deus</span> <span class='ocrx_word' id='word_1_570' title='bbox 3711 4239 3839 4284; x_wconf 92' lang='lat' dir='ltr'>non</span> <span class='ocrx_word' id='word_1_571' title='bbox 3864 4236 3961 4300; x_wconf 92' lang='lat' dir='ltr'>po-</span> 
     </span>
     <span class='ocr_line' id='line_1_83' title="bbox 2432 4325 3960 4410; baseline -0.003 -18"><span class='ocrx_word' id='word_1_572' title='bbox 2432 4333 2554 4392; x_wconf 89' lang='lat' dir='ltr'>test</span> <span class='ocrx_word' id='word_1_573' title='bbox 2581 4327 2847 4410; x_wconf 89' lang='lat' dir='ltr'>cogitari</span> <span class='ocrx_word' id='word_1_574' title='bbox 2871 4346 3003 4391; x_wconf 91' lang='lat' dir='ltr'>non</span> <span class='ocrx_word' id='word_1_575' title='bbox 3029 4345 3187 4405; x_wconf 89' lang='lat' dir='ltr'>esse,</span> <span class='ocrx_word' id='word_1_576' title='bbox 3220 4329 3295 4389; x_wconf 87' lang='lat' dir='ltr'>ut</span> <span class='ocrx_word' id='word_1_577' title='bbox 3322 4328 3550 4409; x_wconf 88' lang='lat' dir='ltr'>probat</span> <span class='ocrx_word' id='word_1_578' title='bbox 3573 4325 3960 4391; x_wconf 81' lang='lat' dir='ltr'>Anselmus‘.</span> 
     </span>
     <span class='ocr_line' id='line_1_84' title="bbox 2435 4435 3963 4519; baseline -0.003 -18"><span class='ocrx_word' id='word_1_579' title='bbox 2435 4436 2702 4514; x_wconf 84' lang='lat' dir='ltr'>Quando</span> <span class='ocrx_word' id='word_1_580' title='bbox 2729 4437 2943 4501; x_wconf 88' lang='lat' dir='ltr'>anima</span> <span class='ocrx_word' id='word_1_581' title='bbox 2978 4435 3145 4500; x_wconf 86' lang='lat' dir='ltr'>videt</span> <span class='ocrx_word' id='word_1_582' title='bbox 3171 4435 3292 4499; x_wconf 90' lang='lat' dir='ltr'>hoc</span> <span class='ocrx_word' id='word_1_583' title='bbox 3316 4435 3736 4517; x_wconf 80' lang='lat' dir='ltr'>familiariter,</span> <span class='ocrx_word' id='word_1_584' title='bbox 3766 4435 3963 4519; x_wconf 89' lang='lat' dir='ltr'>primo</span> 
     </span>
     <span class='ocr_line' id='line_1_85' title="bbox 2435 4542 3963 4624; baseline -0.002 -17"><span class='ocrx_word' id='word_1_585' title='bbox 2435 4543 2889 4623; x_wconf 87' lang='lat' dir='ltr'>ratiocinando,</span> <span class='ocrx_word' id='word_1_586' title='bbox 2922 4542 3198 4608; x_wconf 90' lang='lat' dir='ltr'>secundo</span> <span class='ocrx_word' id='word_1_587' title='bbox 3226 4543 3639 4624; x_wconf 83' lang='lat' dir='ltr'>experiendo,</span> <span class='ocrx_word' id='word_1_588' title='bbox 3667 4544 3848 4608; x_wconf 89' lang='lat' dir='ltr'>tertio</span> <span class='ocrx_word' id='word_1_589' title='bbox 3876 4542 3963 4604; x_wconf 91' lang='lat' dir='ltr'>in-</span> 
     </span>
     <span class='ocr_line' id='line_1_86' title="bbox 2435 4648 3966 4731; baseline -0.003 -16"><span class='ocrx_word' id='word_1_590' title='bbox 2435 4650 2810 4731; x_wconf 88' lang='lat' dir='ltr'>telligend0‚</span> <span class='ocrx_word' id='word_1_591' title='bbox 2852 4655 3005 4714; x_wconf 86' lang='lat' dir='ltr'>tunc</span> <span class='ocrx_word' id='word_1_592' title='bbox 3037 4649 3129 4712; x_wconf 90' lang='lat' dir='ltr'>ibi</span> <span class='ocrx_word' id='word_1_593' title='bbox 3171 4653 3378 4731; x_wconf 86' lang='lat' dir='ltr'>potest</span> <span class='ocrx_word' id='word_1_594' title='bbox 3418 4651 3763 4731; x_wconf 89' lang='lat' dir='ltr'>quiescere.</span> <span class='ocrx_word' id='word_1_595' title='bbox 3802 4648 3966 4714; x_wconf 82' lang='lat' dir='ltr'>Unde</span> 
     </span>
     <span class='ocr_line' id='line_1_87' title="bbox 2435 4756 3968 4840; baseline -0.003 -17"><span class='ocrx_word' id='word_1_596' title='bbox 2435 4758 2869 4823; x_wconf 87' lang='lat' dir='ltr'>ratiocinando</span> <span class='ocrx_word' id='word_1_597' title='bbox 2913 4757 3106 4820; x_wconf 82' lang='lat' dir='ltr'>infert</span> <span class='ocrx_word' id='word_1_598' title='bbox 3153 4775 3268 4838; x_wconf 90' lang='lat' dir='ltr'>per</span> <span class='ocrx_word' id='word_1_599' title='bbox 3310 4758 3725 4840; x_wconf 85' lang='lat' dir='ltr'>oppositum:</span> <span class='ocrx_word' id='word_1_600' title='bbox 3774 4756 3841 4823; x_wconf 89' lang='lat' dir='ltr'>Si</span> <span class='ocrx_word' id='word_1_601' title='bbox 3880 4759 3968 4820; x_wconf 91' lang='lat' dir='ltr'>est</span> 
     </span>
     <span class='ocr_line' id='line_1_88' title="bbox 2435 4862 3967 4949; baseline -0.003 -20"><span class='ocrx_word' id='word_1_602' title='bbox 2435 4866 2775 4949; x_wconf 77' lang='lat' dir='ltr'>posteriUS‚</span> <span class='ocrx_word' id='word_1_603' title='bbox 2806 4866 2899 4926; x_wconf 88' lang='lat' dir='ltr'>est</span> <span class='ocrx_word' id='word_1_604' title='bbox 2938 4863 3161 4945; x_wconf 86' lang='lat' dir='ltr'>prius:</span> <span class='ocrx_word' id='word_1_605' title='bbox 3198 4862 3253 4925; x_wconf 89' lang='lat' dir='ltr'>si</span> <span class='ocrx_word' id='word_1_606' title='bbox 3284 4867 3378 4926; x_wconf 89' lang='lat' dir='ltr'>est</span> <span class='ocrx_word' id='word_1_607' title='bbox 3405 4865 3851 4947; x_wconf 89' lang='lat' dir='ltr'>compositum,</span> <span class='ocrx_word' id='word_1_608' title='bbox 3880 4863 3967 4926; x_wconf 87' lang='lat' dir='ltr'>est</span> 
     </span>
     <span class='ocr_line' id='line_1_89' title="bbox 2437 4970 3967 5056; baseline -0.003 -19"><span class='ocrx_word' id='word_1_609' title='bbox 2437 4973 2732 5056; x_wconf 83' lang='lat' dir='ltr'>simplex.</span> <span class='ocrx_word' id='word_1_610' title='bbox 2765 4970 3380 5053; x_wconf 78' lang='lat' dir='ltr'>Experimentaliter‚</span> <span class='ocrx_word' id='word_1_611' title='bbox 3408 4973 3564 5053; x_wconf 88' lang='lat' dir='ltr'>quia</span> <span class='ocrx_word' id='word_1_612' title='bbox 3592 4972 3967 5055; x_wconf 85' lang='lat' dir='ltr'>privationes</span> 
     </span>
     <span class='ocr_line' id='line_1_90' title="bbox 2437 5079 3963 5163; baseline -0.005 -18"><span class='ocrx_word' id='word_1_613' title='bbox 2437 5100 2570 5146; x_wconf 95' lang='lat' dir='ltr'>non</span> <span class='ocrx_word' id='word_1_614' title='bbox 2599 5082 3092 5161; x_wconf 86' lang='lat' dir='ltr'>cognoscuntur,</span> <span class='ocrx_word' id='word_1_615' title='bbox 3122 5079 3243 5143; x_wconf 89' lang='lat' dir='ltr'>nisi</span> <span class='ocrx_word' id='word_1_616' title='bbox 3277 5081 3348 5143; x_wconf 90' lang='lat' dir='ltr'>in</span> <span class='ocrx_word' id='word_1_617' title='bbox 3381 5080 3695 5163; x_wconf 87' lang='lat' dir='ltr'>positione</span> <span class='ocrx_word' id='word_1_618' title='bbox 3722 5093 3963 5144; x_wconf 82' lang='lat' dir='ltr'>causae:</span> 
     </span>
    </p>
   </div>
   <div class='ocr_carea' id='block_1_6' title="bbox 2437 5247 3966 5374">
    <p class='ocr_par' dir='ltr' id='par_1_12' title="bbox 2437 5247 3966 5374">
     <span class='ocr_line' id='line_1_91' title="bbox 2438 5247 3966 5318; baseline -0.003 -16"><span class='ocrx_word' id='word_1_619' title='bbox 2438 5277 2500 5289; x_wconf 91' lang='lat'>—</span> <span class='ocrx_word' id='word_1_620' title='bbox 2525 5252 2547 5286; x_wconf 58' lang='grc' dir='ltr'><strong>ὅ</strong></span> <span class='ocrx_word' id='word_1_621' title='bbox 2570 5251 2664 5314; x_wconf 90' lang='lat' dir='ltr'>ld.,</span> <span class='ocrx_word' id='word_1_622' title='bbox 2693 5250 2907 5315; x_wconf 57' lang='lat' dir='ltr'>Postea,</span> <span class='ocrx_word' id='word_1_623' title='bbox 2931 5250 3019 5300; x_wconf 87' lang='lat' dir='ltr'>lib.</span> <span class='ocrx_word' id='word_1_624' title='bbox 3045 5250 3085 5315; x_wconf 90' lang='lat'>1,</span> <span class='ocrx_word' id='word_1_625' title='bbox 3112 5253 3239 5302; x_wconf 85' lang='lat' dir='ltr'>text.</span> <span class='ocrx_word' id='word_1_626' title='bbox 3262 5253 3308 5302; x_wconf 84' lang='lat'>1.</span> <span class='ocrx_word' id='word_1_627' title='bbox 3335 5275 3395 5288; x_wconf 90' lang='lat'>—</span> <span class='ocrx_word' id='word_1_628' title='bbox 3421 5251 3710 5318; x_wconf 62' lang='lat' dir='ltr'>⁸Anselm„</span> <span class='ocrx_word' id='word_1_629' title='bbox 3737 5247 3966 5311; x_wconf 51' lang='lat' dir='ltr'>Prot-loq„</span> 
     </span>
     <span class='ocr_line' id='line_1_92' title="bbox 2437 5325 2808 5374; baseline -0.003 0"><span class='ocrx_word' id='word_1_630' title='bbox 2437 5338 2483 5374; x_wconf 85' lang='lat' dir='ltr'>e.</span> <span class='ocrx_word' id='word_1_631' title='bbox 2512 5334 2571 5374; x_wconf 85' lang='lat'>111</span> <span class='ocrx_word' id='word_1_632' title='bbox 2601 5325 2654 5373; x_wconf 81' lang='lat' dir='ltr'>et</span> <span class='ocrx_word' id='word_1_633' title='bbox 2679 5334 2808 5373; x_wconf 85' lang='lat' dir='ltr'>xxu.</span> 
     </span>
    </p>
   </div>
   <div class='ocr_carea' id='block_1_7' title="bbox 2501 5422 3159 5488">
    <p class='ocr_par' dir='ltr' id='par_1_13' title="bbox 2501 5422 3159 5488">
     <span class='ocr_line' id='line_1_93' title="bbox 2501 5422 3159 5488; baseline 0.003 -14"><span class='ocrx_word' id='word_1_634' title='bbox 2501 5423 2569 5488; x_wconf 87' lang='grc' dir='ltr'>(α)</span> <span class='ocrx_word' id='word_1_635' title='bbox 2602 5425 2718 5475; x_wconf 79' lang='lat' dir='ltr'>caet.</span> <span class='ocrx_word' id='word_1_636' title='bbox 2747 5422 2872 5474; x_wconf 77' lang='lat' dir='ltr'>edit.</span> <span class='ocrx_word' id='word_1_637' title='bbox 2901 5422 3159 5476; x_wconf 81' lang='lat' dir='ltr'>dicuntur.</span> 
     </span>
    </p>
   </div>
  </div>
 </body>
</html>
